2784 4392
522 328 654 373 nv·
684 343 767 357 —
791 329 1032 374 comas
1073 332 1285 375 meae.
1334 332 1439 376 nm
1481 333 1655 376 cum.
1704 332 1781 377 nr
1820 335 2026 378 Reme.
2167 313 2287 394 123

269 438 378 507 Qui
404 440 721 512 furabatur,
761 443 880 515 jam
927 460 1032 499 non
1080 444 1321 516 furetur,
1349 446 1521 518 mayis
1570 453 1747 503 autem
1794 447 1992 505 laboret
2020 446 2286 519 operando

269 530 514 584 ’naitibus
540 530 652 585 suis
679 548 697 587 .·
729 532 787 585 in
818 548 926 604 quo
957 541 1181 605 apparet
1212 536 1357 606 quod
1395 534 1636 590 laborem
1668 552 1924 591 manuum
1955 536 2181 608 imponit
2212 535 2282 591 ad

216 694 223 703 ι
269 618 474 674 furtum
501 619 806 687 vitandum,
844 621 923 676 eis
959 608 1178 677 'scilicet
1205 623 1304 695 qui
1343 640 1374 679 a
1425 640 1683 680 manuum
1724 624 1907 680 labore
1952 624 2287 680 abstinentes

272 712 389 761 tum
409 708 460 762 in
478 707 621 763 furto
635 710 975 781 quaerebant.
991 711 1258 778 Secundo,
1278 711 1379 767 hoc
1393 713 1570 783 ipsum
1588 713 1845 785 praecepit
1864 714 1905 767 1.
1925 713 2171 777 Tlies.1v‚
2195 713 2282 778 tt,

271 796 363 850 ubi
393 795 528 851 dicit
561 814 574 850 ε
620 797 926 869 operemini
953 799 1199 855 manibus
1239 801 1451 867 vestris,
1482 801 1620 858 sicut
1665 802 2005 874 praecepimus
2043 802 2204 866 vobis,
2236 808 2285 857 et

271 892 330 941 ut
361 886 569 942 honeste
598 886 874 943 ambuletis
901 887 972 942 ad
1005 904 1088 943 eos
1115 888 1207 959 qui
1234 889 1374 961 foris
1416 896 1562 955 sunt,
1589 896 1640 946 et
1667 891 1869 945 arellius
1894 890 2105 962 aliquid
2140 890 2287 945 dest&

271 974 470 1031 deretis
506 992 524 1031 .·
557 975 611 1030 in
635 990 744 1048 quo
776 976 1015 1032 laborem
1045 992 1301 1033 manuum
1346 978 1544 1034 indixit
1574 979 1640 1033 ad
1674 979 1951 1035 vitandam
1989 978 2285 1050 concupis·

272 1064 510 1119 centiam
549 1064 848 1120 alienarum
880 1082 1080 1132 rerum,
1132 1066 1278 1137 quod
1310 1073 1392 1121 est
1425 1067 1626 1122 furtum
1666 1067 1924 1123 mentale.
1969 1068 2173 1131 Terti0‚
2216 1068 2283 1122 de

273 1168 382 1224 quo
423 1152 661 1225 loquitur
690 1155 753 1218 ΙΙ,
789 1154 977 1214 Thess,
1012 1170 1099 1219 111,
1133 1156 1220 1221 ⁴0,
1257 1154 1346 1209 ubi
1377 1156 1458 1211 sic
1486 1156 1621 1211 dicit
1652 1174 1665 1211 ε
1712 1156 1844 1213 Cum
1876 1173 2099 1212 essemus
2142 1156 2285 1227 apud

272 1258 379 1305 vos,
417 1242 509 1295 hoc
543 1242 984 1298 denzunttabamus
1012 1243 1171 1308 vobis,
1217 1243 1465 1315 quoniam
1506 1245 1553 1299 si
1592 1245 1709 1317 quis
1738 1262 1842 1300 uon
1883 1245 1996 1300 vult
2038 1244 2282 1315 operari,

273 1345 365 1383 uec
400 1330 699 1386 manducet.
745 1331 1066 1387 Audivimus
1107 1333 1248 1388 enim
1287 1333 1433 1388 inter
1480 1350 1566 1389 vos
1610 1320 1859 1406 quosdam
1906 1333 2178 1389 ambulare
2224 1334 2285 1387 in

273 1418 461 1489 quiete,
507 1419 644 1474 uiltil
671 1427 964 1490 operantes,
1003 1420 1090 1475 sed
1129 1422 1333 1476 curiose
1363 1429 1572 1491 aqentes
1601 1440 1619 1478 .·
1648 1422 1843 1479 Glossa
1878 1438 1890 1475 ε
1926 1444 1951 1474 α
1995 1422 2097 1491 Qui
2139 1420 2285 1477 soeda

275 1523 404 1563 cura
435 1509 738 1563 necessaria
764 1508 867 1563 sibi
894 1509 1198 1580 provident.
1233 1529 1258 1560 n
1283 1510 1384 1565 His
1411 1517 1588 1566 autem
1612 1512 1705 1582 qui
1729 1509 1984 1582 ejusmodi
2009 1517 2154 1573 suut,
2185 1510 2284 1563 de-

274 1596 585 1651 nuntiamus
621 1603 672 1652 et
697 1596 1024 1653 obsecramus
1066 1598 1124 1653 in
1169 1598 1395 1652 Domino
1419 1598 1546 1653 Jesu
1574 1598 1807 1662 Christo,
1839 1605 1900 1653 ut
1929 1614 2045 1653 cum
2071 1596 2283 1652 silentio

273 1692 569 1755 operantes,
603 1701 758 1741 suum
809 1702 999 1758 panem
1037 1686 1373 1741 inanducent.
1408 1687 1469 1741 ln
1506 1701 1615 1759 quo
1652 1693 1804 1759 patet
1850 1686 1994 1759 quod
2044 1684 2285 1740 laborem

276 1788 536 1828 manuum
562 1774 789 1846 imponit
811 1774 934 1841 illis,
962 1776 1053 1847 qui
1081 1774 1322 1831 laborem
1345 1790 1601 1831 manuum
1626 1775 1913 1846 fugienteS,
1942 1790 2008 1829 ex
2036 1771 2284 1846 turpibus

273 1863 507 1932 negotiis
532 1862 735 1918 victum
771 1862 871 1917 sibi
903 1862 1280 1935 acquirebant.
1312 1865 1403 1920 Sic
1439 1880 1569 1935 ergo
1604 1869 1755 1936 patet
1784 1863 1927 1937 quod
1961 1861 2197 1934 religiosi
2228 1868 2284 1916 et

277 1950 583 2017 saeculares,
631 1952 724 2025 qui
767 1952 986 2009 etsine
1033 1952 1197 2018 surt0,
1245 1959 1298 2007 et
1345 1951 1464 2008 sine
1504 1952 1946 2024 concupiscentia
1981 1951 2281 2007 alienarum

275 2057 476 2107 rerum,
520 2048 615 2096 aut
655 2042 772 2097 sine
820 2043 964 2113 turpi
1007 2058 1139 2098 cura
1169 2043 1374 2097 victum
1406 2042 1605 2097 habere
1637 2048 1861 2114 possunt
1903 2042 2283 2113 undecumque

273 2146 343 2185 ex
364 2136 635 2203 praecepto
659 2130 904 2201 Apostoli
937 2129 1183 2187 laborare
1213 2147 1318 2186 nou
1351 2139 1625 2187 tenentur.

344 2218 604 2273 Similiter
633 2234 732 2273 nec
755 2234 821 2273 ex
847 2226 1118 2290 praecepto
1143 2218 1479 2289 Augustinus
1508 2221 1559 2274 in
1587 2219 1722 2275 libro
1746 2219 1823 2275 De
1840 2235 1995 2291 opere
2016 2219 2279 2285 monach„

275 2322 399 2363 cum
431 2324 536 2363 non
562 2307 786 2363 inducat
812 2308 913 2363 nisi
944 2302 1012 2362 a'd
1043 2307 1749 2379 observandumpraecepta
1778 2307 2096 2380 apostolica,
2140 2306 2281 2363 sicut

276 2403 427 2468 patet
451 2396 756 2468 inspicienti
786 2395 1076 2467 diligenter
1102 2395 1267 2451 verba
1292 2397 1430 2467 ejus.
1465 2396 1603 2466 Ergo
1630 2411 1735 2451 non
1763 2402 2017 2451 tenentur
2041 2395 2280 2466 religiosi

275 2482 524 2539 manibus
551 2483 796 2539 laborare
827 2484 928 2538 nisi
957 2484 1011 2538 in
1042 2498 1192 2542 casu.

346 2574 502 2627 ltem.
531 2572 610 2627 llli
633 2572 727 2645 qui
753 2572 952 2627 babent
972 2571 1106 2627 alias
1134 2572 1274 2627 unde
1300 2570 1489 2627 vivant
1510 2586 1675 2643 quam
1696 2569 1765 2625 do
1791 2569 1973 2626 laboro
2000 2586 2278 2639 manuum,

273 2677 383 2717 non
414 2668 664 2717 tenentur
694 2662 942 2717 manibus
975 2662 1190 2734 operari
1229 2677 1242 2716 ε
1277 2660 1519 2735 alioquin
1549 2676 1738 2715 omnes
1766 2659 1984 2725 diviteS,
2017 2666 2072 2714 et
2096 2676 2282 2715 omnes

275 2751 479 2817 clerici,
523 2758 577 2806 et
617 2750 738 2806 laici
790 2752 882 2825 qui
933 2767 1035 2806 nou
1089 2751 1357 2816 laborant,
1405 2758 1587 2806 essent
1617 2750 1673 2805 in
1701 2756 1849 2806 statu
1892 2749 2278 2815 damnationis,

275 2839 420 2912 quod
442 2848 523 2897 est
545 2839 858 2895 absurdum.
883 2840 986 2896 Sed
1014 2840 1180 2911 aliqui
1209 2838 1445 2911 religiosi
1472 2846 1598 2895 sunt
1627 2839 1719 2912 qui
1748 2838 1949 2895 habent
1979 2839 2117 2894 unde
2147 2839 2283 2895 alias

277 2929 482 2995 vivant,
515 2945 680 3001 quam
709 2930 776 2983 de
824 2928 1006 2984 labore
1053 2945 1328 2993 manuum,
1363 2928 1491 3001 quia
1524 2927 1721 2984 habent
1752 2920 2120 3001 possessiones
2157 2944 2281 3001 quae

275 3018 343 3074 ad
367 3034 551 3073 eorum
579 3018 748 3073 vitam
773 3017 1184 3073 sustentandam
1213 3032 1242 3072 a
1271 3017 1518 3071 fidelibus
1539 3016 1753 3073 collalae
1778 3024 1923 3083 sunt,
1970 3016 2053 3070 vel
2080 3016 2282 3072 habent

273 3106 633 3162 ministerium
657 3105 1063 3177 praedicationis
1090 3105 1190 3160 sibi
1212 3105 1583 3171 commissum,
1608 3106 1675 3161 de
1696 3122 1804 3179 quo
1828 3107 2009 3161 vivere
2032 3111 2280 3176 possunt.

272 3196 314 3251 1.
345 3196 410 3251 ad
443 3198 565 3251 Cor.
601 3212 680 3259 tx,
711 3196 776 3249 14
811 3211 822 3249 :
865 3193 1125 3250 Dominus
1152 3194 1427 3249 ordinavit
1469 3194 1549 3248 Itis
1590 3192 1682 3266 qui
1707 3193 2034 3264 evauqelium
2061 3209 2281 3271 aunun-

270 3285 435 3347 tiant,
465 3284 526 3337 de
569 3284 858 3353 Evanyelio
885 3284 1081 3339 viuere.
1122 3283 1315 3339 Glossa
1348 3300 1360 3335 ε
1395 3304 1421 3334 «
1456 3284 1544 3338 Sic
1592 3283 1851 3336 Dominus
1882 3280 2281 3337 rationabiliter

269 3372 514 3442 disponit
550 3370 618 3425 de
649 3372 1116 3441 praedicatoribus,
1156 3378 1215 3427 ut
1243 3371 1588 3443 expeditores
1615 3370 1725 3426 sint
1766 3369 1831 3425 ad
1873 3368 2281 3441 praedicandum

269 3460 498 3518 verbum
537 3458 635 3511 Dei
668 3474 681 3511 τ
719 3478 746 3509 »
774 3460 914 3515 unde
945 3477 1048 3520 non
1088 3466 1269 3531 potest
1298 3459 1427 3524 dici,
1461 3457 1604 3531 quod
1640 3459 1741 3512 hoc
1772 3455 2182 3526 intelligendum
2211 3458 2282 3513 sit

271 3548 446 3604 solum
470 3547 537 3601 de
575 3546 832 3617 praelatis,
867 3546 1064 3618 quibus
1089 3563 1154 3601 ex
1185 3546 1515 3601 auctoritate
1549 3544 1824 3598 ordinaria
1855 3543 2155 3615 praedicare
2191 3544 2281 3598 in-

271 3636 496 3697 cumbit,
539 3636 668 3709 quia
719 3642 830 3689 tam
877 3635 1040 3705 ipsos,
1089 3650 1252 3706 quam
1291 3633 1428 3688 alios
1459 3647 1830 3704 quoscumque
1862 3632 1954 3704 qui
1999 3647 2063 3685 cx
2093 3646 2281 3704 eorum

272 3726 652 3782 commissione
683 3724 983 3796 praedicant
1025 3730 1240 3794 oportet
1271 3721 1555 3794 expeditos
1596 3736 1715 3776 esse
1758 3721 1824 3775 ad
1872 3720 2279 3793 praedicandum

273 3816 496 3870 terbum
531 3814 644 3881 Dei,
681 3814 820 3869 inter
845 3830 982 3887 quos
1018 3819 1244 3886 possunt
1274 3827 1392 3867 esse
1424 3805 1681 3881 religiosi,
1714 3810 1855 3865 sicut
1892 3826 2051 3881 supra
2079 3810 2283 3881 proba-

274 3914 390 3961 tum
413 3912 516 3961 est.
543 3904 804 3961 Similiter
834 3903 1002 3977 aliqui
1034 3900 1269 3975 religiosi
1299 3908 1444 3973 sunt,
1472 3900 1566 3974 qui
1595 3899 1853 3958 Ecclesiae
1882 3898 2197 3960 deserviunt
2224 3897 2279 3952 in
