2784 4392
45 2 427 293 s
459 252 543 320 52
936 268 993 317 s.
1036 267 1270 315 ranam
1305 266 1641 321 neuma-ns
1676 268 1990 317 ornacum

403 416 408 423 v
461 388 632 465 Papa,
665 384 761 463 qui
799 392 860 447 ut
895 385 1126 447 habetur
1161 402 1268 454 κη,
1301 392 1497 461 quaest.
1530 388 1581 455 l,
1616 386 1789 443 dicit:
1826 406 1852 439 α
1880 386 2145 446 Futuram
2173 388 2478 448 Ecclesiam

459 474 520 536 in
560 476 814 551 gentibus
857 475 1103 551 Apostoli
1143 475 1529 550 praeviderant,
1574 474 1780 532 idcirco
1821 474 2031 550 praedia
2061 477 2116 535 in
2146 476 2336 537 Judaea
2364 479 2477 537 mi·-

461 565 610 625 nime
651 571 778 623 sunt
818 564 1021 639 adepti,
1053 565 1151 623 sed
1175 564 1368 639 praetia
1407 564 1781 622 tantummodo
1819 564 1889 623 ad
1924 562 2187 624 fovendos
2228 577 2472 641 egentes.

351 711 356 717 .
462 658 538 715 At
561 670 690 713 vero
708 671 832 712 cum
849 654 991 712 inter
1011 652 1254 710 turbines
1273 658 1328 709 et
1351 652 1583 711 adversa
1606 650 1794 711 mundi
1814 660 2185 712 succresceret
2204 654 2470 723 Ecclesia,

463 743 536 801 ad
563 741 667 802 hoc
711 760 882 819 usque
919 742 1186 818 pervenit,
1221 749 1281 799 ut
1309 757 1417 799 non
1457 740 1632 799 solum
1662 750 1871 815 gentes,
1914 744 2011 825 sed
2042 744 2213 801 etiam
2238 742 2473 802 Romani

464 832 756 911 principes,
785 831 880 907 qui
910 832 1080 889 totius
1103 830 1250 889 orbis
1278 828 1650 889 monarchiam
1680 828 1958 899 tenebant,
1986 832 2056 889 ad
2082 830 2245 889 fldem
2272 830 2473 890 Christi

463 928 520 979 et
546 920 803 994 baptismi
822 926 1166 981 sacramenta
1187 926 1593 988 concurrerent,
1621 934 1688 976 ex
1707 921 1905 995 quibus
1928 920 2009 976 vir
2032 919 2473 993 religiosissimus

465 1010 854 1071 Constantinus
895 1010 1101 1084 primus
1125 1008 1405 1067 licentiam
1435 1008 1588 1066 dedit
1616 1024 1723 1067 non
1755 1008 1932 1068 solum
1964 1008 2081 1068 fieri
2110 1008 2467 1081 ChristianOS,

463 1099 560 1159 sed
583 1099 748 1155 etiam
766 1098 1064 1165 fabricandi
1094 1098 1385 1167 Ecclesiae,
1406 1107 1458 1155 et
1486 1096 1695 1174 praedia
1713 1100 2001 1157 constituit
2029 1096 2337 1157 tribuenda.
2361 1119 2388 1153 n
2404 1100 2473 1158 Et

461 1184 522 1247 in
549 1188 798 1263 sequenti
829 1188 1006 1265 capite
1029 1188 1162 1261 dicit
1188 1187 1439 1247 Urbanus
1468 1188 1612 1262 Papa
1648 1204 1661 1243 z
1694 1207 1719 1240 α
1764 1186 2025 1245 Videntes
2052 1188 2253 1246 summi
2284 1204 2469 1246 sacer-

463 1278 642 1347 dotes,
666 1284 720 1332 et
749 1277 862 1342 alii,
895 1282 1061 1353 atque
1102 1275 1304 1347 levitae,
1343 1282 1399 1332 et
1434 1276 1629 1349 reliqui
1654 1275 1841 1333 fideles
1866 1274 1988 1350 plus
2019 1276 2277 1333 utilitatis
2312 1294 2471 1350 possa

463 1366 730 1434 conferre,
758 1366 804 1427 si
833 1364 1180 1423 hoereditates
1199 1371 1256 1422 et
1279 1382 1440 1439 agros
1464 1380 1600 1442 quos
1620 1365 1946 1431 vendebant,
1974 1364 2233 1423 Ecclesiis
2270 1367 2469 1443 quibus

461 1448 826 1531 praesidebant
840 1454 1090 1531 Episcopi
1109 1454 1470 1525 traderentur,
1490 1468 1553 1512 eo
1573 1452 1719 1531 quod
1736 1470 1803 1511 ex
1830 1452 2137 1529 sumptibus
2154 1471 2341 1513 eorum
2357 1462 2467 1520 tam

460 1542 822 1621 praesentibus
850 1561 1015 1621 quam
1063 1542 1260 1603 futuris
1299 1543 1635 1619 temporibus
1676 1540 1833 1619 plura
1864 1551 1921 1600 et
1959 1542 2218 1601 electiora
2247 1554 2469 1619 possent

461 1632 774 1693 ministrare
793 1632 1042 1691 fidelibus
1059 1628 1407 1693 communem
1429 1632 1599 1689 vitam
1624 1630 1969 1703 ducentibus„
1996 1647 2162 1707 quam
2184 1649 2252 1690 ex
2277 1634 2469 1707 praetio

461 1738 672 1790 eornm,
698 1728 980 1797 coeperunt
1010 1720 1217 1797 praedia
1249 1727 1306 1778 et
1334 1737 1520 1793 agros,
1547 1736 1685 1796 quos
1708 1719 1943 1778 vendere
1970 1719 2239 1791 solebant,
2272 1724 2469 1782 matri-

463 1810 625 1871 cibus
654 1810 913 1867 Ecclesiis
943 1809 1177 1877 tradere,
1201 1814 1347 1866 etex
1370 1809 1679 1881 sumptibus
1708 1823 1897 1866 eorum
1921 1807 2125 1866 vivere.
2157 1828 2183 1862 n

465 1968 472 1975 ἢ
531 1898 613 1955 Ex
653 1896 738 1957 his
774 1912 904 1970 ergo
935 1896 1151 1955 videtur
1185 1896 1332 1971 quod
1363 1895 1557 1953 melius
1591 1899 1666 1953 sit
1702 1898 2073 1972 possessiones
2110 1897 2167 1955 in
2194 1900 2468 1961 communi

461 1986 684 2055 habere,
713 2000 878 2061 quam
906 1984 1013 2045 alia
1043 1983 1264 2042 mobilia
1296 1984 1366 2041 ad
1397 1984 1603 2043 victum
1628 1986 1976 2061 pertinentia,
2007 1994 2064 2045 et
2090 1988 2236 2062 quod
2266 1986 2320 2044 in
2352 1988 2469 2061 pri-

463 2077 658 2136 mitiva
681 2074 924 2132 Ecclesia
967 2073 1174 2150 praedia
1212 2070 1606 2141 vendebantur,
1640 2090 1747 2131 non
1789 2074 1921 2151 quia
1946 2074 2051 2133 hoc
2078 2083 2223 2135 esset
2250 2076 2463 2147 melius,

462 2164 561 2225 sed
585 2162 717 2243 quia
743 2163 1120 2239 praevidebant
1143 2161 1411 2238 Apostoli}
1439 2162 1581 2237 quod
1612 2164 1754 2235 apud
1781 2164 2001 2223 Judaeos
2026 2164 2271 2224 Ecclesia
2297 2166 2469 2224 dura-

463 2260 588 2313 tura
616 2268 723 2311 non
746 2258 865 2311 erat
895 2252 1098 2327 partim
1132 2258 1360 2326 propter
1397 2248 1794 2323 infidelitatem,
1834 2252 2042 2329 partim
2066 2262 2287 2331 propter
2316 2254 2467 2313 exci-

464 2342 616 2403 dium
641 2342 787 2417 quod
816 2340 896 2403 eis
919 2340 1256 2401 imminebat.
1586 2384 1590 2392 .

465 2487 471 2495 ,
532 2430 638 2491 Sed
670 2432 717 2491 si
747 2431 869 2507 quis
904 2439 1052 2491 recte
1075 2429 1403 2495 consideret,
1432 2428 1552 2491 haec
1576 2428 1873 2509 praemissia
1900 2446 2009 2489 non
2038 2432 2464 2495 contrariantur.

459 2518 704 2583 Ecclesia
728 2521 872 2581 enim
901 2522 956 2580 in
981 2520 1064 2579 sui
1086 2520 1382 2596 primordio
1411 2519 1468 2577 in
1492 2518 1743 2577 omnibus
1766 2521 1879 2579 suis
1906 2520 2169 2579 membris
2192 2522 2317 2580 talis
2341 2522 2462 2594 mit,

463 2610 642 2682 qualis
682 2601 1029 2684 postmodum
1064 2608 1232 2669 fuisse
1260 2609 1406 2684 apud
1449 2606 1719 2683 perfectos
1760 2600 2133 2685 quoscumque
2169 2611 2465 2672 invenitur.

461 2697 554 2757 Sic
579 2698 722 2756 enim
747 2704 962 2767 natura,
989 2698 1070 2755 sic
1093 2703 1150 2753 et
1171 2697 1349 2771 gratia
1369 2695 1557 2753 debuit
1580 2712 1613 2755 a
1643 2694 1899 2771 perfectis
1925 2697 2142 2755 initium
2168 2698 2461 2770 assumere,

464 2793 522 2843 et
550 2786 672 2843 ideo
701 2786 944 2857 Apostoli
969 2785 1268 2843 secundum
1293 2784 1446 2843 illum
1474 2793 1679 2843 statum
1708 2786 1948 2843 fidelium
1973 2786 2143 2845 vitam
2173 2788 2468 2851 ordinave-

461 2881 592 2931 runt
621 2873 939 2947 perfectioni
981 2874 1393 2932 convenientem
1438 2891 1453 2931 ε
1496 2874 1639 2931 unde
1679 2874 1815 2932 dicit
1854 2876 2217 2950 Hieronymus
2246 2876 2299 2933 in
2332 2875 2465 2935 libro

462 2962 546 3020 De
569 2956 868 3020 illustribus
886 2958 1026 3019 viris
1047 2978 1069 3021 .·
1101 2982 1127 3016 α
1155 2964 1397 3037 Apparet
1426 2962 1590 3021 talem
1620 2962 1851 3036 primam
1888 2962 2102 3021 Christo
2125 2965 2465 3023 credentium

461 3050 631 3111 fuisse
671 3050 988 3118 Ecclesiam,
1021 3050 1210 3128 quales
1247 3067 1390 3108 nunc
1420 3052 1670 3109 monachi
1700 3066 1821 3109 esse
1848 3052 2094 3110 nituntur
2123 3058 2180 3109 et
2217 3055 2460 3129 cupiunt,

463 3147 526 3201 ut
555 3140 686 3197 nihil
724 3141 1046 3215 cujusquam
1088 3140 1366 3215 proprium
1393 3142 1486 3209 sit,
1534 3140 1711 3219 nullus
1755 3140 1897 3198 inter
1938 3156 2031 3197 eos
2070 3140 2243 3213 dives,
2289 3142 2466 3201 nulius

460 3246 688 3307 pauper,
717 3230 1044 3307 patrimonia
1069 3230 1354 3301 egentibus
1377 3226 1710 3297 dividantur,
1734 3228 1967 3287 orationi
1988 3237 2212 3287 vacetur
2236 3238 2291 3288 et
2318 3232 2465 3307 psai-

459 3321 585 3386 mis‚
613 3314 878 3377 doctrinae
911 3333 1128 3393 quoque
1151 3325 1206 3373 et
1231 3316 1601 3375 continentiae.
1633 3337 1658 3369 »
1686 3316 1786 3373 Hic
1819 3324 2003 3393 autem
2026 3318 2219 3376 modus
2249 3320 2465 3378 vivendi
2570 3372 2575 3375 .

459 3404 782 3483 perfectioni
802 3420 1076 3477 congruus
1096 3401 1198 3459 fuit
1218 3404 1362 3477 apud
1385 3405 1587 3477 primos
1606 3404 1909 3469 credentes,
1939 3418 2043 3460 non
2070 3405 2246 3461 solnm
2277 3407 2467 3465 iudaea

461 3492 884 3571 subApostolis,
924 3490 1022 3551 sed
1051 3490 1216 3549 etiam
1255 3492 1398 3565 apud
1428 3492 1721 3567 AEgyptum
1758 3492 1859 3548 sub
1888 3494 2065 3550 Marco
2095 3494 2463 3566 Evangelista,

461 3592 526 3642 ut
548 3585 748 3641 ibidem
777 3584 1142 3659 Hieronymus
1177 3579 1333 3655 dicit,
1372 3588 1430 3639 et
1462 3582 1603 3641 sicut
1634 3580 1689 3638 in
1741 3580 1833 3637 lib.
1862 3582 1909 3637 11
1946 3580 2327 3640 Ecclesiasticae
2352 3572 2470 3642 his-

463 3672 620 3735 torice
647 3679 924 3731 narratur.
2097 3739 2102 3744 ,
2192 3694 2196 3699 ·

535 3762 799 3818 Processu
825 3772 954 3835 vero
981 3760 1264 3834 temporis,
1291 3754 1451 3817 multi
1482 3757 1542 3815 in·
1564 3756 1864 3815 Ecclesiam
1892 3764 2049 3817 erant
2074 3759 2354 3829 intraturi,
2374 3762 2468 3835 qui

456 3847 537 3920 ab
563 3848 668 3921 1⁸³9
689 3846 1020 3933 perfectione
1037 3846 1352 3917 deficerent,
1368 3846 1511 3920 qnod
1537 3861 1650 3907 non
1678 3851 1797 3909 erat
1820 3846 2064 3909 futurum
2090 3855 2217 3906 ante
2244 3848 2470 3913 ‹ludaeo-
