2784 4392
580 242 712 289 xiv.
745 258 824 273 —
851 242 1090 288 comm
1128 244 1344 290 meua.
1389 244 1493 291 nm
1534 244 1713 291 cum.
1751 244 1828 290 Εἰ·
1867 246 2075 290 Reme.
2245 228 2330 290 ⁸15

330 358 540 415 scilicet
567 359 755 415 mundi
780 359 1088 417 actionibus
1107 374 1216 417 non
1245 370 1606 434 occupentur:
1624 362 1764 418 unde
1794 368 1855 419 et.
1875 361 2081 418 suntin
2101 361 2321 428 mundo,

328 448 384 503 in
415 454 680 522 quantum
705 448 867 504 rebus
895 449 1080 504 mundi
1107 457 1354 517 utuntur,
1383 458 1440 506 et
1468 466 1577 506 non
1618 458 1745 507 sunt
1767 457 1895 507 sunt
1926 450 1997 507 de
2017 450 2246 516 rnundO„
2269 450 2323 506 in

331 543 594 609 qnantum
619 552 654 593 a
676 537 968 593 mundanis
993 538 1298 594 actionlbus
1321 545 1449 595 sunt
1479 526 1633 596 liberi
1660 557 1672 595 t
1706 540 1847 595 unde
1875 554 1986 595 non
2025 546 2112 596 est
2136 548 2327 595 contra

331 632 524 683 votum
547 642 754 693 eorum,
787 627 842 682 si
872 635 1102 683 utantur
1125 627 1353 695 divitiis,
1382 628 1475 685 vel
1509 628 1679 685 etiam
1720 628 2052 701 quandoque<
2094 627 2322 696 deliciiS,

333 713 470 771 alias
521 715 854 788 quicumque
906 716 1163 772 deliciose
1217 717 1591 783 cotnederent‚
1641 716 1949 774 mortaliter
2002 724 2323 789 peccarent,

334 803 480 877 quod
519 819 628 859 non
669 814 752 859 est
789 802 1100 861 dicendum.
1130 804 1286 861 Unde
1330 820 1439 861 non
1476 813 1564 861 est
1598 812 1794 863 contra
1820 812 2012 862 votum
2042 820 2252 871 eorum,
2278 804 2324 859 si

333 891 662 965 quandoque
690 891 984 949 honoribus
1025 898 1265 949 utantur.
1296 894 1462 962 ltem‚·
1486 893 1688 950 mundo
1729 892 2033 949 secundum
2070 892 2218 966 quod,
2253 890 2325 947 ihi

335 980 602 1053 accipitur
629 996 735 1035 non
765 980 938 1035 solum
964 980 1200 1052 religiosi
1227 982 1327 1037 sed
1352 982 1521 1039 etiam
1558 998 1743 1038 omnes
1771 982 2017 1039 homines
2054 980 2329 1037 abrenun-

335 1070 472 1124 tiare
504 1077 774 1134 tenentur,
809 1069 953 1141 quod
995 1076 1146 1143 patet
1183 1086 1250 1125 ex
1291 1070 1413 1137 hoc,
1446 1070 1591 1143 quod
1638 1086 1803 1143 supra
1841 1070 2127 1143 praemittit
2170 1072 2325 1125 Joan.

335 1157 571 1229 (Epi-st.1
601 1173 724 1230 cap.
769 1173 834 1225 ιι,
880 1158 1014 1229 15),;
1045 1158 1104 1213 Si
1149 1158 1268 1231 quis
1301 1158 1484 1231 diligit
1512 1159 1792 1223 mundum,
1814 1168 1933 1214 ‘iton‘
1954 1166 2043 1220 ,est
2092 1158 2329 1215 charitas

333 1243 522 1301 Patris
535 1246 594 1301 iu
609 1263 700 1303 eo:
717 1247 966 1319 quoniam
980 1263 1130 1303 omvw
1144 1247 1280 1319 quod
1293 1256 1372 1305 est
1395 1248 1452 1303 in
1476 1248 1693 1313 mundo,
1710 1246 2129 1319 concupiscentia
2149 1248 2329 1304 carnis

337 1341 431 1401 est,
461 1340 510 1391 et
538 1336 958 1408 concupiscentia
991 1337 1282 1402 oculorum,
1313 1344 1362 1393 et
1398 1337 1648 1409 superbia
1675 1338 1827 1394 vitoe.
1862 1336 2061 1395 Glossa
2088 1354 2101 1391 ι
2130 1336 2331 1393 Omnes

335 1424 624 1481 dilectores
647 1424 834 1480 mundi
880 1424 1011 1480 nihil
1039 1422 1244 1481 habent
1270 1425 1373 1481 nisi
1404 1426 1522 1482 haec
1550 1426 1673 1492 tria,
1701 1425 1901 1499 quibus
1941 1424 2125 1481 omnia
2160 1424 2330 1481 vitio-

337 1509 459 1569 ru'm
501 1529 701 1585 genera
745 1512 1274 1585 comprehenduntur
1313 1531 1326 1567 :
1370 1514 1513 1569 unde
1556 1520 1729 1585 patet,
1760 1513 1909 1585 quod
1953 1514 2025 1569 ad
2070 1513 2331 1567 mundum

335 1603 590 1657 dicuntur
617 1602 691 1656 ibi
717 1602 989 1674 pertinere
1016 1618 1122 1657 non
1146 1602 1353 1658 divitiae
1379 1609 1435 1657 et
1453 1600 1665 1657 deliciae
1693 1600 2033 1673 simpliciter,
2059 1600 2157 1657 sed
2178 1600 2333 1656 inor-

337 1691 556 1745 dinatus
580 1691 852 1762 appetitus
881 1706 1092 1757 earum2
1117 1696 1174 1745 et
1213 1691 1297 1745 sic
1334 1706 1445 1745 non
1480 1688 1657 1745 solum
1701 1688 1990 1761 religiosiS‚¹
2020 1688 2117 1745 sed
2163 1688 2330 1746 etiam

339 1778 590 1835 omnibus
640 1778 992 1835 interdicitur
1026 1794 1134 1835 non
1179 1778 1403 1852 quidem
1441 1778 1633 1845 honor,
1682 1770 1777 1833 sed
1818 1777 2045 1835 ambitio
2088 1776 2329 1833 honoris-

338 1866 650 1925 Glossa21bi
669 1868 916 1941 superbia
939 1867 1086 1934 vitm,
1112 1868 1290 1934 idest,
1307 1869 1482 1923 omnis
1502 1867 1724 1925 ambitio
1740 1866 1949 1925 saeculi.
1979 1885 2007 1919 n
2026 1868 2183 1933 Item,
2201 1865 2331 1923 dato

340 1958 484 2031 quod
521 1956 692 2013 honor
733 1956 1055 2030 simpliciter
1101 1956 1170 2013 ad
1214 1958 1475 2012 mundum
1510 1956 1785 2031 pertinere
1822 1954 2184 2027 intelligatur„
2224 1971 2331 2011 non
2392 1976 2399 1983 ·

337 2054 522 2104 tamen
541 2045 644 2102 hoc
671 2054 852 2119 potest
874 2046 987 2101 dici.
1007 2046 1076 2101 de
1105 2046 1348 2119 quolibet
1375 2044 1605 2113 honore,¹
1626 2045 1729 2102 sed
1752 2044 1821 2101 de
1849 2044 2049 2099 honore
2078 2044 2173 2116 qui
2198 2059 2335 2101 con-

339 2136 484 2191 sistit
506 2134 563 2189 in
583 2134 742 2190 rebus
761 2134 1079 2191 mundanis:
1103 2150 1216 2189 non
1240 2135 1382 2190 enim
1410 2141 1594 2206 potest
1618 2133 1750 2200 dici,
1775 2132 1921 2205 quod
1949 2132 2121 2189 honor
2145 2148 2332 2189 sacer-

341 2224 475 2280 dotii
505 2223 772 2301 pertineat
797 2222 864 2279 ad
889 2222 1169 2292 mnndum,
1199 2229 1254 2277 et
1285 2222 1539 2279 similiter
1557 2236 1657 2277 nec
1677 2222 1847 2278 bonor
1865 2220 2331 2293 magisterii2cum

341 2313 604 2380 doctrina,
629 2328 794 2385 quam
817 2312 1168 2383 consequitur
1199 2310 1324 2367 talis
1351 2310 1633 2377 bonor,sit
1660 2311 1727 2366 de
1753 2309 2125 2381 spiritualibus
2154 2310 2329 2367 bonis,

342 2403 492 2458 Sicut
520 2418 648 2474 ergo
682 2400 926 2473 religiosi
951 2416 1060 2457 non
1095 2399 1479 2456 abrenuntiant
1522 2415 1617 2470 per
1659 2404 1855 2455 votum
1896 2398 2221 2466 sacerdotia,
2254 2400 2333 2455 ita

341 2506 443 2546 nec
495 2490 830 2562 magisterio.
872 2489 1030 2557 Item,
1078 2488 1181 2544 hoc
1243 2487 1441 2543 falsum
1482 2493 1583 2553 est,
1630 2486 1781 2559 quod
1834 2486 2205 2556 magisterium
2261 2487 2333 2541 sit

341 2579 551 2636 honor:
584 2586 668 2635 est
702 2579 848 2633 enim
886 2576 1144 2641 officinm,
1167 2573 1269 2633 cui'
1305 2575 1540 2632 debetur·
1578 2574 1769 2631 honor.
1802 2576 1942 2631 Dato
1981 2576 2152 2629 etiam
2188 2575 2332 2647 quod

342 2668 580 2740 religiosi
607 2666 836 2723 cuilibet
860 2667 1051 2723 honori
1078 2666 1579 2733 abrenuntiassent,
1605 2679 1713 2721 non
1752 2674 1935 2720 tamen
1976 2662 2333 2719 abrenuntia-

342 2764 535 2813 verunt
581 2756 662 2811 eis
703 2756 900 2829 quibus
944 2754 1174 2812 debetur
1220 2755 1413 2821 honor,
1445 2754 1581 2810 alias
1628 2754 2030 2809 renuntiassent
2082 2752 2333 2824 operibus

339 2845 627 2901 virtutum.
657 2844 838 2919 Honor
877 2844 1021 2900 enim
1066 2842 1369 2900 secundum.
1407 2842 1793 2915 Philosophum
1832 2842 1887 2897 in
1926 2841 1951 2897 1-
1984 2841 2164 2897 Ethict
2190 2860 2217 2893 α
2250 2846 2333 2896 est

341 2932 626 3006 praemium
649 2932 886 2988 virtutis.
920 2952 947 2985 »
975 2932 1090 3005 N‘ec
1135 2942 1356 3004 propter
1397 2931 1501 2987 hoc
1543 2928 1742 3003 aliqms
1782 2930 1945 2987 debet
1986 2930 2259 2987 abstinere
2300 2944 2333 2985 a

340 3020 676 3092 magisterio,
703 3020 830 3095 quia
854 3020 1102 3077 diabolus
1137 3020 1349 3094 aliquos
1374 3019 1591 3077 inflatos
1613 3019 1815 3075 honore
1854 3018 2158 3090 magisterii
2180 3018 2332 3075 deci-

341 3111 441 3183 pit,
473 3110 614 3165 sicut
640 3125 739 3165 nec
764 3126 797 3166 a
823 3108 978 3166 bonis
1015 3109 1293 3183 operibus,
1321 3108 1451 3181 quia
1496 3108 1834 3181 Augustinus
1854 3108 1993 3165 dicit
2020 3124 2040 3165 ι
2069 3127 2099 3161 (ι
2126 3107 2333 3179 Super-

340 3199 432 3257 bia
455 3200 622 3256 etiam
646 3199 802 3255 bonis
828 3198 1084 3272 operibus
1111 3196 1419 3264 insidiatur,
1453 3202 1513 3252 ut
1536 3202 1779 3269 pereant.
1813 3216 1838 3247 ι)

409 3288 494 3343 Ad
518 3287 647 3343 illud
674 3294 858 3343 autem
876 3286 1022 3361 quod
1047 3292 1243 3359 quarto
1272 3284 1558 3357 objiciunt,
1574 3285 1719 3359 quod
1748 3284 1985 3355 religiosi
2011 3284 2332 3357 profitentur

339 3373 638 3449 perfectam
677 3374 1061 3442 humilitatem,
1107 3373 1425 3444 dicendum,
1444 3373 1593 3445 quod
1640 3380 1726 3429 est
1767 3372 1967 3429 falsum
1996 3390 2009 3429 ε
2042 3389 2155 3429 non
2186 3372 2329 3429 enim

338 3468 574 3522 vovente
603 3460 985 3530 bumilitatem,
1012 3462 1108 3517 sed
1142 3460 1531 3518 obedientiam.
1566 3460 1857 3518 Humilitas
1898 3457 2045 3517 enim
2070 3460 2173 3517 sub
2203 3467 2331 3517 voto

341 3570 447 3609 nou
471 3550 641 3618 cadit,
656 3550 798 3604 sicut
822 3564 921 3604 nec
949 3549 1074 3605 aliae
1094 3548 1347 3619 virtuteS,
1375 3565 1503 3605 cum
1529 3555 1685 3607 actus
1708 3550 1980 3613 virtutum.
1997 3549 2108 3605 sint
2136 3564 2331 3607 neces-

340 3642 538 3708 sitatis,
566 3638 696 3712 quia
723 3638 936 3693 suntin
965 3643 1260 3709 praecepto²
1288 3644 1477 3693 votum
1502 3642 1685 3693 autem
1720 3645 1809 3693 est
1848 3637 1932 3693 de·
1954 3654 2019 3695 eo
2058 3639 2205 3712 quod
2245 3646 2333 3697 est

342 3728 725 3789 voluntarium.
753 3724 1013 3783 Similiter
1050 3724 1218 3781 etiam
1249 3740 1350 3781 nec
1393 3724 1655 3801 perfectio
1698 3724 2025 3784 humilitatis
2064 3728 2167 3785 sub
2200 3736 2327 3787 voto

340 3820 534 3879 cadere
563 3823 764 3895 potest,
793 3816 934 3874 sicut
970 3828 1078 3873 nec
1112 3812 1372 3891 perfectio
1414 3815 1723 3886 charnaim,
1750 3831 1879 3873 cum
1912 3816 2171 3889 perfectio
2210 3818 2328 3879 vir-
