2784 4392
569 324 700 370 xlv.
733 338 812 354 -·
841 324 1080 370 CONTRA
1117 325 1332 370 IMPUG.
1377 324 1485 369 nm
1525 323 1697 370 cUL'r.
1744 323 1821 368 m·
1861 322 2065 367 RELIG.
2198 301 2320 365 227

319 439 630 496 ostenditur
653 456 750 513 per
771 439 904 496 illud
922 444 1048 498 Act.
1073 456 1157 509 xi,
1187 445 1254 499 22
1284 457 1296 496 t
1321 439 1651 509 ubidicitur,
1680 440 1824 515 quod
1848 439 2045 496 multus
2064 453 2321 496 numerus

313 527 642 586 credentium
671 545 949 586 conversus
986 535 1061 587 est
1089 529 1160 585 ad
1199 529 1507 594 Dominam,
1538 529 1747 585 scilicet
1777 529 1844 584 ad
1876 527 2321 600 praedicationem

317 618 680 689 quorumdam
701 618 962 673 fidelium.
979 617 1232 674 Pervenit
1251 625 1427 674 autem
1446 633 1616 673 sermo
1636 617 1705 673 ad
1724 633 1883 673 aures
1898 616 2142 673 Ecclesiae
2158 629 2321 688 saper

315 704 458 770 istis,
485 712 535 761 et
563 707 826 764 miserunt
857 706 1168 764 Barnabam
1194 723 1352 780 usque
1379 707 1450 762 ad
1475 695 1839 771 Antiochiam,
1864 704 1956 776 qui
1980 710 2095 760 cu'm
2124 720 2321 776 perve-

314 795 498 860 nisset,
527 803 578 853 et
602 796 817 853 vidisset
841 797 1078 869 qratiam
1111 796 1233 862 Dei,
1257 796 1469 870 yavisus
1496 801 1589 857 est.
1622 795 1950 853 Gaudebant
1972 809 2101 866 ergo
2139 799 2324 866 Apos-

317 881 414 936 toli
458 883 526 939 de
568 884 670 940 hoc
698 885 846 958 quod
895 901 995 957 per
1035 900 1225 942 eorum
1271 885 1471 941 fratres
1499 891 1555 940 et
1600 885 1778 940 socios
1803 883 2014 939 fructus
2060 880 2225 937 fiebat
2262 881 2318 937 in

317 970 579 1028 Ecclesia.
1375 997 1381 1003 ·
2316 989 2321 996 ·

386 1060 542 1116 Item.
576 1066 700 1117 Act.
733 1065 831 1129 xv,
864 1067 895 1118 3
936 1015 1139 1118 dicitur
1168 1062 1236 1117 de
1276 1061 1444 1118 Paulo
1469 1070 1525 1118 et
1552 1060 1819 1129 Barnaba‚
1850 1059 1997 1133 quod
2022 1057 2229 1114 deducti
2254 1057 2319 1112 ab

317 1148 556 1204 Ecclesia
589 1150 1001 1221 pertransibant
1022 1149 1320 1207 Phaenicem
1350 1159 1403 1208 et
1424 1151 1747 1216 Samariam,
1774 1153 2065 1204 narrantes
2095 1163 2321 1202 comer-

315 1237 514 1291 sionem
554 1238 787 1308 yentium
842 1246 892 1295 et
931 1238 1200 1310 faciebant
1237 1239 1493 1312 qaudium
1531 1255 1783 1310 maynum
1833 1237 2071 1294 omnibu-s
2110 1233 2319 1307 fratri-

317 1324 427 1390 bus,
455 1333 564 1380 etc.
594 1325 669 1380 Ex
699 1326 800 1383 hoc
820 1329 987 1382 etiam
1010 1327 1244 1384 habetur
1267 1328 1415 1387 idem
1437 1329 1595 1427 quod
1609 1329 1779 1399 prius.

389 1414 548 1469 Item.
580 1415 716 1470 Phil.
746 1431 822 1482 ιν,
850 1419 918 1470 ¹1:
948 1416 1154 1488 Itaque,
1183 1417 1386 1487 fratres
1418 1416 1521 1473 ’nei
1557 1415 1858 1472 charissimi,
1884 1421 1935 1471 et
1966 1413 2316 1471 desideratis-

315 1501 458 1570 simi,
490 1503 745 1573 glaudium
767 1519 936 1560 meum
959 1512 1032 1561 et
1073 1521 1266 1560 corona
1289 1521 1426 1560 mea.
1456 1504 1599 1575 Ergo
1641 1511 1791 1576 patet
1834 1505 1979 1577 quod
2018 1503 2313 1574 Apostolus

318 1590 592 1662 gaudebat
619 1592 688 1648 de
717 1593 842 1659 illis,
865 1609 1004 1666 quos
1022 1594 1091 1648 ad
1121 1593 1394 1650 Christum
1423 1592 1796 1648 convertebat.
1823 1593 1964 1662 Ergo
1990 1599 2045 1646 et
2074 1590 2316 1662 religiosi

319 1685 374 1733 et
398 1678 490 1734 alii
519 1679 873 1752 perfecti-viri
903 1683 1142 1752 gaudere
1180 1687 1407 1754 possunt
1444 1681 1635 1737 inillis
1679 1695 1805 1754 quae
1842 1681 1988 1736 Deus
2029 1679 2315 1750 magnifice

319 1783 415 1840 per
442 1784 536 1824 eos
563 1769 711 1836 facit,
741 1771 1013 1842 praecipue
1043 1770 1096 1825 in
1122 1764 1473 1826 conversione
1502 1769 1752 1826 aliorum.

388 1857 752 1914 Item.Nullus
782 1860 894 1929 agit
923 1859 1128 1930 gratias
1153 1859 1220 1914 de
1245 1858 1348 1914 hoe
1383 1860 1438 1914 in
1461 1875 1569 1932 quo
1602 1873 1707 1914 non
1738 1856 1912 1914 credit
1940 1855 2046 1912 sibi
2079 1856 2316 1928 gratiam

320 1959 438 1998 esse
462 1945 683 2001 saetam.
711 1947 815 2003 Sed
859 1947 1037 2004 nullus
1072 1945 1288 2021 reputat
1325 1947 1427 2003 sibi
1453 1948 1687 2018 gratiam
1720 1945 1837 2001 fieri
1879 1946 1947 2001 de
1984 1960 2049 2000 eo
2073 1959 2183 2017 quo
2208 1959 2316 1999 non

319 2033 538 2103 gaudet.
554 2035 609 2090 Si
630 2050 758 2106 ergo
780 2051 883 2090 non
909 2043 992 2090 est
1021 2036 1368 2106 gaudendum
1397 2036 1465 2091 de
1491 2035 1573 2092 his
1598 2051 1723 2108 quae
1749 2035 1893 2090 Deus
1913 2033 2198 2105 magnifice
2219 2049 2318 2105 per

319 2137 443 2175 eum
471 2131 746 2193 operatur,
769 2139 874 2178 non
910 2132 1036 2180 sunt
1061 2125 1129 2178 de
1168 2124 1270 2180 hoo
1295 2125 1488 2195 gratiae
1526 2125 1769 2194 agendae,
1790 2123 1935 2195 quod
1968 2127 2054 2176 est
2095 2121 2317 2177 omnino

319 2209 636 2264 absurdum.
663 2210 817 2265 Item.
849 2211 1154 2266 Secundum
1183 2211 1568 2284 Philosophum
1599 2213 1651 2266 in
1676 2212 1700 2266 1
1728 2210 1909 2266 Echio.
1932 2227 1988 2264 :a
2013 2209 2206 2266 Nullus
2231 2219 2316 2266 est

312 2298 498 2368 justus
538 2297 760 2368 quinon
800 2297 1001 2366 gaudet
1024 2299 1190 2368 justis
1235 2298 1661 2371 operationibuS,
1694 2317 1720 2349 ι)
1747 2306 1802 2352 et
1848 2297 1975 2353 huic
2017 2299 2315 2354 concordat

319 2385 463 2456 quod
493 2384 693 2439 dicitur
710 2385 763 2438 in
795 2385 990 2440 l’salm.
1015 2391 1218 2451 xc1x‚2
1243 2385 1477 2442 :Servite
1498 2385 1721 2440 Domino
1745 2385 2044 2453 inlaetitia;
2063 2386 2157 2441 sed
2182 2385 2317 2440 nihil

322 2472 756 2542 magnificent-ius
780 2474 923 2529 Deus
948 2491 1043 2546 per
1068 2473 1304 2546 aliquem
1330 2473 1480 2540 facit,
1510 2489 1674 2546 quam
1702 2471 1837 2545 o'pus
1860 2473 2109 2546 justiti-m,
2128 2487 2235 2544 quo
2264 2475 2315 2528 ei

319 2562 574 2615 servitur.
592 2560 732 2632 Ergo
757 2563 931 2617 sancti
960 2563 1058 2618 viri
1076 2563 1314 2634 gaudere
1337 2562 1537 2619 debent
1561 2562 1629 2619 de
1659 2561 1741 2616 his
1771 2576 1895 2634 quae
1924 2562 2069 2616 Deus
2099 2551 2315 2631 magni-

323 2649 422 2704 fice
448 2667 544 2722 per
572 2666 664 2706 eos
691 2657 967 2722 operatur.

395 2738 476 2792 Ad
508 2737 696 2793 horum
731 2755 859 2810 ergo
902 2740 1234 2796 evidentiam
1267 2739 1548 2796 sciendum
1590 2745 1691 2807 est,
1726 2738 1871 2811 quod
1913 2737 2173 2810 gaudium
2205 2753 2312 2795 non

319 2833 403 2880 est
448 2827 552 2881 nisi
585 2828 651 2882 de
696 2827 855 2894 bon0,
889 2829 1028 2884 unde
1066 2830 1364 2885 secundum
1412 2829 1657 2885 ordinem
1699 2827 1965 2883 bonorum
2008 2833 2091 2883 est
2131 2827 2199 2883 de
2236 2826 2315 2883 eis

321 2915 683 2984 gaudendum,
731 2925 786 2971 et
825 2917 946 2972 ideo
989 2918 1110 2973 finis
1140 2917 1348 2974 l'aetitiae
1378 2918 1433 2972 in
1467 2917 1582 2974 solo
1610 2933 1822 2973 summo
1858 2916 2000 2973 bono
2035 2917 2333 2989 ponendus·

321 3011 424 3072 est,
451 3020 557 3076 quo
581 3006 798 3076 proprie
831 3005 1064 3061 dicimur
1093 3005 1220 3061 frui.
1251 3006 1388 3061 Aliis
1426 3012 1611 3062 autem
1648 3007 1811 3061 rebus
1839 3005 1942 3061 hoc
1978 2993 2141 3060 modo
2173 3021 2331 3076 gau--

321 3093 448 3146 dere
476 3092 754 3159 debemuS,
782 3099 843 3148 ut
873 3094 925 3148 in
953 3093 1048 3149 tali
1085 3095 1285 3164 gaudio
1325 3094 1448 3149 finis
1490 3109 1595 3150 non
1631 3100 1882 3166 ponatur,
1915 3094 2008 3148 sed
2047 3089 2316 3148 reseratur

321 3181 386 3234 ad
417 3181 666 3237 ultimum
698 3182 877 3237 finem.
907 3182 1009 3252 Qui
1041 3198 1169 3253 ergo
1197 3184 1401 3254 gaudet
1443 3184 1510 3238 de
1536 3184 1691 3239 bonis
1726 3198 1849 3254 quae
1890 3183 2036 3237 Deus
2065 3198 2162 3252 per
2190 3196 2315 3236 eum

319 3276 592 3341 operatur,
616 3270 719 3326 hoc
732 3271 988 3341 gaudium
1018 3271 1071 3325 in
1102 3273 1274 3325 Deum
1300 3270 1555 3338 refer-ene,
1586 3263 1732 3326 r'ecte
1755 3258 2150 3341 gaudet'3quod
2178 3284 2318 3324 con-

321 3357 480 3426 tingit
510 3357 639 3411 dum
669 3359 868 3430 aliquis
908 3367 1127 3430 propter
1149 3358 1252 3414 hoc
1279 3358 1485 3431 gaudet
1521 3359 1587 3414 de
1617 3358 1703 3413 his
1739 3373 1864 3429 quae
1893 3358 2037 3411 Deus
2062 3372 2157 3427 per
2191 3372 2315 3412 eum

321 3445 470 3512 lacit,
501 3445 628 3516 quia
684 3446 833 3500 videt
879 3445 982 3501 hoc
1030 3449 1082 3501 in
1121 3448 1349 3518 gloriam
1398 3447 1496 3503 Dei
1540 3447 1753 3513 cedere,
1787 3453 1843 3500 et
1878 3459 2036 3500 suam
2070 3452 2125 3500 et
2172 3445 2333 3502 alio--

321 3549 441 3588 rum
469 3531 722 3587 salutem.
751 3534 805 3588 Si
856 3541 1038 3589 autom
1079 3535 1238 3590 aliter
1278 3536 1534 3606 gaudeat,
1562 3536 1676 3590 suis
1715 3533 1970 3606 operibus
2016 3532 2216 3588 fruitur
2257 3543 2315 3590 et

320 3629 529 3694 peccat.
572 3622 724 3678 Unde
765 3622 1060 3692 Gregorius
1099 3625 1151 3678 iu
1198 3623 1358 3678 xxu
1408 3623 1499 3679 lib.
1540 3623 1740 3682 Moral.
1773 3637 2047 3695 exponens
2082 3621 2314 3696 praefata

323 3710 484 3765 verba
520 3711 640 3778 Job,
690 3711 770 3766 sic
811 3710 983 3766 dicit:
1021 3733 1044 3763 α
1077 3713 1480 3784 Nonnunquam
1522 3712 1691 3768 etiam
1726 3712 1901 3769 sancti
1944 3712 2045 3767 viri
2096 3713 2165 3767 de
2212 3727 2335 3766 sua‘

323 3801 460 3854 bona
489 3800 1042 3872 opinione·gaudent;
1073 3799 1165 3856 sed
1210 3818 1332 3857 cum
1360 3819 1455 3874 per
1496 3802 1637 3858 hanc
1678 3801 1747 3858 ad
1776 3801 2001 3857 meliora
2048 3800 2313 3874 proficere

320 3886 602 3944 audientes
631 3896 878 3960 pensant,
913 3904 1017 3947 non
1040 3890 1168 3962 jam·
1185 3892 1253 3948 de
1277 3890 1531 3964 opinione
1560 3903 1677 3959 sua,
1708 3889 1805 3946 sed
1836 3891 1903 3946 de
1943 3890 2312 3964 proximorum
