2784 4392
800 277 908 320 XV.
937 291 1016 305 ···-
1045 277 1124 318 DE
1164 275 1467 318 REGIMINE
1508 276 1844 319 PRINCIPUM
2208 261 2319 320 361

317 407 508 467 rarum
537 391 757 461 direxit,
805 391 862 448 in
903 407 1010 464 quo
1060 390 1327 446 institutis
1372 389 1634 448 Ecclesiae
1662 405 1723 447 se
1766 392 2017 464 subjecit,
2070 395 2335 450 mandans

318 481 552 554 populus
581 480 758 536 eidem
785 481 839 535 in
869 478 1120 546 omnibus
1145 478 1386 545 obedire,
1417 479 1687 552 replicans
1716 480 1881 535 eliam
1910 496 2073 551 super
2102 488 2334 553 quatuor

319 570 676 626 conciliorum
718 573 1144 626 memoratorum
1190 573 1419 634 statuta,
1480 573 1537 623 et
1594 568 1783 623 eadem
1830 569 2159 625 confirmans
2210 585 2336 626 suas

315 657 646 724 sanctione3‚
681 657 796 712 sive
822 657 969 728 leges
995 656 1290 728 subjiciens
1320 656 1709 712 ecclesiasticis
1732 656 2033 725 institutis3
2066 657 2159 712 sed
2191 674 2335 730 prae·

317 746 478 818 cipue
511 746 564 800 in
603 746 783 800 usuris
815 754 871 801 et
901 744 1271 809 matrimonio,
1305 745 1362 798 in
1404 744 1605 819 quibus
1637 749 1749 800 tota
1782 746 1895 800 vita
1926 745 2103 801 civilis
2146 761 2334 801 versa-

320 842 456 889 tur:
501 851 627 908 quae
671 835 893 906 quidem
940 834 1184 905 synodus
1225 833 1501 888 celebrata
1532 833 1634 888 fuit
1665 839 1855 889 contra
1897 833 2243 889 Theodorum
2284 843 2337 889 et

319 924 438 993 ejus
466 929 768 978 sectatores
798 920 1289 992 Constantinopoli,
1335 921 1429 993 qui
1461 921 1607 976 aliud
1647 921 1902 977 dicebant
1939 937 2057 977 esse
2096 921 2336 978 Verbum

319 1011 440 1077 Dei,
478 1017 534 1065 et
577 1010 720 1066 aliud
763 1010 1057 1076 Christum,
1102 1017 1364 1080 negantes
1402 1011 1569 1064 etiam
1615 1009 1831 1066 beatam
1879 1011 2124 1074 Mariam.
2169 1010 2333 1065 Sexta

319 1105 506 1156 autem
536 1099 778 1171 synodus
806 1097 1080 1153 celebrata
1111 1097 1214 1152 suit
1247 1097 1302 1151 in
1338 1096 1472 1152 urbe
1512 1095 1663 1167 r‘egia
1694 1099 1941 1168 prael'ata‚
1974 1098 2335 1154 Constantino

315 1187 531 1259 juniore
578 1193 920 1257 procurante,
957 1191 1175 1240 centum
1229 1185 1631 1256 quinquaginta
1673 1185 2085 1256 Episcoporum,
2136 1192 2328 1255 rogatu

320 1273 641 1346 AgathoniS,
691 1281 881 1328 contra
927 1271 1261 1328 Macharium
1293 1271 1693 1328 Antiochenum
1736 1271 2083 1344 Episcopum,
2118 1280 2172 1326 et
2215 1275 2333 1343 ejus

317 1363 517 1428 socios»,
551 1362 645 1433 qui
671 1376 834 1416 unam
857 1362 1230 1432 operationem
1261 1366 1317 1414 et
1343 1375 1511 1416 unam
1536 1360 1877 1416 voluntatem
1906 1362 1959 1414 in
1986 1361 2201 1416 Christo
2238 1377 2330 1417 as-

319 1456 527 1516 serunt,
552 1452 710 1521 juxta
741 1449 1024 1522 perfidiam
1053 1447 1394 1520 Eutychetis.
1430 1449 1491 1503 ln
1518 1463 1627 1520 qua
1656 1449 1879 1519 quidem
1916 1449 2126 1520 synodo
2152 1449 2331 1504 dictus

319 1539 728 1602 Constantinus»,
779 1536 873 1608 qui
912 1536 1014 1592 snit
1064 1545 1184 1606 post
1228 1537 1596 1592 Justinianum
1646 1535 1943 1608 principem
1994 1536 2063 1592 ad
2110 1545 2329 1592 centum

320 1627 718 1701 quinquaginta
761 1640 951 1693 annos,
993 1624 1119 1679 fidei
1162 1624 1391 1679 multum
1435 1625 1591 1690 favit,
1636 1624 1924 1680 destruens
1951 1625 2334 1682 Monothelitas

320 1717 627 1779 haereticOS,
681 1727 914 1786 quorum
964 1721 1119 1783 pater
1160 1718 1217 1766 et
1258 1727 1392 1769 avus
1432 1712 1649 1769 suerunt
1694 1712 1955 1778 fautoreS,
2000 1717 2328 1770 restauravit

319 1802 593 1859 Ecclesias
619 1815 712 1872 per
743 1801 890 1872 ipsos
913 1799 1246 1854 destructaS.

389 1891 521 1946 Haec
547 1903 642 1960 pro
668 1894 818 1944 tanto
838 1887 948 1943 sint
966 1885 1114 1941 dicta
1139 1885 1209 1941 ad
1239 1884 1636 1942 ostendendum
1662 1886 1807 1959 quod
1834 1884 2332 1960 Constantinopolis

320 1980 676 2052 imperatores
705 1976 924 2032 fuerunt
953 1976 1213 2032 Romanae
1247 1974 1507 2031 Ecclesiae
1546 1981 1883 2046 protectores
1921 1991 1987 2032 ac
2014 1991 2330 2049 propugna-

322 2073 468 2124 tores
495 2083 665 2140 usque
692 2066 760 2122 ad
794 2071 1036 2134 tempora
1061 2062 1238 2121 Caroli
1265 2062 1467 2134 Magni.
1501 2064 1653 2120 Tunc
1683 2064 1849 2134 igitur
1879 2070 2105 2135 gravata
2138 2065 2330 2120 Eccle-

321 2157 401 2212 sia
432 2171 464 2210 a
509 2152 899 2225 Longobardis,
933 2158 989 2205 et
1016 2149 1515 2220 Constantinopolis
1543 2151 1772 2221 imperio
1802 2152 2068 2207 auxilium
2095 2168 2201 2208 non
2246 2153 2331 2209 se·-

322 2249 495 2308 rente,
536 2241 666 2314 quia
708 2239 848 2294 forte
880 2252 984 2292 non
1029 2244 1242 2308 poterat
1285 2237 1404 2307 ejus
1447 2237 1691 2307 potentia
1720 2237 2008 2304 diminuta,
2040 2239 2329 2295 advocavit

321 2331 596 2386 Romanus
625 2327 874 2384 Pontifex
911 2325 981 2382 ad
1009 2323 1095 2380 sui
1120 2323 1491 2380 defensionem
1520 2330 1709 2380 contra
1738 2324 2033 2396 praedictos
2060 2327 2330 2384 Barbaros

323 2433 506 2490 regem
549 2417 898 2473 Francorum.
949 2413 1129 2470 Primo
1165 2412 1389 2484 quidem
1433 2413 1685 2489 I’ipjnum
1728 2411 2035 2484 Stephanus
2078 2416 2242 2486 Papa,
2277 2426 2330 2471 et

323 2520 604 2564 successor
637 2503 928 2562 Zacharias
963 2507 1154 2558 contra
1196 2499 1543 2570 Aistulphum
1591 2515 1774 2570 regem
1813 2500 2328 2570 Longobardorum;

324 2594 520 2652 deinde
561 2594 833 2651 Adrianus
883 2599 937 2648 et
986 2591 1097 2647 Leo
1143 2588 1399 2646 Carolum
1449 2589 1701 2659 Magnum
1750 2595 1941 2643 contra
1987 2589 2334 2646 Desiderium

324 2682 594 2754 Aistulphi
619 2682 810 2750 fllium,
839 2693 946 2752 quo
966 2679 1238 2750 extirpato
1267 2682 1324 2732 et
1347 2676 1565 2733 devicto
1590 2691 1713 2731 cum
1751 2691 1850 2732 sua
1890 2682 2071 2746 gente,
2108 2687 2329 2751 propter

327 2779 539 2829 tantum
585 2769 908 2825 beneficium
952 2767 1224 2823 Adrianus
1269 2765 1512 2822 Concilio
1554 2764 1831 2820 celebrato
1876 2765 2065 2822 Romae
2108 2777 2331 2823 centum

327 2857 724 2932 quinquaginta
765 2856 1006 2928 quinque
1055 2854 1449 2926 Episcoporum
1495 2860 1550 2908 et
1601 2852 1993 2910 venerabilium
2046 2853 2327 2921 abbatum,

329 2946 617 3017 imperium
644 2944 697 2998 in
725 2957 1014 3014 personam
1044 2941 1318 3011 magnifici
1347 2941 1611 3013 principis
1642 2941 1819 2997 Caroli
1847 2958 1877 2998 a
1907 2943 2118 3018 Graecis
2149 2950 2331 3000 trans-

329 3034 452 3092 tulit
471 3033 528 3088 in
545 3031 866 3093 GermanOS,
902 3028 954 3082 in
989 3044 1098 3100 quo
1129 3027 1274 3083 facto
1299 3029 1437 3082 satis
1461 3027 1786 3093 ostenditur,
1816 3030 2055 3100 qualiter
2088 3038 2337 3102 potestas

325 3123 538 3195 imperii
586 3135 650 3176 ex
683 3116 892 3190 judicio
933 3117 1093 3186 Papae
1126 3114 1416 3184 dependet.
1449 3114 1720 3182 Quamdiu
1763 3118 1908 3171 enim
1944 3118 2332 3176 Constantino-

326 3211 466 3284 polis
492 3208 764 3282 principes
792 3206 1092 3261 Romanam
1131 3201 1429 3257 Ecclesiam
1479 3201 1859 3266 defenderunt,
1902 3210 1959 3259 ut
1991 3204 2119 3260 fecit
2159 3208 2333 3263 lusti-

329 3297 522 3354 nianus
550 3312 644 3370 per
667 3293 987 3350 Belisarium
1021 3295 1212 3346 contra
1241 3289 1471 3356 Gothos,
1504 3298 1561 3345 et
1588 3289 1875 3345 Mauritius
1897 3300 2089 3349 contra
2117 3294 2334 3366 Longo-

327 3385 544 3451 bardoS,
572 3383 818 3439 Ecclesia
836 3381 1016 3436 dictos
1033 3379 1308 3451 principes
1335 3377 1491 3434 fovit.
1518 3379 1811 3449 Postquam
1837 3393 1967 3434 vero
1997 3379 2341 3452 defecerunt,

331 3483 388 3530 ut
422 3481 666 3545 tempore
710 3468 988 3526 Michaelis
1016 3466 1461 3538 contemporanei
1503 3466 1703 3533 Caroli,
1734 3466 1805 3522 de
1847 3465 1955 3522 alio
1982 3467 2227 3540 principe
2268 3471 2339 3530 ad

329 3565 410 3619 sui
444 3561 840 3636 protectionem
865 3555 1126 3630 providit.

1191 3731 1481 3748 ψ
