2784 4392
432 264 552 325 248
910 278 964 325 s.
1005 273 1240 324 monas
1279 273 1611 329 mmmmm
1650 269 1964 324 orwcuu

504 397 809 454 Procedant
846 395 1104 464 ulterius;
1137 395 1281 468 quod
1329 394 1510 451 nuntii
1552 394 1873 450 Antichristi
1918 397 2273 454 inveniuntur
2299 399 2459 456 inter

431 501 527 543 eos
554 487 647 562 qui
679 494 874 542 vacant
903 485 1083 541 studio
1109 484 1435 549 litterarum,
1468 484 1612 555 quod
1644 483 1874 555 probare
1904 491 2176 542 nutuntur
2212 501 2313 560 per
2342 489 2451 546 hoc

433 575 663 630 habetur
688 575 734 630 11
759 575 901 631 Tim.
934 590 1020 641 ιιι,
1054 574 1123 628 7:
1151 572 1366 644 Semper
1389 571 1663 638 discente&
1692 579 1740 628 et
1766 587 2037 645 nunquam
2068 575 2137 630 ad
2165 576 2447 634 scientiam

428 663 676 722 veritatis
694 662 1078 737 pervenientes.
1102 661 1236 731 Quae
1262 661 1510 732 probatio
1540 677 1707 734 quam
1734 662 1805 718 sit
1838 663 2021 735 inepta
2049 672 2296 737 apparet,
2314 681 2448 720 curn

429 753 533 809 hoc
569 753 837 808 reseratur
877 753 945 808 ad
997 750 1343 806 mulierculas
1382 751 1657 813 seductaS,
1686 757 1748 804 ut
1791 751 1906 822 ipse
1950 759 2131 808 textus
2174 754 2445 821 ostendit,

431 842 605 911 magis
630 855 793 913 quam
819 839 887 894 ad
927 838 1170 894 homines
1199 837 1542 893 seducentes
1571 838 1713 892 Dato
1742 838 1909 894 etiam
1935 838 2079 912 quod
2124 840 2193 897 ad
2238 841 2449 898 seduc-

429 935 578 984 tores
617 944 736 983 esse
773 927 1136 992 referendum,
1174 925 1242 982 ad
1288 925 1409 982 illos
1451 926 1749 999 pertineret
1788 927 1880 999 qui
1930 927 2113 982 studio
2154 936 2440 998 vacantes,

430 1016 653 1072 deviant
676 1031 708 1072 a
737 1014 862 1070 fidei
899 1015 1149 1083 veritate,
1181 1029 1306 1070 cum
1350 1014 1419 1069 de
1467 1014 1740 1070 haereticis
1787 1013 1954 1070 verba
1994 1014 2085 1072 illa
2122 1017 2229 1070 sint
2264 1034 2444 1092 expo-

430 1103 627 1170 nenda,
656 1111 715 1161 ut
744 1118 909 1176 supra
937 1103 1146 1159 dictum
1176 1108 1279 1159 est.
1310 1103 1426 1158 Hoc
1467 1102 1613 1157 idern
1646 1101 1876 1174 probare
1915 1099 2167 1158 nituntur
2196 1122 2291 1176 per
2334 1107 2443 1163 hoc

430 1193 577 1265 quod
606 1191 742 1248 dicit
781 1191 1078 1264 Gregorius
1121 1193 1173 1245 in
1203 1191 1296 1246 lib.
1329 1191 1478 1246 Xlll.
1523 1190 1721 1247 Moral.
1763 1206 1925 1263 super
1966 1191 2097 1247 illud
2134 1193 2255 1248 Job.
2284 1211 2388 1252 xvr
2423 1215 2437 1252 ε

431 1280 614 1337 Hostis
635 1295 780 1336 meus
805 1279 1134 1337 terribilibus
1163 1278 1343 1344 oculis,
1371 1285 1481 1334 etc.
1515 1295 1527 1333 :
1563 1299 1587 1330 α
1622 1279 1775 1335 Sicut
1818 1279 2103 1336 incarnata
2146 1283 2350 1339 veritas
2382 1287 2437 1340 in

429 1369 816 1442 praedicatione
853 1383 951 1424 sua
992 1383 1257 1441 pauperes
1298 1367 1500 1423 idiotas
1534 1372 1591 1422 et
1634 1367 1907 1440 simplices
1945 1367 2139 1438 elegit;
2171 1371 2251 1425 sic
2299 1387 2440 1428 con-

430 1459 600 1515 trario
629 1457 995 1514 Antichristus
1041 1457 1110 1512 ad
1154 1455 1564 1529 praedicandum
1609 1455 1905 1511 salsitatem
1935 1472 2090 1512 suam
2117 1465 2329 1515 astutos
2372 1478 2437 1518 ac

430 1547 692 1619 dupliceS,
725 1553 889 1618 atque
919 1544 1080 1617 hujus
1107 1544 1294 1599 mundi
1328 1544 1617 1599 scientiam
1647 1542 1929 1610 habentes,
1958 1545 2233 1602 electurus
2263 1556 2367 1606 est.
2408 1571 2433 1602 »

429 1635 533 1692 Sed
577 1635 672 1708 qui
701 1637 810 1690 sint
846 1633 937 1688 isti
969 1633 1360 1706 praedicatores
1399 1631 1627 1687 litterati
1660 1647 1797 1703 quos
1828 1631 2197 1690 Antichristus
2226 1637 2433 1707 mittet,

428 1723 728 1796 Gregorius
764 1723 904 1779 infra
945 1723 1132 1777 statim
1170 1721 1414 1792 exponit,
1448 1727 1606 1776 utens
1642 1722 1971 1777 auctoritate
2018 1721 2125 1778 Isa.
2149 1739 2316 1793 xvm,
2348 1732 2382 1784 2
2418 1745 2433 1785 τ

434 1811 538 1876 Qui
567 1811 740 1868 mittit
769 1811 828 1866 in
853 1825 1002 1865 mare
1042 1809 1257 1880 ἱεραῖσι,
1281 1816 1333 1864 et
1361 1808 1422 1862 in
1460 1808 1602 1863 vasis
1639 1809 1839 1881 papyri
1878 1825 2039 1882 super
2075 1828 2258 1884 aquas,
2286 1817 2432 1886 quod

428 1915 703 1972 exponens
727 1899 863 1954 dicit
891 1915 903 1952 :
931 1897 1107 1954 Mittit
1135 1897 1193 1951 in
1216 1913 1368 1952 mare
1390 1897 1603 1968 laquies,
1627 1897 1757 1971 quia
1797 1899 2185 1970 praedicatores
2223 1917 2351 1958 suos
2379 1905 2433 1959 in

428 1987 629 2045 saeculo
667 1987 896 2059 spargit.
933 1985 1002 2040 In
1044 1984 1185 2038 vasis
1223 1984 1423 2056 papyri
1464 2000 1625 2057 super
1671 2001 1851 2058 aquas.
1885 1987 2028 2044 Vasa
2072 1991 2266 2063 papyri
2304 2003 2434 2048 sunt

428 2077 595 2134 corda
637 2073 984 2132 saecularium
1025 2073 1332 2129 doctorum.
1373 2075 1431 2128 Iu
1476 2075 1621 2130 vasis
1662 2089 1792 2146 ergo
1825 2077 2017 2148 papyri
2060 2091 2224 2151 super
2258 2097 2434 2152 aquas

429 2165 639 2236 legatos
668 2163 904 2230 mittere,
925 2170 1008 2218 est
1031 2161 1477 2235 praedicationem
1508 2177 1662 2218 suam
1694 2162 1747 2218 in
1776 2163 2075 2219 carnalium
2103 2167 2433 2238 sapientium

428 2252 679 2309 sensibus
694 2267 911 2323 ponere,
936 2257 991 2306 et
1017 2250 1318 2306 defluentes
1334 2250 1402 2306 ad
1420 2249 1637 2322 culpam
1656 2250 1883 2349 populos
1901 2267 2118 2309 vocare.
2147 2273 2173 2306 n
2194 2255 2274 2311 lili
2301 2273 2431 2329 ergo

430 2340 660 2396 litterati
701 2346 830 2394 sunt
874 2337 1263 2410 praedicatores
1290 2337 1634 2404 Antichristi‚
1660 2338 1754 2410 qui
1803 2337 2124 2395 seculariter
2162 2343 2429 2413 viventes,

430 2429 656 2505 populos
685 2429 753 2484 ad
793 2426 1048 2484 lascivias
1092 2427 1377 2482 inducunt.
1410 2428 1524 2482 Nec
1562 2434 1746 2482 tamen
1783 2428 1830 2482 si
1876 2443 1973 2499 per
2015 2427 2285 2487 litteratos
2313 2437 2435 2489 An-

431 2518 713 2576 tichristus
759 2515 1000 2591 pericula
1044 2515 1100 2571 in
1150 2513 1452 2572 Ecclesiam
1500 2513 1739 2582 inducet,
1771 2515 2020 2588 sequitur
2057 2519 2205 2592 quod
2254 2520 2431 2578 solum

427 2624 528 2683 per
563 2623 678 2664 eos.
1493 2641 1496 2644 -

499 2693 804 2751 Procedunt
835 2691 1067 2751 ulterius
1095 2689 1432 2757 deducendo,
1466 2691 1611 2764 quod
1647 2691 1791 2747 inter
1822 2691 1941 2748 illos
1969 2691 2241 2752 litteratos
2272 2697 2437 2754 inve-

429 2785 652 2840 niuntur
693 2780 871 2836 nuntii
898 2776 1238 2846 Antichristi‚
1277 2784 1511 2853 quorum
1555 2779 1846 2838 consilium
1889 2790 2175 2855 reputatur
2222 2789 2436 2858 pretio-

430 2887 571 2936 sum,
603 2870 900 2926 maximum
931 2874 987 2923 et
1027 2867 1312 2940 optimum,
1346 2869 1504 2941 quasi
1548 2869 1593 2924 si
1636 2871 1760 2942 quis
1796 2869 2105 2926 consuleret
2144 2873 2337 2940 Deum,
2372 2883 2436 2932 ut

431 2959 634 3016 dicitur
675 2958 743 3014 de
780 2955 1199 3028 Achitophel,11
1243 2957 1379 3028 Reg.
1418 2972 1541 3012 xvi.
1587 2957 1671 3014 Et'
1710 2957 1855 3032 quod
1898 2958 2217 3016 seductores
2252 2953 2435 3020 'finalis

431 3047 690 3104 Ecclesiae
722 3062 819 3120 per
869 3045 1219 3118 Architophel
1269 3045 1665 3116 significentur,
1712 3041 1947 3118 probent
1993 3064 2089 3120 per
2126 3049 2231 3106 hoc
2283 3055 2432 3125 quod

431 3134 750 3210 Achitophel
789 3135 938 3208 prius
979 3134 1081 3190 fuit
1119 3149 1246 3189 cum
1275 3134 1448 3189 David
1480 3141 1535 3188 et
1559 3141 1746 3207 postea
1776 3149 1904 3190 cum
1935 3135 2195 3206 Absalon,
2228 3141 2309 3196 sic
2337 3143 2433 3198 isti

431 3228 582 3300 prius
609 3231 769 3281 erunt
811 3240 936 3280 cum
983 3223 1218 3289 Christo,
1246 3229 1433 3295 postea
1463 3237 1589 3278 cum
1632 3223 1987 3292 antechristo,
2023 3227 2167 3283 unde
2204 3229 2428 3299 dicitur,

427 3317 477 3372 ll
532 3315 675 3370 Tim.
724 3329 814 3380 111,
845 3315 878 3366 ὅ
909 3329 923 3368 :
956 3311 1220 3368 Habentes
1258 3310 1479 3382 speciem
1514 3311 1750 3383 pietatis.
1793 3312 1864 3368 Et
1905 3321 2095 3385 postea
2132 3319 2381 3389 sequitur
2415 3338 2432 3375 ι

429 3403 683 3460 Homines
727 3401 973 3474 corrupti
1011 3406 1204 3465 mente,
1229 3399 1446 3472 reprobi
1489 3400 1633 3455 circa
1668 3399 1847 3471 fidem.
1872 3400 1939 3456 Et
1974 3419 2071 3474 per
2112 3404 2243 3459 illud
2286 3407 2433 3478 quod

432 3493 634 3550 dicitur
661 3491 864 3547 lJoan.
898 3505 962 3556 u,
990 3490 1058 3545 ⁴9
1091 3489 1116 3545 τ’
1137 3488 1228 3544 Ex
1253 3487 1404 3544 nobis
1445 3487 1787 3559 prodiemmt.
1834 3488 2030 3547 Glossa
2072 3509 2085 3546 ε
2135 3493 2434 3551 Nobiscum

428 3583 484 3637 in
513 3580 873 3638 sacramentis
901 3576 1342 3645 communicant3
1371 3597 1397 3628 x>
1425 3576 1523 3633 sed
1552 3578 1656 3634 ista
1683 3577 1933 3650 probatio
1963 3595 2073 3636 non
2102 3588 2187 3637 est
2214 3582 2431 3652 efficax,

431 3671 560 3744 quia
602 3685 714 3735 uon,
742 3674 826 3724 est
864 3667 1096 3722 intentio
1144 3665 1392 3740 Apostoli
1433 3666 1487 3722 in
1517 3665 1700 3722 verbis
1738 3668 2057 3740 praemissis,
2090 3670 2247 3744 quod·
2274 3673 2432 3744 prius

429 3759 671 3815 habeant
707 3757 947 3830 speciem
988 3755 1213 3829 pietatis
1239 3761 1296 3812 et
1336 3762 1527 3831 postea
1544 3770 1683 3822 ,eam
1725 3755 1795 3812 de
1834 3765 2039 3829 ponant
2077 3759 2146 3815 ad
2170 3759 2438 3818 infideli-

429 3852 602 3905 tatem
629 3845 902 3915 conversi,
931 3844 1028 3904 sed
1057 3837 1218 3901 simul
1256 3843 1386 3902 dum
1414 3844 1653 3917 speciem
1682 3843 1886 3903 habent
1926 3846 2149 3919 pietatis
2194 3850 2436 3920 superli-
