2784 4392
569 313 705 362 τιν.
730 330 812 346 --
831 311 1079 364 comm
1117 311 1341 365 mue.
1386 311 1492 366 nm
1531 313 1709 367 cum.
1748 315 1831 366 m·
1866 315 2084 368 numo.
2212 295 2327 364 171

320 427 565 502 receptio
609 441 896 500 munerum
940 447 1008 492 ex
1061 429 1364 509 cupiditate
1406 431 1675 509 procedit,
1736 451 1863 510 quae
1907 433 2096 493 oculos
2149 433 2331 492 cordis

318 524 580 590 excaecat,
613 527 669 577 et
693 535 726 579 a
744 517 964 595 justitia
992 521 1269 582 declinare
1299 523 1454 582 facit.
1486 523 1608 582 Alio
1638 522 1799 582 modo
1838 523 1907 582 ad
1945 524 2330 582 necessitatem

317 607 500 665 victus
535 613 592 666 et
637 613 891 679 vestitus,
935 614 991 668 et
1033 611 1140 670 ista
1182 625 1471 671 munerum
1514 613 1762 688 acceptio
1813 611 2174 686 cupiditatem
2220 627 2331 669 non

318 696 483 754 habet
509 714 797 767 annexam,
827 701 972 758 unde
993 717 1098 758 non
1124 704 1591 772 excaecatocu103‚
1616 713 1719 760 neo
1745 701 1913 762 verba
1931 703 2167 774 justitiae
2193 699 2329 758 facit

322 791 558 844 mutare.
586 785 655 844 Et
684 789 802 846 haec
844 789 1126 847 distinctio
1152 787 1416 866 probatur
1439 804 1538 866 per
1579 792 1680 850 hoc
1706 789 1852 865 quod
1877 789 2154 847 habetur-1
2180 788 2327 847 Tim.

319 871 420 931 ult.
451 877 484 932 8
513 889 526 931 ε
569 877 834 946 Habentes
861 875 1118 936 alimenta
1152 885 1204 937 et
1230 871 1420 953 quibus
1455 885 1717 954 teqamur,
1748 879 1831 936 his
1864 879 2095 937 contenti
2127 877 2315 936 simus.

319 961 516 1022 Glossa
543 977 558 1020 τ
588 983 614 1018 α
661 965 766 1038 Qui
809 965 952 1025 ultra
997 963 1194 1037 tendit,
1248 969 1451 1027 malum
1480 969 1709 1038 invenit,
1760 987 1787 1022 a
1832 967 1975 1026 undo
2021 967 2275 1026 subditur
2306 979 2323 1026 ε
2368 1003 2373 1008 -

317 1049 462 1112 Nam
491 1053 585 1129 qm·
607 1057 790 1114 volunt
814 1057 1002 1115 divites
1018 1056 1164 1131 fieri,
1190 1055 1437 1116 incidunt
1461 1058 1519 1116 in
1545 1056 1894 1118 tentationem
1920 1063 1971 1116 et
1994 1055 2053 1114 in
2082 1057 2330 1130 laqueum

319 1139 538 1204 diaboli.

389 1231 474 1290 Ad
501 1235 801 1294 secundum
829 1235 1138 1312 dicendum,
1185 1235 1332 1314 quod
1375 1233 1574 1311 duplex
1618 1238 1703 1294 est
1739 1237 1997 1296 servitus.
2045 1235 2144 1292 Est
2181 1235 2328 1292 enim

317 1319 556 1380 servitus
582 1323 796 1382 timoris
818 1333 874 1382 et
899 1327 1120 1384 amoris.
1138 1325 1243 1398 Qui
1263 1341 1392 1400 ergo
1420 1323 1623 1400 accipit
1647 1337 1876 1384 munera
1903 1341 1973 1383 ex
1998 1323 2327 1398 cupiditate,

307 1411 512 1485 ‚servus
539 1417 622 1471 est
667 1413 899 1484 timoris,
933 1415 1063 1489 quia
1109 1429 1235 1489 quae
1275 1429 1402 1472 cum
1444 1411 1746 1490 cupiditate
1775 1415 2156 1489 acquiruntur,
2202 1427 2329 1470 cum

321 1501 517 1558 timore
554 1499 923 1576 possidentur.
955 1503 1023 1560 Et
1049 1504 1119 1561 ab
1153 1499 1274 1561 haec
1304 1502 1571 1562 servitute
1616 1501 1772 1560 liberi
1802 1499 2004 1559 debent
2032 1517 2152 1558 esse
2180 1502 2329 1560 servi

319 1590 541 1648 Christi.
573 1591 735 1648 Rom.
765 1603 893 1660 vm,
924 1591 994 1648 ⁴5
1022 1607 1036 1648 ε
1064 1589 1190 1652 Νοη
1226 1589 1499 1664 accepistis
1535 1587 1791 1664 spiritum
1824 1588 2101 1648 servitutis
2131 1589 2331 1647 iterum

318 1678 380 1736 in
407 1678 600 1737 timore
614 1695 635 1748 ς
659 1679 757 1737 sed
778 1679 871 1753 qui
898 1679 1099 1754 accipit
1127 1693 1354 1739 munera
1368 1679 1747 1749 ex'charitate,
1779 1692 1973 1737 servus
1992 1683 2076 1736 est
2100 1680 2325 1748 amoriS,

317 1775 374 1825 et
401 1766 472 1824 ab
497 1765 602 1825 hac
638 1767 905 1826 servitute
934 1783 1040 1827 non
1071 1776 1197 1826 sunt
1225 1765 1380 1826 liberi
1418 1769 1563 1826 servi
1600 1767 1837 1838 Christ13
1865 1769 2009 1826 unde
2031 1769 2329 1842 Apostolus

320 1855 474 1925 dicit,
526 1857 575 1912 11
621 1855 744 1913 Cor.
791 1869 870 1927 ιν,
913 1857 950 1912 5
995 1874 1008 1913 ε
1052 1855 1179 1918 Νοη
1221 1855 1563 1933 nosmetipsos
1596 1859 1980 1932 proedicamua,
2018 1856 2107 1914 sed
2149 1855 2327 1926 lesum

321 1945 595 2002 Christum
621 1941 910 2002 Dominum
937 1953 1201 2016 nostrum,
1233 1964 1328 2004 noa
1356 1955 1535 2006 autem
1561 1963 1738 2004 servos
1765 1953 1965 2004 vestros
1990 1963 2093 2020 per
2118 1945 2323 2004 Jesum.

318 2035 477 2092 Patet
503 2047 631 2107 ergo
661 2035 806 2107 quod
839 2033 927 2092 ille
970 2035 1065 2110 qui
1114 2045 1333 2111 propter
1371 2033 1611 2094 officium
1658 2035 1945 2094 charitatis
1990 2033 2327 2107 implendum

321 2122 696 2198 eleemosynas
723 2120 793 2180 ad
822 2125 1067 2198 corporis
1084 2125 1544 2184 sustentationem
1572 2125 1789 2199 recipit,
1817 2141 1925 2184 non
1950 2125 2181 2182 incurrit
2206 2141 2327 2182 ser-

322 2215 573 2282 vitutem,
606 2229 732 2287 quae
760 2213 833 2270 sit
859 2211 1082 2286 indigna
1104 2213 1280 2274 servis
1305 2213 1530 2284 Christi,
1558 2213 1657 2273 sed
1703 2213 1853 2274 illam
1894 2230 2021 2289 quae
2060 2214 2325 2288 competit

321 2299 495 2361 servis
517 2301 740 2361 Christi.

390 2393 474 2452 Ad
507 2393 728 2451 tertium
769 2387 1242 2466 dicendum‘quod
1271 2393 1406 2451 (lare
1450 2389 1747 2450 secundum
1790 2407 1850 2451 se
1886 2399 1969 2452 est
1998 2389 2325 2453 laudabilius

322 2502 486 2560 qnam
503 2486 771 2557 accipere,
789 2483 934 2540 unde
961 2490 1018 2539 et
1041 2483 1401 2555 Philosophus
1424 2483 1560 2539 dicit
1582 2484 1638 2538 in
1658 2483 1729 2539 IV
1747 2482 1930 2540 Echio.
1954 2484 2100 2558 quod
2124 2505 2149 2536 α
2168 2489 2326 2540 actus

321 2573 665 2646 liberalitatis
689 2573 863 2644 magis
879 2579 961 2630 est
991 2569 1046 2628 in
1070 2569 1250 2629 dando
1275 2587 1445 2646 quam
1472 2565 1527 2627 in
1553 2565 1890 2645 accipiendo,
1915 2573 2166 2646 quamvis
2188 2571 2325 2628 libe-

319 2663 451 2722 ralis
479 2662 654 2731 detbet
677 2663 906 2736 recipiat
924 2680 938 2732 ;
957 2661 1087 2717 nihil
1108 2670 1288 2719 tamen
1316 2657 1568 2735 prohibet
1593 2661 1961 2734 receptionem
1986 2677 2105 2718 esse
2132 2659 2327 2718 melio-

318 2769 435 2811 rem
463 2751 677 2809 ratione
703 2751 933 2824 alicujus
950 2749 1213 2823 adjuncti,
1235 2759 1290 2807 et
1307 2749 1414 2807 hoc
1438 2757 1522 2807 est
1547 2767 1641 2824 per
1667 2749 1942 2807 accidenS.
1973 2771 1999 2804 >³
2022 2749 2325 2808 Dicendum

319 2859 468 2914 ergo,
497 2837 644 2914 quod
683 2841 728 2896 si
761 2839 813 2896 in
845 2857 1082 2914 paupere
1111 2837 1243 2895 nihil
1273 2835 1651 2896 consideretur
1680 2835 1783 2896 nisi
1811 2841 2052 2914 receptio
2084 2839 2327 2898 eleemo-

319 2945 472 3002 synae
493 2935 724 2998 tantum,
751 2925 965 2984 beatior
987 2933 1072 2983 est
1095 2925 1266 2995 diveS,
1286 2927 1380 3000 qui
1406 2923 1899 3000 dat-eleemosynas
1923 2944 2089 3002 quam
2119 2943 2325 3000 pauper

319 3017 412 3092 qui
446 3017 671 3090 recipit3
701 3016 796 3072 sed
831 3015 953 3074 talis
981 3021 1162 3090 potest
1191 3033 1310 3074 esse
1352 3033 1519 3074 causa
1548 3013 1846 3090 recipiendi
1894 3017 2319 3091 eleemosynam,

318 3105 464 3179 quod
487 3105 661 3176 magis
679 3102 972 3160 merebitur
989 3105 1257 3178 recipiens
1273 3119 1440 3178 quam
1456 3099 1610 3170 dane,
1631 3111 1817 3176 utpote
1837 3103 1881 3159 si
1904 3105 2034 3160 sein
2058 3103 2151 3159 tali
2174 3109 2321 3160 statu

315 3202 541 3268 propter
570 3193 845 3250 Christum
871 3191 1333 3264 constituerit„ut
1367 3192 1743 3266 eleemosynas
1773 3192 2001 3265 rccipIat
2034 3209 2138 3248 non
2166 3197 2322 3266 quasi

317 3292 563 3350 coactuS,
589 3283 686 3338 sed
712 3279 1051 3339 voluntarius
1080 3299 1305 3356 pauper.
1330 3279 1487 3339 Unde
1511 3281 1707 3340 Glossa
1736 3279 1936 3338 ibidem
1962 3281 2096 3338 dicit
2126 3299 2139 3335 ε
2170 3283 2324 3338 «Non

317 3373 425 3430 illis
454 3373 547 3446 qui
579 3369 786 3444 relictis
813 3372 1064 3428 omnibus
1091 3371 1265 3427 secuti
1293 3377 1419 3427 sunt
1450 3367 1757 3437 Dominum,
1793 3369 1992 3427 divites
2017 3369 2326 3446 eleemosy-

318 3448 500 3520 narios
520 3461 808 3533 praeponit,
833 3459 928 3516 sed
952 3459 1071 3516 illos
1085 3461 1322 3515 maxime
1339 3457 1627 3531 glorificat,
1647 3459 1740 3532 qui
1762 3459 1975 3516 cunctis
1995 3476 2119 3531 quae
2143 3461 2324 3534 possi-

317 3553 447 3617 dent
488 3551 544 3606 in
573 3556 746 3607 semet
785 3547 1182 3617 renuntianteS,
1223 3543 1575 3604 nihilominus
1616 3543 1865 3604 laborant
1898 3548 2151 3604 manibus
2187 3565 2324 3622 ope-

318 3639 507 3710 rand0,
530 3645 591 3695 ut
607 3637 901 3712 operando,
921 3643 981 3694 ut
997 3633 1233 3693 habeant
1252 3634 1392 3692 unde
1407 3631 1649 3692 tribuant
1670 3623 2051 3693 necessitatem
2068 3637 2319 3709 patienti.

316 3727 384 3786 Et
414 3727 772 3802 proculdubio
797 3727 899 3783 hoc
929 3735 1009 3783 est
1054 3719 1380 3782 laudabilius
1428 3721 1615 3781 inillis
1644 3721 1927 3793 duntaxat,
1963 3725 2056 3800 qui
2088 3726 2158 3783 ab
2199 3727 2321 3784 aliis

315 3816 492 3892 magis
520 3816 846 3876 necessariis
884 3812 1332 3890 occupationibus
1368 3821 1587 3876 vacant.
1622 3811 1687 3872 Et
1728 3814 1808 3878 ita
1842 3815 1980 3873 tales
2012 3816 2060 3873 si
2096 3825 2319 3892 possent

320 3909 440 3966 sine
489 3905 882 3984 'impedimento
925 3903 1116 3965 talium
1163 3901 1581 3982 occupationum
1624 3901 1874 3974 laborare
1914 3912 1971 3964 et
2020 3903 2145 3966 aliis
2184 3905 2323 3972 dare
