2784 4392
502 252 622 316 398
977 268 1034 316 a.
1071 264 1313 315 mou
1353 248 1684 319 numme
1705 261 2039 313 oeusoou

505 388 648 445 unde
673 387 887 463 primus
911 387 1074 445 homo
1113 387 1294 461 primo
1319 382 1454 443 usue'
1482 392 1567 443 est
1599 385 1681 443 eis
1709 382 1897 442 divino
1922 382 2204 451 mandato,
2241 381 2375 461 quia
2400 381 2530 441 ool-

505 477 724 547 locatus
751 485 836 536 eet
863 478 918 535 in
943 476 1218 551 paradiso,
1243 490 1407 549 quem
1432 472 1696 532 Dominus
1722 474 2070 548 plantaverat
2092 472 2329 531 diversis
2356 472 2531 531 arbo-

509 583 625 622 rum
644 566 956 639 generibus,
975 574 1036 622 ut
1052 573 1374 639 operaretur
1397 572 1452 621 et
1466 564 1771 640 eustodiret
1786 562 1937 619 illum
1959 561 2279 635 operatione
2298 564 2529 638 quidem

507 654 820 712 delectabili
857 655 976 711 sine
1019 654 1360 726 fatigatione,
1409 660 1471 709 ut
1512 652 1851 725 Augustinus
1887 650 2129 724 exponit,
2175 664 2305 721 vm,
2350 651 2532 723 Super

513 743 642 799 Gen.
673 744 743 798 ad
769 744 881 800 litt.
920 744 1000 799 De
1041 744 1234 815 primia
1260 744 1429 807 etiam
1468 741 1597 799 flliie
1619 741 1773 812 Adae,
1812 740 2070 796 videlicet
2102 740 2235 797 Cain
2263 746 2319 797 et
2362 740 2525 808 Abel,

511 831 736 887 historia
779 831 1010 889 Genesis
1038 837 1242 898 narrat,
1289 830 1437 904 quod
1478 831 1655 903 prima
1704 840 1793 889 ars
1837 842 2007 903 quam
2044 828 2372 896 didicerunt,
2422 829 2531 885 fuit

513 919 817 990 gubernare
854 917 1080 976 divitias
1107 916 1405 987 naturales„
1434 920 1565 993 quia
1606 916 1744 976 Cain
1775 919 1950 991 factm
1976 924 2053 974 est
2080 918 2230 974 homo
2264 918 2531 991 aqriooloe,

517 1007 646 1063 Abel
673 1015 851 1065 autem
875 1014 1046 1064 custos
1071 1008 1265 1076 ovium,
1307 1009 1362 1064 in
1399 1009 1503 1089 hoo
1535 1007 1723 1065 volens
1751 1004 2057 1073 ostendere,
2086 1008 2235 1081 ipsas
2258 1020 2379 1062 esse
2410 1008 2533 1063 ins-

421 1118 426 1122 ·
517 1098 709 1153 titutae
743 1100 812 1153 ad
853 1094 1212 1169 indigentiam
1251 1100 1409 1169 vitae3
1440 1112 1570 1170 ergo
1608 1112 1717 1154 non
1744 1096 1875 1154 eolis
1904 1096 2167 1169 agricolis·
2198 1100 2355 1153 erant
2384 1098 2533 1154 assi-

515 1187 747 1257 gneudoe
769 1190 1157 1259 possessioneS,
1183 1194 1243 1242 ut
1260 1188 1635 1260 Hippodomus
1658 1184 1812 1242 dicit.
1836 1186 1919 1242 Ad
1946 1185 2337 1258 perfectionem
2362 1186 2533 1257 igitur

519 1274 725 1347 politiae
750 1274 1051 1348 requiritur
1077 1282 1267 1331 utnon
1290 1270 1465 1331 solum
1493 1272 1748 1347 agricolae
1770 1273 2020 1347 propriae
2049 1274 2286 1331 habeant
2310 1288 2537 1348 posses-

519 1364 719 1429 siones,
749 1364 844 1419 eed
875 1365 1042 1420 etiam
1067 1361 1181 1433 alii,
1215 1362 1317 1419 nisi
1347 1374 1414 1419 eo
1446 1363 1607 1418 modo
1634 1374 1744 1435 quo
1772 1376 1935 1435 supra
1968 1370 2051 1419 est
2084 1362 2446 1431 declaratum,
2476 1372 2535 1421 et

520 1458 674 1509 tanto
702 1452 936 1525 amplius
958 1453 1253 1519 abundent,
1281 1458 1489 1527 quanto
1513 1452 1567 1507 in
1594 1448 1773 1509 altiori
1798 1450 2035 1507 eulmine
2063 1458 2191 1507 eunt
2220 1451 2531 1520 constituti,

524 1549 771 1614 utsupra
797 1543 866 1597 de
893 1542 1116 1613 regibus
1143 1548 1229 1597 est
1256 1542 1484 1608 dictum,
1519 1546 1579 1597 ut
1610 1542 1727 1613 ,iam
1754 1540 1953 1613 patuit,
1992 1554 2060 1596 ne
2089 1540 2231 1597 forte
2267 1554 2335 1597 ex
2364 1536 2538 1597 nimia

521 1647 654 1687 cura
679 1644 858 1686 rerum
887 1630 1267 1705 temporalium
1291 1626 1670 1697 distrahantur
1692 1642 1723 1686 a
1745 1630 1907 1685 rebus
1927 1628 2155 1696 belliciS,
2184 1628 2268 1685 vel
2292 1630 2541 1702 ipsorum

523 1719 691 1775 nimia
717 1722 1036 1777 amoenitate
1063 1719 1402 1787 mollescant,
1430 1716 1575 1791 quod
1614 1716 1762 1773 cedit
1798 1718 1857 1773 in
1896 1716 2103 1790 politioe
2128 1730 2234 1775 non
2260 1718 2539 1774 modicum

525 1809 935 1885 detrimentum.
980 1808 1134 1867 Unde
1161 1812 1219 1865 et
1261 1810 1376 1881 ipse
1422 1804 1795 1880 Hippodomus
1834 1807 2085 1881 proprias
2126 1807 2207 1863 eis
2253 1804 2539 1864 auferebat

525 1898 916 1973 possessiones,
943 1902 1007 1955 ut
1033 1897 1165 1955 eolie
1189 1897 1358 1954 armis
1386 1896 1754 1953 intenderent.
2434 1884 2440 1890 ’

1267 2124 1552 2196 CAPUT
1603 2126 1791 2195 XIII.

534 2276 724 2343 Ponit
751 2272 1084 2357 opmz'onem
1112 2270 1372 2357 ejusdem
1400 2274 1564 2341 circa
1578 2270 1823 2357 judices
1848 2276 1905 2341 et
1938 2290 2259 2341 assessores
2278 2270 2537 2357 politice,

613 2361 718 2430 ubi
759 2366 1109 2429 divisionem
1147 2364 1306 2446 facil
1351 2364 1749 2447 multiplicem
1786 2364 1845 2429 et
1882 2360 2225 2443 notabilem,
2266 2366 2431 2429 circa
2474 2383 2543 2431 ea

612 2470 744 2539 qua
769 2457 916 2520 sunt
945 2456 1176 2539 ayonda
1191 2452 1585 2537 pov-jndices.

501 2640 508 2647 -
606 2606 675 2664 Et
698 2610 828 2683 quia
855 2606 1213 2679 Philosophus
1236 2606 1305 2664 de
1334 2606 1483 2663 dicto
1508 2603 1847 2680 Hippodomo
1874 2603 2095 2677 longum
2121 2602 2300 2662 adhue
2328 2616 2541 2663 sermo-

538 2712 660 2753 nem
708 2697 839 2753 fecit
865 2697 1014 2753 circa
1051 2708 1210 2753 suam
1249 2694 1519 2770 politiam,
1565 2704 1619 2753 et
1646 2696 1717 2751 de
1761 2696 1879 2769 ipsa
1921 2694 2155 2771 multum
2182 2697 2268 2751 est
2308 2693 2537 2763 dictum,
2604 2742 2616 2755 .

536 2784 640 2839 sub
667 2784 988 2857 compendio
1025 2782 1344 2857 accipienda
1373 2791 1458 2840 est
1486 2798 1583 2841 sue
1627 2784 1869 2851 traditio,
1904 2796 2029 2858 quoe
2056 2788 2250 2841 restat.
2286 2780 2543 2842 Omnium

537 2872 681 2927 enim
708 2868 910 2927 referre
934 2869 1171 2945 politiae,
1205 2882 1330 2927 cum
1356 2869 1614 2945 quoelihet
1642 2872 1839 2929 civitae
1860 2881 2017 2929 suam
2041 2870 2241 2930 habeat
2277 2878 2333 2930 et
2356 2872 2544 2931 diver-

535 2972 674 3027 sam,
709 2956 1036 3017 laboriosum
1056 2966 1201 3017 esset
1229 2958 1469 3019 scribere
1498 2970 1551 3018 et
1580 2960 1923 3019 fastidiosum
1951 2960 2165 3019 audire.
2192 2960 2329 3019 lllud
2358 2969 2545 3020 autem

539 3051 593 3105 in
621 3066 732 3124 quo
775 3050 1008 3107 multum
1045 3050 1245 3107 institit
1278 3051 1460 3107 dictus
1500 3052 1892 3123 Hippodomus‚
1942 3048 2049 3108 suit
2091 3050 2158 3107 de
2192 3050 2434 3125 judiciis,
2483 3062 2545 3110 ut

539 3140 708 3197 refert
738 3140 1072 3197 Aristoteles·
1101 3142 1158 3196 in
1193 3140 1239 3196 Π
1274 3136 1437 3202 Polie.
1472 3138 1649 3197 Primo
1684 3138 1907 3213 quidem
1949 3138 2017 3197 de
2040 3137 2263 3213 judiciis
2293 3152 2543 3213 respectu
2610 3128 2619 3135 ”

539 3231 642 3297 eui,
667 3230 797 3303 quia
817 3214 996 3286 omnia
1012 3230 1220 3303 judicia
1242 3230 1309 3285 ad
1337 3228 1441 3285 tria
1467 3225 1703 3295 reduxit,
1731 3226 1785 3284 in
1812 3228 2008 3303 quibus
2038 3228 2283 3287 homines
2304 3226 2539 3303 litigant,

535 3316 797 3375 videlieet
819 3316 904 3375 'vel
929 3317 998 3374 de
1026 3320 1224 3374 damno
1251 3331 1447 3385 rerum,
1493 3317 1575 3373 vel
1603 3317 1669 3373 de
1698 3316 1897 3389 injuria
1928 3314 1982 3373 in
2001 3330 2329 3391 personam·;
2358 3326 2415 3375 et
2443 3318 2546 3375 hoc

539 3408 848 3479 dupliciter,
894 3406 978 3464 vel
1007 3406 1076 3462 de
1101 3406 1308 3461 offensa
1336 3406 1391 3460 in
1431 3404 1616 3472 verbo,
1649 3406 1734 3461 vel
1763 3407 1831 3462 de
1856 3414 2011 3478 gestu
2044 3407 2189 3481 quod
2232 3406 2544 3465 dehonora-

540 3496 742 3553 tionem
758 3496 1079 3553 Arietoteles
1097 3492 1354 3568 appellat,
1371 3492 1671 3551 secundum
1691 3493 1899 3551 dietum
1920 3494 2324 3569 Philosophum,
2355 3496 2439 3551 vel
2460 3504 2545 3551 est

536 3586 608 3643 de
633 3586 851 3643 loesione
887 3586 1004 3647 eive
1033 3582 1404 3658 percutiendo,
1445 3581 1561 3642 sive
1590 3582 1943 3653 vulnerando,
1985 3598 2149 3659 quam
2190 3584 2547 3659 Philosophus

541 3682 770 3732 mortem
797 3676 979 3742 vocat,
1011 3672 1142 3747 quia
1172 3672 1238 3730 nd
1283 3674 1515 3730 mortem
1552 3672 1855 3741 ordinatur,
1888 3672 1957 3730 de
1999 3674 2196 3749 quibus
2226 3672 2417 3747 longus
2458 3680 2546 3731 eet

537 3776 718 3820 sermo
746 3763 804 3820 in
825 3765 949 3836 jure
975 3762 1143 3831 civili,
1185 3770 1241 3819 et
1277 3760 1397 3821 haec
1428 3760 1927 3837 injustificationem
1957 3768 2119 3822 vocat
2147 3762 2367 3831 ibidem,
2396 3752 2544 3837 'quia

540 3850 733 3919 eontra
765 3850 1042 3939 justitiam
1082 3842 1427 3924 exercentur.
1469 3848 1851 3925 Distinguebat
1896 3852 2066 3919 etiam
2105 3852 2175 3924 de
2208 3848 2437 3941 judiciis
2476 3866 2551 3925 ex
