2784 4392
514 289 761 336 x111.-
787 287 1029 340 comm
1068 286 1252 337 Rern.
1297 286 1451 336 nou.
1495 286 1578 338 Aa
1607 262 1860 337 ‘menna
1906 286 2113 332 namo.
2193 267 2318 330 {21

317 407 493 478 liavit,
542 374 603 469 ut
652 385 1128 468 hahetur-Matth.
1176 419 1239 462 x.
1276 403 1373 463 Est
1423 409 1610 463 autem
1663 403 2020 476 quaerendum
2071 402 2320 470 ultoriuS,

318 503 505 557 utrum
550 497 869 558 exercitium
916 494 1207 554 moralium
1248 493 1516 553 virtutum
1558 493 1794 552 hominis
1839 494 1910 550 ad
1950 495 2210 568 seipsum,
2257 493 2328 550 ad

318 587 491 646 vitam
516 587 751 646 activam
780 585 1053 662 pertineat
1080 601 1097 642 ε
1124 590 1181 640 et
1207 581 1254 641 si
1284 581 1507 655 quidem
1535 582 1843 652 doctrinam
1868 597 2163 656 sequamur
2196 581 2350 648 Phi-‚

320 674 548 750 losophi,
578 674 812 734 morales
852 673 1086 734 virtutes
1123 688 1313 741 omnes
1351 671 1628 744 pertinent
1668 672 1736 728 ad
1773 673 1944 729 vitam
1974 673 2232 740 activam,
2267 678 2326 726 ut
2405 676 2408 680 ’

320 771 473 839 patet
501 763 558 822 in
578 779 640 822 x.
657 763 901 826 Ethicor.
920 779 933 820 ε
949 760 1353 820 Intellectuales
1370 775 1504 821 vero
1527 760 1596 820 ad
1621 760 1792 820 vitam
1821 759 2321 833 contemplativam,

320 853 405 912 cui
458 853 627 912 etiam
670 851 961 928 Augustin.
1000 855 1296 912 attestatur
1338 864 1450 916 κη,
1482 848 1552 908 de
1593 849 1884 919 Trinitat.;
1916 848 2008 904 ubi
2059 849 2329 906 rationem

288 941 631 1011 „inferiorem
670 955 797 1018 quae
839 937 1160 1014 temporalia
1205 939 1506 1014 dispensat,
1534 938 1650 998 sive
1688 939 1757 998 ad
1787 953 1866 1006 se,
1889 937 2008 995 eive
2045 939 2113 998 ad
2160 938 2329 996 alium

322 1031 650 1104 pertinentia
678 1029 905 1107 deputat
934 1029 1157 1098 actioni,
1185 1028 1522 1100 superiorem
1565 1043 1696 1088 vero
1745 1028 2034 1095 rationem,
2068 1044 2194 1100 quae
2236 1045 2332 1084 ra-

324 1119 561 1180 tionibus
588 1119 809 1178 aeternis
840 1117 1086 1186 inhaeret,
1118 1116 1347 1190 deputat
1394 1116 1862 1188 contemplationi.
1890 1118 2007 1173 Hoc
2048 1131 2180 1189 ergo
2225 1117 2329 1176 ha-

323 1208 456 1276 bito,
489 1209 541 1264 in
570 1215 823 1284 promptu
850 1213 935 1265 est
964 1206 1122 1276 ratio,
1153 1222 1323 1281 quare
1370 1206 1486 1266 vita
1531 1207 1712 1266 activa
1757 1206 2034 1279 praecedat
2078 1214 2331 1263 contem-

324 1297 603 1376 plativam,
633 1296 763 1370 quia
789 1295 893 1356 nisi
919 1295 1081 1356 homo
1108 1312 1203 1370 por
1246 1295 1479 1355 virtutes
1525 1295 1760 1356 morales
1803 1295 2004 1352 habeat
2027 1297 2266 1356 animam
2298 1313 2330 1354 a

326 1385 665 1462 passionibus
692 1385 1036 1462 depuratam,
1060 1383 1207 1458 quod
1232 1386 1470 1458 pertinet
1496 1385 1566 1445 ad
1609 1385 1780 1444 vitam
1825 1376 2082 1454 activam,
2113 1402 2218 1442 non
2249 1394 2331 1444 est

235 1528 241 1533 .
325 1475 589 1534 indoneus
611 1475 681 1533 ad
709 1475 951 1534 divinam
979 1475 1271 1534 veritatem
1319 1473 1816 1544 contemplandam,
1849 1475 2147 1534 secundum
2196 1475 2327 1532 illud

324 1563 517 1624 Matth.
546 1580 603 1629 v,
630 1569 661 1620 8
692 1578 705 1616 ε
736 1563 895 1622 Beati
918 1561 1111 1622 mundo
1140 1561 1317 1628 corde,
1342 1561 1593 1632 quoniam
1621 1561 1726 1636 ipsi
1755 1562 1928 1618 Deum
1972 1562 2244 1628 videbunt,
2275 1573 2330 1619 ot

324 1651 413 1712 hic
455 1650 794 1724 imperfecta,
825 1657 881 1708 et
923 1649 979 1706 in
1021 1648 1204 1707 futuro
1242 1647 1702 1720 contemplatione
1739 1649 2001 1722 perlecta.
2032 1651 2122 1708 Sic
2163 1653 2327 1724 igitur

326 1739 648 1810 exercitium
678 1739 807 1796 vitae
836 1737 1034 1798 activae
1070 1744 1154 1796 est
1194 1753 1305 1796 non
1332 1736 1606 1799 solum'iu
1649 1737 2004 1807 secularibus,
2037 1741 2131 1796 sed
2164 1745 2328 1799 etiam

324 1830 381 1885 in
412 1827 703 1900 religiosis.
732 1825 909 1886 Primo
935 1827 1174 1902 quidem,
1208 1825 1265 1882 in
1300 1832 1568 1900 quantum
1594 1842 1690 1898 per
1735 1827 1972 1888 virtutes
2009 1831 2244 1888 morales
2274 1834 2329 1888 in

306 1921 406 1980 ‚eie
450 1919 649 1976 animae
692 1917 971 1994 passiones
1018 1915 1379 1978 refrenantur.
1427 1915 1695 1983 Secundo,
1735 1917 1868 1988 quia
1907 1917 2011 1989 ipsi
2062 1919 2228 1976 etiam
2271 1923 2325 1978 in

328 2007 461 2068 alios
486 2013 709 2080 possunt
742 1997 1129 2065 misericordiae
1157 2005 1335 2064 officia
1365 2003 1640 2072 exhibere,
1673 2004 1762 2064 vel
1795 2004 2040 2062 docendo
2083 2009 2166 2064 vel
2203 2026 2329 2066 cor-

314 2087 571 2170 ''rigendm
600 2086 903 2153 vel'saltem
931 2095 1173 2153 infirmos
1202 2095 1499 2160 visitando,
1532 2101 1758 2152 moestos
1785 2095 2135 2165 consolando,
2161 2100 2245 2154 vel
2277 2102 2330 2156 in
2375 2141 2380 2143 -

228 2187 231 2190 ’
327 2185 527 2250 saeculo
552 2184 867 2252 existente-5,
901 2182 985 2240 vel
1012 2199 1197 2241 secum
1229 2184 1283 2242 in
1311 2185 1643 2243 monasterio
1673 2183 1942 2242 viventes.
1971 2186 2126 2242 Unde
2152 2205 2330 2262 quan-

329 2283 449 2334 tum
474 2273 541 2332 ad
571 2273 688 2330 haec
713 2271 841 2337 duo,
876 2270 1077 2327 dicitur
1104 2271 1313 2330 Jacobi.
1341 2286 1381 2338 1,
1412 2273 1479 2329 27
1503 2289 1516 2330 ς
1541 2272 1742 2342 Reliqio
1765 2272 1963 2334 monada
1990 2281 2040 2330 et
2069 2292 2331 2334 immacu-

328 2363 441 2422 lata
474 2361 617 2436 apud
651 2361 816 2418 Deum
856 2365 905 2418 et
932 2358 1155 2420 Patrem
1195 2359 1300 2416 haec
1330 2366 1427 2424 ert,
1459 2361 1684 2418 visitare
1708 2361 1940 2432 pupiltos
1967 2369 2016 2418 et
2049 2363 2238 2420 viduas
2270 2368 2330 2422 in

330 2451 677 2512 tribulatione
720 2465 921 2516 eorum,
956 2455 1008 2506 et
1053 2447 1447 2508 immacu-latum
1487 2464 1540 2505 se
1581 2449 1844 2505 mtodire
1880 2449 1943 2510 ab
1987 2451 2079 2506 hoo
2120 2455 2326 2510 sce-culo.

330 2540 535 2608 Tertio,
563 2539 692 2618 quia
722 2537 917 2612 inipso
948 2535 1225 2608 religionis
1250 2537 1497 2607 ingressu
1535 2537 1702 2596 etiam
1746 2539 2067 2609 temporalia
2109 2541 2334 2615 dispen-

331 2636 615 2696 saverunt,
640 2642 765 2700 quae
793 2624 1067 2686 habebant
1102 2625 1434 2697 pauperibus
1465 2625 1776 2696 largientes.
1809 2627 1928 2682 Non
1953 2643 2082 2700 ergo
2112 2637 2331 2704 propter

332 2719 438 2795 hoc
464 2717 661 2780 Glossa
699 2715 923 2776 inducta
950 2721 1225 2788 praecepta
1266 2713 1402 2774 dicit
1429 2715 1498 2774 ad
1542 2716 1712 2781 vitam
1753 2717 1990 2774 activam
2031 2710 2325 2790 pertinere,

330 2807 559 2866 consilia
588 2821 713 2862 vero
744 2805 811 2862 ad
837 2802 1335 2876 contemplativam,
1364 2803 1494 2876 quia
1525 2812 1797 2876 praecepta
1833 2805 1900 2861 ad
1947 2807 2119 2864 solam
2144 2810 2334 2875 witam

332 2896 570 2958 activam
597 2893 907 2968 pertineant
940 2909 951 2946 z
985 2891 1120 2952 dicit
1162 2891 1306 2948 enim
1353 2891 1556 2952 ibidem
1597 2893 1829 2964 Gregor.
1860 2882 2336 2969 :contemplativa

333 2989 447 3046 vita
476 2992 550 3043 est
580 2982 897 3042 charitatem
921 2980 1039 3046 Dei,
1070 2987 1118 3038 et
1146 2979 1386 3052 proximi
1416 2988 1528 3040 tota
1569 2988 1739 3040 menta
1775 2983 2032 3050 retinere,
2058 3001 2173 3056 012⁴ae
2209 2996 2337 3044 sunt
2393 3013 2396 3016 ·

334 3091 526 3148 ”taqua
549 3078 815 3148 praecepta
847 3069 907 3128 in
935 3069 1075 3142 leym
1102 3075 1161 3128 ut
1190 3068 1391 3128 dicitur
1420 3069 1614 3129 Manili.
1645 3087 1810 3128 xxm
1841 3089 2020 3146 neque
2061 3075 2158 3140 ita,
2190 3077 2332 3146 quod

335 3149 560 3221 consilia
590 3160 899 3238 pertineant
929 3157 998 3214 ad
1028 3157 1199 3216 solam
1224 3157 1729 3229 contemplativam,
1760 3160 1902 3220 sicut
1927 3160 2204 3218 ostensum
2231 3172 2330 3231 est,

334 3252 430 3313 sed
470 3251 598 3324 quia
644 3249 873 3326 consilia
914 3245 1289 3321 principaliter
1337 3246 1634 3318 disponunt
1671 3247 1750 3306 'ad
1791 3248 1958 3304 vitam
1999 3251 2338 3323 contempla-

338 3344 528 3406 tivam,
557 3343 831 3416 praecepta
857 3344 1041 3394 autem
1079 3335 1196 3392 sine
1234 3335 1478 3396 eonsiliis
1524 3336 1834 3406 observata,
1865 3354 1970 3394 non
2009 3339 2340 3398 sufficienter

338 3431 633 3502 disponunt
671 3428 739 3485 ad
777 3428 947 3484 vitam
984 3423 1470 3497 contemplativam
1517 3426 1582 3486 ad
1619 3442 1782 3498 quam
1830 3427 2128 3499 requiritur
2166 3429 2333 3500 major

340 3519 620 3592 perfectio.
652 3517 770 3574 Nou
800 3531 928 3588 ergo
955 3519 1175 3586 propter
1205 3512 1307 3570 hoc
1336 3521 1551 3585 oportet
1586 3515 1824 3588 aliquem
1845 3515 1899 3570 in
1927 3515 2130 3572 saeculo
2158 3533 2342 3576 rema-

340 3625 485 3674 nere,
517 3617 576 3664 ut
604 3605 695 3660 ubi
738 3605 1067 3662 exercitetur
1095 3602 1148 3658 in
1180 3603 1293 3658 vita
1332 3601 1512 3660 activa
1537 3643 1551 3669 ,
1584 3604 1714 3674 quia
1753 3603 1920 3660 etiam
1962 3605 2016 3660 in
2060 3611 2207 3662 statu
2249 3625 2344 3664 re·-

340 3696 557 3770 ligionis
605 3700 785 3771 potest
839 3693 1001 3750 homo
1054 3689 1254 3750 habere
1300 3691 1623 3751 exercitium
1671 3697 1886 3750 tantum
1935 3693 2066 3754 vilae
2119 3691 2345 3765 aotivae,

340 3794 607 3862 quantum
650 3797 874 3842 necesse
920 3786 1003 3840 est
1042 3779 1112 3840 ad
1154 3779 1277 3850 hoc,
1305 3779 1451 3852 quod
1493 3778 1654 3842 homo
1687 3790 2074 3854 promoveatur
2094 3785 2174 3848 ‚ad
2208 3801 2346 3844 cou-

343 3872 774 3958 templationem.
