2784 4392
437 237 577 317 412'
915 260 972 309 s.
1013 255 1250 307 'mou
1288 254 1622 329 neumam
1661 252 1975 306 croscum

442 384 635 451 tatem,
659 376 794 447 licet
817 384 1100 440 senatores
1125 376 1307 451 primo
1338 391 1374 435 a
1403 373 1636 435 Romulo
1666 373 2043 432 sint-inventi.
2072 374 2277 435 Divisit
2303 375 2463 441 enim

443 476 616 527 totam
640 468 924 527 civitatem
951 466 1011 525 in
1037 472 1151 523 tres
1171 471 1375 541 parteS,
1406 466 1462 521 in
1485 472 1786 532 senatores,
1815 464 2019 522 milites
2041 474 2101 525 et
2120 466 2362 545 plebem,
2396 474 2464 528 et

443 563 576 614 tunc
615 558 978 615 existentibus
1021 556 1266 629 regibus,
1307 554 1362 611 in
1410 554 1544 611 urbe
1585 554 1849 610 tenebant
1893 553 2073 615 locum
2112 570 2305 614 senum
2353 559 2461 633 qui

442 653 598 703 erant
643 647 704 703 in
743 646 1178 709 Lacedaemonia,
1206 644 1300 717 qui
1325 644 1607 717 Aphorym
1642 643 1988 715 dicebantur,
2030 644 2148 703 sive
2195 646 2253 702 in
2284 646 2460 706 Creta

445 751 585 808 quos
615 737 870 809 Bosmyrn
897 733 1263 809 appellabant,
1291 734 1409 817 sive
1448 734 1506 788 in
1530 732 1894 789 chalcedonia
1916 748 2069 809 ,quos
2092 736 2463 795 nominabant

443 824 720 891 Genisios‚
735 831 800 880 ut
821 824 1215 897 supradictam
1231 827 1432 891 aetzet
1446 821 1584 895 qnia
1604 828 1897 879 mauros
1912 838 2049 899 onan
2075 824 2265 897 primis
2288 835 2457 884 erant

442 914 498 969 in
527 913 898 981 multitudine,
930 912 1053 969 ideo
1088 917 1219 975 tunc
1245 911 1589 987 principatus
1613 911 1985 971 Romanorum
2010 912 2270 987 politicus
2292 914 2459 975 dice-

441 1002 628 1058 batur.
653 1002 885 1073 Quando
924 1015 1050 1058 vero
1078 999 1533 1073 corrumpebatur
1560 999 1751 1073 politia
1774 1016 1872 1072 per
1896 1001 2201 1077 potentiam
2230 1003 2459 1079 aliquo-

443 1105 696 1165 quorum,
727 1095 860 1163 puta
901 1096 1149 1164 tempore
1194 1105 1305 1164 quo
1333 1096 1525 1149 exorta
1548 1094 1676 1145 sunt
1710 1087 1857 1145 bella
1894 1088 2100 1156 civilia,
2126 1096 2261 1148 tunc
2288 1108 2461 1167 rege-

445 1177 608 1235 batur
643 1177 974 1249 oligarchico
1003 1178 1336 1254 principatu.
1365 1178 1499 1235 Haec
1523 1190 1622 1249 pro
1648 1182 1803 1235 tanto
1830 1186 1961 1235 sunt
1988 1178 2138 1237 dicta
2162 1180 2233 1241 ad
2260 1190 2463 1239 osten-

444 1266 684 1322 dendum
743 1267 983 1337 regimen
1033 1266 1355 1323 Graecorum
1408 1265 1643 1325 multum
1694 1267 2031 1327 concordare
2085 1280 2213 1330 cum
2264 1275 2459 1330 nostro

445 1354 614 1415 etiam
643 1358 888 1431 tempore
910 1352 1246 1415 Aristotelis.
1355 1430 1361 1437 ·

451 1667 758 1746 Quomodo
785 1665 1148 1733 Aristoteles
1161 1666 1362 1732 mu
1371 1666 1443 1729 i·
1454 1664 1678 1745 polit-’a
1700 1663 2242 1732 chalcedoniorum
2257 1666 2458 1735 deo·-

521 1765 788 1821 mtnm
809 1759 884 1821 de
901 1758 1178 1822 electione
1197 1757 1525 1837 principie,
1548 1760 1763 1819 utrum
1782 1756 1953 1821 dives
1990 1759 2086 1822 vol
2105 1776 2349 1841 pauper
2370 1761 2461 1825 sit

410 1882 426 1899 ·
525 1848 858 1928 aliquidue,
883 1852 948 1910 et
973 1846 1241 1927 qualiter
1257 1862 1498 1925 pauper
1522 1846 1837 1909 &canem
1858 1850 2198 1913 wsmari
2224 1848 2453 1925 aaut,

515 1941 581 2001 ct
603 1941 817 2001 amm
837 1936 955 2001 uui
967 1936 1245 2017 principi
1265 1939 1607 2016 competant
1630 1935 1821 2015 plura
1840 1935 2135 2003 domim.

511 2066 707 2124 Tradit
743 2067 912 2125 etiam
957 2066 1344 2124 documentum
1391 2064 1538 2124 idern
1580 2065 1939 2141 Philosophus
1978 2068 2036 2126 in
2076 2068 2227 2129 dicta
2262 2070 2457 2145 politia

445 2152 930 2213 chalcedoniorum
946 2162 1213 2229 quantum
1232 2154 1304 2212 ad
1322 2154 1669 2224 electionem,
1685 2163 1746 2213 ut
1774 2171 1881 2213 non
1902 2165 2022 2217 arte
2050 2158 2136 2215 vel
2162 2159 2459 2218 sortialiter

446 2242 672 2315 eligant,
721 2244 816 2301 sed
855 2245 1148 2311 virtuosos,
1192 2244 1325 2319 quia
1369 2245 1641 2317 contingit
1692 2245 1987 2319 aliquando
2030 2247 2198 2304 talem
2248 2258 2458 2307 sortem

445 2348 610 2407 super
651 2348 944 2407 pauperem
983 2332 1201 2400 cadere,
1227 2333 1387 2410 cujus
1428 2333 1767 2407 principatus
1796 2339 1881 2391 est
1905 2335 2267 2410 periculosus,
2299 2340 2453 2415 quia,

443 2428 508 2479 ut
531 2422 648 2495 ipse
675 2422 810 2480 dicit
837 2428 894 2479 et
921 2436 1086 2497 supra
1124 2427 1210 2479 est
1236 2428 1539 2488 ostensum,
1572 2421 1909 2494 impossibile
1934 2433 2018 2481 est
2044 2435 2296 2499 egentem
2318 2427 2457 2490 bene

445 2512 765 2589 principari,
803 2526 872 2571 ac
921 2510 1164 2584 legitime
1219 2510 1457 2585 negotiis
1492 2510 1725 2584 publicis
1764 2511 1923 2585 posse
1962 2527 2181 2573 vacare.
2226 2518 2457 2591 Propter

445 2601 834 2658 necessitatem
861 2601 1009 2658 enim
1046 2600 1219 2657 inhiat
1263 2599 1446 2666 lucris,
1471 2605 1527 2657 et
1564 2598 1741 2657 resilit
1768 2616 1803 2658 a
1830 2602 2057 2671 virtute,
2088 2620 2189 2661 nec
2214 2605 2321 2663 sibi
2351 2608 2459 2680 ipsi

443 2702 645 2747 vacare
670 2694 869 2764 potest,
893 2696 956 2746 ut
987 2688 1234 2762 quiescat
1261 2688 1498 2755 animus,
1526 2702 1625 2745 seu
1661 2694 1725 2745 ut
1751 2688 1887 2748 dicit
1912 2690 2185 2749 Salustius
2212 2694 2281 2751 de
2305 2698 2457 2752 anti-

446 2779 572 2853 quis
600 2780 878 2845 Romanis,
907 2778 982 2835 sit
1005 2777 1219 2833 animus
1241 2776 1298 2833 in
1325 2776 1659 2834 consulendo
1689 2777 1845 2836 liber.
1864 2780 2059 2839 Tradit
2082 2782 2250 2839 etiam
2280 2772 2459 2843 docuss-

445 2875 691 2925 mentum
719 2864 1074 2939 Philosophus
1099 2864 1249 2939 quod
1277 2872 1334 2925 et
1361 2864 1747 2927 Chalcedoniae
1780 2868 1916 2925 dicit
1944 2870 2240 2945 contigisse
2269 2873 2325 2931 in
2354 2891 2458 2935 sua

444 2954 711 3022 Polit.,ut
736 2955 784 3013 si
809 2960 1016 3030 quanto
1042 2954 1378 3027 reperiretur
1402 2971 1609 3030 pauper
1642 2958 1735 3030 qui
1764 2956 1907 3015 foret
1933 2959 2229 3031 virtuosus,
2246 2964 2317 3020 ad
2346 2965 2460 3021 tol-

445 3040 665 3101 lendam
702 3042 1045 3101 occasionem
1077 3058 1148 3105 ne
1172 3057 1231 3099 se
1273 3040 1441 3100 lucris
1470 3043 1759 3119 immergat
1782 3043 2006 3114 illicitis,
2039 3054 2098 3103 ut
2145 3050 2460 3123 respublica

445 3132 498 3188 ei
527 3132 812 3205 provideat
845 3132 899 3189 in
927 3131 1285 3201 necessariis3
1310 3132 1458 3188 unde
1486 3136 1543 3188 et
1572 3132 1627 3190 in
1650 3132 1798 3189 omni
1837 3135 2099 3207 regimine
2126 3144 2255 3193 sunt
2291 3140 2462 3197 insti-

445 3226 570 3277 tuta
593 3220 862 3295 stipendia
893 3221 1008 3276 sive
1027 3220 1096 3277 de
1114 3220 1311 3277 aerario
1335 3219 1575 3294 publico,
1600 3225 1662 3276 ut
1678 3223 2017 3293 Augustinus
2036 3225 2171 3284 dicit
2188 3226 2268 3283 De
2280 3226 2461 3285 verbis

446 3308 689 3377 Domini,
717 3326 784 3367 ne
811 3308 953 3365 forte
987 3308 1120 3365 dum
1159 3318 1412 3381 sumptus
1447 3308 1736 3383 quaeritur,
1771 3310 1954 3382 praedo
1991 3321 2310 3386 grassetur;
2341 3318 2459 3375 sive

448 3397 518 3455 de
545 3398 702 3455 bonis
741 3396 1033 3475 cujuslibet
1071 3396 1174 3455 sub
1214 3397 1478 3473 regimine
1512 3389 1822 3467 constituti,
1858 3408 1921 3460 ut
1962 3408 2092 3458 sunt
2146 3404 2355 3463 tributa
2400 3413 2461 3463 et

445 3488 759 3563 vectigalia,
787 3503 912 3564 quae
941 3487 1177 3544 dominis
1203 3487 1471 3544 debentur
1496 3489 1736 3563 quodam
1752 3491 1878 3563 jure
1908 3493 2298 3558 naturae‚sicut
2325 3511 2462 3569 pro-

445 3572 547 3634 bat
592 3576 884 3653 Apostolus
925 3575 997 3635 ad
1037 3576 1197 3637 Rom.
1243 3592 1378 3658 nni,
1402 3580 1437 3635 6
1470 3576 1657 3645 deleo,
1685 3579 1885 3653 inquit,
1912 3580 2123 3639 tributa
2156 3584 2461 3655 proestatis,

443 3664 696 3745 ministri
718 3666 859 3723 enim
883 3664 984 3723 Dei
1011 3672 1160 3732 sunt,
1177 3665 1237 3721 in
1264 3664 1358 3723 hoc
1385 3666 1561 3739 ipsum
1578 3666 1889 3727 servientes.
1914 3669 2070 3737 Item,
2097 3671 2154 3727 in
2183 3670 2302 3733 lad
2330 3672 2460 3732 Cor.

449 3768 513 3823 x,
537 3755 576 3809 ⁰7
618 3771 633 3811 ε
676 3754 830 3823 Quis,
859 3754 1060 3829 inquit,
1091 3754 1294 3813 militat
1330 3754 1617 3831 stipendiis
1654 3756 1770 3816 cuis
1802 3759 2076 3835 unquam?
2124 3760 2256 3829 Quis
2285 3761 2463 3837 pascit

449 3856 684 3923 precem,
707 3848 762 3901 ct
787 3841 850 3900 de
870 3841 1003 3899 lacto
1027 3841 1142 3917 effus
1167 3858 1276 3901 non
1297 3844 1631 3905 manducat?
