2784 4392
549 289 680 334 xrv.
712 305 792 317 —
820 289 1060 333 com-Ra
1101 287 1316 332 mene.
1363 288 1467 332 Dm
1510 289 1684 333 cum.
1727 289 1804 346 ΕΤ
1844 288 2050 335 Rama.
2188 274 2309 336 245

299 413 536 472 meatur,
579 421 704 462 cum
734 405 949 461 dicatur
989 405 1155 460 etiam
1199 403 1332 476 ipsis
1357 384 1650 475 Apostolis‚
1691 404 1884 462 Matth.
1911 422 1967 473 v,
1994 405 2055 462 tt
2092 419 2107 461 ε
2148 405 2307 462 Beati

298 497 439 564 estis,
474 512 590 552 cum
619 493 994 550 maledioeerint
1017 492 1160 548 vobis
1182 493 1435 558 nominee,
1462 499 1512 549 et
1536 492 1781 551 dixerint
1808 510 1959 550 omne
1978 495 2177 552 malum
2204 497 2307 552 ad-

295 567 480 642 versas
516 601 625 650 vos,
667 583 995 640 mentientes.
1036 583 1096 637 ln
1127 581 1500 638 ecclesiastica
1530 583 1698 638 etiam
1743 583 1973 640 historia
2018 585 2301 654 recitatur,

297 673 570 748 quomodo
601 673 818 746 tyranni
845 669 1210 744 procurabant
1235 669 1424 726 fideles
1449 669 1648 728 Christi
1676 671 2006 748 turpissimis
2036 671 2189 732 vitiis
2218 673 2303 729 in-

298 763 513 819 samari.

365 854 591 908 Sextum
623 851 841 920 signum
865 849 1142 921 accipiunt
1179 864 1246 905 ex
1273 847 1378 904 hoc
1407 849 1552 922 quod
1599 849 1847 922 sequitur
1888 851 1966 908 ibi
1994 851 2113 910 :Et
2150 853 2303 910 malti

295 940 756 1014 pseudoprophetae
803 944 1042 1010 surgent,
1070 945 1120 993 et
1160 935 1406 994 seducent
1448 938 1659 995 maltos.
1706 939 1864 1010 Quod
1919 935 2111 997 dicunt
2160 959 2305 998 nunc

297 1045 580 1102 apparere,
611 1027 830 1100 quando
861 1027 1100 1098 religiosi
1127 1027 1351 1098 quidam
1373 1037 1657 1099 apparent,
1690 1044 1831 1100 quos
1855 1030 2303 1104 pseudoprophe-

299 1125 382 1173 tas
408 1119 709 1185 nominant,
735 1123 956 1188 propter
983 1116 1084 1171 hoc
1113 1116 1256 1188 quod
1287 1131 1345 1170 se
1367 1115 1543 1188 ispsos
1572 1117 2050 1184 commendant‚et
2082 1129 2302 1193 propter

297 1207 402 1263 alia
433 1208 686 1290 quaedam
717 1204 1044 1278 hujusmodi.
1069 1205 1173 1261 Sed
1204 1204 1320 1261 haec
1351 1221 1538 1261 eorum
1560 1205 1826 1278 expositio
1852 1215 2004 1280 patet
2026 1225 2145 1266 esse
2174 1227 2303 1282 per-

298 1313 451 1352 versa
476 1312 572 1367 per
597 1295 848 1352 Glossam
874 1309 998 1366 quae
1024 1293 1252 1350 habetur
1277 1295 1445 1351 Marc.
1477 1311 1605 1362 xm,
1637 1295 1729 1350 ubi
1760 1295 1877 1353 haec
1905 1297 2096 1354 eadem
2133 1300 2301 1356 verba

297 1386 549 1456 leguntur
577 1401 699 1457 quae
727 1383 1230 1456 pseudoprophetas
1266 1384 1400 1439 dicit
1426 1400 1544 1440 esse
1574 1385 1959 1456 intelligendos
1986 1388 2295 1456 haereticOS,

295 1475 378 1534 vel
411 1475 530 1530 illos
558 1476 651 1546 qui
691 1475 746 1528 in
777 1473 974 1545 populo
1000 1473 1316 1528 ludaeorum
1345 1473 1565 1528 fuerunt
1595 1475 1917 1531 seductores
1946 1482 2069 1548 post
2100 1479 2297 1536 Christi

294 1565 600 1637 passionem
629 1571 755 1620 ante
797 1561 1133 1618 eversionem
1167 1571 1398 1618 terrenae
1425 1561 1786 1618 Hierusalem.
1812 1565 1897 1619 Ad
1938 1563 2098 1636 hujus
2131 1569 2299 1624 etiam

293 1653 719 1708 destructionem
744 1649 944 1708 sufficit
972 1650 1118 1724 quod
1147 1667 1311 1722 supra
1340 1651 1548 1706 dictum
1577 1659 1663 1708 est
1692 1651 1760 1706 de
1786 1652 2296 1726 pseudoprophetiS.

361 1741 663 1812 Septimum
688 1740 902 1809 signum
947 1738 1223 1810 accipiunt
1249 1746 1304 1794 et
1333 1739 1439 1794 hoc
1468 1740 1615 1812 quod
1657 1739 1860 1796 ibidem
1890 1741 2143 1816 subditur
2175 1761 2190 1800 ε
2220 1747 2296 1802 Et

291 1829 542 1901 qnoniam
570 1827 862 1883 abundabit
886 1826 1166 1900 iniquitas,
1194 1827 1497 1900 rest-ipascet
1536 1828 1773 1886 charitas
1796 1830 2117 1899 multorum5
2150 1817 2308 1906 quod*

292 1920 482 1974 dicunt
522 1933 665 1972 nunc
706 1917 939 1989 impleri,
979 1917 1196 1990 quando
1241 1918 1463 1990 quidam
1508 1919 1601 1990 qui
1656 1918 1911 1975 videntur
1954 1920 2010 1976 in
2050 1921 2295 1981 Ecclesia

294 2008 525 2064 maxime
555 2007 682 2064 fidei
723 2006 1010 2073 zelatores,
1044 2007 1329 2064 dimittunt
1367 2008 1724 2080 Evangelium
1766 2008 1984 2078 Christi,
2011 2020 2066 2068 et
2104 2014 2296 2070 adhae-

293 2105 412 2154 rent
437 2095 734 2166 Evangelio
756 2103 982 2160 aeterno,
1009 2095 1064 2149 in
1093 2111 1202 2166 quo
1225 2097 1533 2152 ostenditur
1558 2097 1885 2154 charitatem
1908 2117 2073 2174 quam
2099 2101 2296 2160 habere

290 2185 489 2239 debent
515 2183 582 2238 ad
608 2183 884 2237 Christum
913 2181 1246 2250 refriguisse.
1262 2183 1367 2238 Sed
1392 2184 1448 2238 in
1470 2183 1575 2240 hoc
1603 2185 1762 2256 plane
1785 2191 2143 2260 mentiuntur,
2167 2196 2295 2266 quia

292 2273 366 2327 illi
397 2273 465 2326 de
496 2269 694 2342 quibus
736 2269 884 2340 loqui
909 2269 1183 2334 videntur,
1211 2270 1569 2340 Evangelium
1593 2272 1793 2338 Christi
1836 2291 1943 2332 non
1986 2280 2291 2352 dimittunt,

292 2377 391 2416 nec
417 2359 575 2416 alteri
603 2357 897 2428 Evangelio
923 2356 1222 2412 adhaerent.
1254 2357 1322 2412 Et
1347 2368 1634 2430 praeterea,
1662 2361 1793 2418 dato
1821 2367 1968 2436 quod
1996 2367 2098 2424 hoc
2126 2381 2291 2440 esset,

291 2448 554 2522 numquid
599 2463 631 2504 a
670 2444 854 2501 multis
894 2445 1186 2501 retroactis
1229 2446 1565 2518 temporibus
1604 2448 1771 2520 aliqui
1812 2454 1906 2523 qui
1945 2453 1999 2508 in
2050 2457 2294 2514 Ecclesia

295 2538 615 2595 videbantur
645 2535 890 2608 perfecti,
921 2549 1090 2591 novas
1121 2533 1356 2592 haereses
1381 2535 1779 2601 confinxerunt,
1810 2539 2011 2597 Christi
2040 2544 2297 2618 Evange-

294 2627 424 2682 lium
462 2625 820 2691 dimittenteS,
851 2631 911 2679 ut
937 2624 1206 2695 Pelagius,
1239 2625 1545 2692 Nestorius,
1576 2625 1852 2700 Eutyches
1898 2636 1954 2686 et
1978 2633 2159 2689 multti
2202 2635 2295 2692 alii

293 2715 621 2787 hujusmodi.
649 2715 763 2770 Nec
785 2722 968 2770 tamen
1001 2714 1058 2769 iu
1085 2712 1185 2768 hoc
1215 2713 1433 2772 illorum
1456 2713 1699 2772 charitas
1727 2716 2079 2790 refrigescere
2104 2731 2296 2782 osten-

292 2805 458 2870 ditur,
493 2803 639 2875 quod
671 2804 774 2858 etsi
806 2803 1128 2887 praedictam
1153 2803 1458 2860 doctrinam
1488 2820 1596 2860 non
1623 2815 1941 2880 sequantur,
1974 2816 2157 2869 tamen
2188 2832 2296 2872 non

225 2895 232 2902 ’
295 2897 717 2968 persequuntur.
759 2891 882 2946 Non
924 2892 1069 2948 enim
1111 2894 1492 2964 persecutione
1537 2895 1746 2968 indiget
1786 2899 1841 2954 in
1889 2916 1997 2972 quo
2044 2904 2296 2962 defensor

295 2998 403 3038 non
432 2981 724 3044 invenitur,
745 2978 854 3034 imo
881 2978 985 3034 hoc
1008 2986 1151 3034 esset
1176 2997 1388 3037 errores
1416 2984 1719 3056 extirpatos
1734 2987 1836 3042 sub
1862 2992 2046 3061 specie
2075 3008 2298 3051 correc-

295 3071 458 3127 tionis
494 3067 782 3134 suscitare,
825 3073 883 3122 et
923 3067 1148 3124 auribus
1195 3069 1377 3141 populi
1422 3071 1715 3140 inculcare,
1747 3077 1893 3147 quod
1930 3084 2015 3133 est
2052 3084 2295 3138 ⁴maxime

297 3158 708 3232 periculosum:
741 3155 885 3210 unde
927 3155 1224 3226 Gregorius
1261 3157 1438 3213 dicit
1426 3174 1483 3212 m
1513 3160 1643 3216 XIV
1674 3161 1874 3220 Moral.
1906 3167 2050 3236 quod
2081 3178 2296 3226 mortuo

182 3283 190 3290 -
295 3244 563 3316 Eutychio
583 3242 864 3310 haereticO,
896 3242 1026 3315 quia
1050 3239 1191 3296 forte
1221 3258 1326 3298 non
1355 3250 1476 3299 erat
1505 3247 1598 3317 qui
1626 3247 1743 3318 ejus
1771 3249 2076 3310 doctrinam
2096 3271 2299 3335 seque-

297 3335 467 3397 retur,
505 3331 870 3388 dissimulavit
912 3331 1032 3402 ejus
1077 3330 1225 3387 dicta
1268 3335 1543 3405 persequi,
1579 3351 1645 3390 ne
1688 3336 1747 3393 iu
1789 3336 2002 3398 favillas
2047 3344 2299 3404 videatur

298 3419 749 3492 verbajaculare.
784 3437 811 3471 2>

368 3510 639 3566 Octavum
668 3507 882 3578 siguum
920 3514 1141 3563 sumunt
1169 3524 1237 3563 ex
1263 3508 1368 3563 hoc
1397 3509 1542 3580 quod
1586 3511 1661 3568 ibi
1704 3514 1995 3575 subditur:
2020 3521 2304 3582 Proediea-

298 3600 444 3657 bitur
467 3598 559 3653 hoc
581 3595 930 3669 Evanqetium
961 3595 1116 3667 reqni
1143 3596 1202 3652 in
1230 3596 1479 3652 aniverso
1504 3599 1647 3666 orbe,
1679 3604 1826 3675 quod
1868 3607 2083 3680 impleri
2112 3613 2301 3674 dicunt

299 3707 391 3762 per
425 3689 674 3762 seipsos,
707 3687 802 3762 qui
827 3685 944 3744 haec
969 3687 1125 3758 signa
1153 3693 1208 3744 et
1231 3687 1476 3760 pericula
1505 3692 1830 3752 annuntiant
1868 3714 1994 3772 qua²
2023 3701 2094 3758 ab
2120 3707 2304 3762 omni..

297 3779 399 3837 bus
441 3777 752 3836 annuntiari
807 3775 1015 3846 volunt,
1057 3777 1357 3834 secundum
1398 3777 1529 3836 illud
1569 3782 1617 3838 11
1655 3783 1793 3841 Tim.
1836 3801 1913 3856 ιν,
1947 3793 2027 3848 23
2055 3791 2301 3853 Praedica

297 3858 556 3934 verbum:
563 3867 710 3926 insta
735 3873 1054 3940 opportune,
1085 3866 1422 3940 importune3
1450 3869 1745 3930 intantum
1769 3877 1915 3948 quod
1945 3893 2037 3937 eos
2060 3884 2164 3956 qui
2195 3884 2303 3942 hu-
