2784 4392
479 240 597 299 370
957 262 1008 303 s.
1053 260 1288 302 1·quAE
1331 261 1660 308 Aouim‘rts
1702 260 2011 302 opuscum.

480 372 663 443 cipum
693 374 954 446 regimen,
983 376 1130 431 circa
1155 376 1300 448 quod
1327 382 1412 431 est
1452 374 1907 447 respondendum,
1934 374 2238 431 secundum
2266 379 2502 430 senten-

483 458 612 516 tiam
654 477 828 519 sacrae
863 463 1177 536 Scripturae.
1211 464 1424 537 Dicitur
1468 464 1615 519 enim
1663 465 1716 521 in
1756 464 1927 519 Eccli.
1960 478 2020 527 x,
2053 466 2085 519 2
2136 479 2151 517 ε
2196 461 2495 518 Secundum

473 547 706 619 ,iudice-m
726 550 932 623 populi,
961 552 1038 606 sic
1060 558 1113 609 et
1135 551 1248 625 ejus
1281 550 1523 609 ministri
1567 558 1713 617 sunt,
1740 559 1792 609 et
1828 550 2002 623 qualis
2030 558 2106 606 est
2143 559 2325 610 rector
2351 550 2495 606 civi-

481 636 627 702 tatis,
655 640 784 695 tales
810 639 1110 697 habitantes
1133 640 1190 695 in
1215 656 1297 696 ea.
1318 639 1481 696 Tales
1516 641 1662 695 enim
1707 640 1977 712 principes
2020 640 2246 695 modum
2290 639 2496 695 habent

480 728 841 783 communiter
871 728 1112 799 regendi,
1146 728 1424 799 regaliter,
1458 726 1543 784 vel
1572 726 1948 800 imperialiter,
1978 728 2081 782 nisi
2114 726 2255 783 forte
2288 728 2345 783 in
2384 726 2499 783 ali-

480 813 680 886 quibus
708 814 841 871 locis
871 822 1091 888 propter
1118 817 1569 872 consuetudinem
1599 822 1939 887 usurpatam,
1966 814 2053 872 vel
2080 830 2146 870 ex
2178 815 2496 887 tyrannide,

481 902 566 958 vel
597 910 818 976 propter
848 905 1112 961 malitiam
1143 906 1337 977 gentle,
1371 906 1501 978 quia
1546 905 1705 961 aliter
1742 903 1951 959 domari
1995 917 2103 958 non
2149 910 2399 976 possunt,
2430 911 2498 958 ut

481 990 688 1046 dictum
715 997 799 1047 est
835 1007 1021 1066 supra,
1051 994 1156 1049 nisi
1203 994 1489 1067 tyrannico
1536 987 1819 1065 regimine,
1855 999 1915 1047 ut
1954 991 2157 1048 accidit
2214 992 2267 1046 in
2314 992 2497 1047 insula

479 1078 747 1136 Sardiniae
787 1085 842 1136 et
873 1082 1143 1151 Corsicae3
1178 1082 1311 1137 item
1351 1082 1405 1137 in
1452 1082 1780 1154 quibusdam
1812 1079 2003 1136 insulis
2048 1079 2317 1147 Graeciae3
2360 1080 2494 1134 item

480 1165 536 1223 in
560 1166 760 1239 Cypro,
785 1166 840 1224 in
879 1168 1081 1240 quibus
1105 1168 1706 1243 domipantur’nobiles
1736 1166 2046 1241 principatu
2066 1158 2367 1240 ⁴despotico
2407 1169 2495 1223 vel

482 1255 766 1329 tyrannico
808 1272 823 1310 ε
869 1257 1014 1312 unde
1063 1265 1118 1313 et
1169 1256 1238 1313 de
1289 1257 1465 1313 insula
1513 1255 1714 1313 Siciliae
1766 1257 1989 1312 tradunt
2036 1254 2301 1322 historiae,
2345 1257 2493 1327 quod

481 1358 697 1415 semper
719 1342 822 1400 fuit
849 1346 1034 1400 nutrix
1058 1350 1450 1419 tyrannorum3
1482 1346 1537 1400 in
1567 1344 1814 1417 partibus
1854 1345 2023 1401 etiam
2049 1343 2223 1401 Italiae
2264 1346 2493 1402 comites

481 1440 536 1489 et
575 1431 670 1488 alii
711 1432 1002 1505 principeS,
1029 1436 1132 1489 nisi
1171 1434 1312 1491 forte
1351 1450 1449 1507 per
1492 1433 1811 1506 violentiam
1858 1433 2224 1506 tyrannizent,
2274 1442 2493 1506 oportet

480 1520 728 1579 subditos
751 1537 879 1578 suos
903 1538 1093 1594 regere
1121 1536 1272 1577 more
1297 1521 1524 1595 politico
1554 1528 1608 1576 et
1633 1521 1802 1576 civili.

549 1610 907 1668 Inveniuntur
947 1612 1116 1667 etiam
1157 1610 1300 1683 apud
1339 1625 1435 1666 eos
1482 1608 1733 1682 quaedam
1784 1609 2004 1664 nomina
2046 1608 2378 1681 dignitatum
2425 1624 2493 1664 ex

475 1700 602 1769 jure
643 1699 856 1771 imperii
888 1698 1331 1770 dependentium,
1363 1705 1419 1753 et
1444 1714 1608 1771 supra
1658 1696 1962 1769 simplicem
2012 1696 2264 1753 militiam
2309 1706 2499 1753 trans-

482 1786 850 1853 cendentium,
880 1794 941 1843 ut
973 1795 1103 1843 sunt.
1130 1786 1411 1843 valvasalli
1442 1795 1497 1841 et
1522 1785 1761 1847 cathani,
1795 1786 1887 1857 qui
1918 1793 1974 1841 et
2013 1800 2267 1857 proceres
2306 1787 2495 1857 appel-

486 1873 684 1934 lentur.
720 1874 1162 1945 jurisdictionem
1209 1888 1373 1946 super
1408 1873 1658 1929 subditos
1704 1873 1985 1938 habeuteS‚
2033 1874 2285 1946 quamvis
2333 1874 2493 1930 hodie

485 1978 580 2034 per
625 1962 914 2019 civitatum
964 1964 1266 2035 potentiam
1315 1963 1389 2018 sit
1439 1963 1728 2028 diminuta,
1766 1961 1852 2018 vel
1894 1961 2179 2018 subtracta
2228 1962 2490 2019 totaliter.

487 2049 778 2106 Valvasalli
811 2057 996 2105 autem
1034 2056 1301 2106 vocantur
1325 2065 1358 2106 a
1383 2049 1575 2118 valviS‚
1606 2051 1736 2123 quia
1778 2050 2023 2123 deputati
2063 2057 2220 2107 erant
2245 2066 2275 2107 a
2304 2058 2494 2108 custo-

483 2137 742 2195 diendum
787 2144 970 2209 portas
995 2138 1183 2211 palatii
1214 2137 1415 2211 regalis
1436 2139 1551 2196 sive
1576 2138 1894 2213 imperialiS,
1930 2154 2068 2212 quos
2107 2154 2203 2195 nos
2240 2141 2493 2195 ostiarios

485 2226 842 2300 appellamus.
867 2227 1097 2284 Cathani
1129 2228 1200 2283 ab
1225 2226 1638 2285 universalitate
1663 2243 1890 2301 operum
1921 2228 1975 2284 in
2004 2228 2159 2284 curia
2188 2228 2495 2302 principum

485 2322 539 2371 et
563 2314 889 2372 strenuitate
917 2332 1081 2389 super
1103 2316 1240 2372 alios
1263 2315 1537 2389 simplices
1570 2316 1770 2373 milites
1803 2323 1932 2373 sunt
1961 2315 2116 2382 dicti,
2144 2316 2240 2389 qui
2276 2322 2332 2372 et
2363 2332 2496 2388 pro-

484 2420 636 2461 ceres
677 2405 834 2478 quasi
865 2411 992 2461 ante
1022 2403 1159 2461 alios
1192 2406 1549 2477 procedentes
1595 2405 1870 2473 dicuntur,
1912 2406 2041 2455 καθα
2081 2405 2226 2460 enim
2272 2419 2497 2460 univer-

485 2492 598 2549 sale
629 2508 810 2565 graeco
840 2494 1057 2550 nomine
1094 2492 1485 2565 significamus.
1512 2493 1682 2550 Multa
1724 2493 1888 2549 etiam
1932 2498 2058 2548 sunt
2097 2492 2206 2547 alia
2252 2493 2490 2556 nomina,

486 2582 786 2639 secundum
823 2582 1070 2639 diversas
1094 2582 1342 2653 regiones
1367 2588 1423 2637 et
1456 2582 1689 2653 linguas,
1722 2581 1790 2635 ad
1841 2578 2240 2651 beneplacitum
2283 2581 2499 2651 princi*

486 2685 614 2743 pum
637 2668 1041 2727 instituta.‘Sed
1084 2669 1186 2725 hoc
1227 2669 1296 2725 ad
1340 2683 1581 2742 praesens
1622 2666 1878 2734 sufficiat,
1906 2666 2116 2738 reliqua
2160 2670 2497 2726 reservando

485 2759 553 2815 ad
577 2759 816 2831 regimen
847 2758 1072 2831 politiae,
1100 2757 1168 2812 de
1197 2772 1306 2829 quo
1343 2755 1597 2828 specialis
1620 2755 1784 2812 debet
1820 2768 1939 2810 esse
1961 2760 2233 2811 tractatus
2271 2763 2494 2830 propter

371 2857 394 2888 ⁴
485 2843 826 2901 diffusionem
854 2846 1120 2910 materiae‚
1157 2843 1245 2899 ubi
1274 2844 1344 2899 de
1371 2842 1682 2899 nominibus
1709 2843 2044 2915 dignitatum
2087 2852 2299 2916 agetur,
2328 2854 2492 2919 prout

486 2932 722 3005 patietur
781 2938 979 2989 natura
1046 2930 1343 3003 regiminis,
1411 2932 1711 2989 secundum
1770 2931 2017 2989 diversos
2089 2932 2495 3004 provinciarum

489 3036 682 3089 meree,
717 3027 775 3077 ut-
803 3019 1107 3095 philosophi
1132 3026 1186 3077 et
1210 3018 1459 3080 historici
1482 3021 1708 3080 tradunt
1732 3019 2049 3099 scriptores.

419 2728 446 2754 Χ
