2784 4392
477 282 596 349 152
955 297 1008 343 s.
1051 296 1284 345 rnouae
1325 298 1655 351 Aeumms
1693 298 2006 347 croscum

483 414 712 475 rituales
756 413 1091 473 illuminatos
1137 412 1358 484 habere,
1415 431 1526 473 non
1569 418 1833 490 competit
1878 418 1959 475 eis
2008 419 2079 477 de
2121 418 2479 497 eleemosynis

477 522 684 563 vivere.

545 597 705 653 Item.
731 594 892 653 Prov.
921 609 1073 661 xxn,
1104 594 1142 650 ’1
1167 610 1182 650 z
1217 594 1321 661 Qui
1347 594 1542 667 accipit
1566 598 1815 653 mutuum
1847 612 2032 653 seruus
2054 604 2132 655 est
2150 597 2477 669 fenerantis,
2577 658 2581 662 .

478 684 650 741 multo
677 683 852 757 magis
877 699 1009 755 ergo
1049 683 1145 756 qui
1181 683 1382 755 accipit
1413 683 1623 750 datum,
1652 700 1845 741 servus
1874 685 2055 741 dantis
2094 686 2361 756 efficitur-3
2388 689 2480 745 sed

471 773 758 844 religiosos
802 774 1038 829 maxime
1079 771 1238 828 decet
1275 786 1395 828 esse
1430 771 1627 828 liberos
1656 788 1689 829 a
1714 774 1981 830 servitute
2020 775 2228 842 saeculi,
2257 778 2390 849 quia
2429 778 2477 833 in

475 862 784 918 libertatem
813 862 1038 933 spiritus
1063 868 1190 916 sunt
1215 860 1431 917 vocati:
1458 862 1599 917 unde
1628 862 1677 917 ΙΙ
1704 862 1895 919 Thess.
1913 878 2000 929 m,
2024 878 2191 937 super
2210 864 2343 921 illud
2369 882 2383 920 ε
2412 866 2480 923 Ut

473 949 812 1022 nosmetipsos
831 950 1066 1021 somnam
1093 948 1363 1015 daremus,
1388 956 1499 1005 etc.
1525 949 1660 1005 dicit
1684 950 1881 1007 Glossa
1910 967 1923 1005 z
1956 950 2167 1023 Religio
2192 960 2384 1009 nostra
2410 956 2476 1011 ad

473 1038 787 1095 libertatem
823 1037 1071 1095 homines
1111 1038 1364 1096 advocat.
1402 1057 1429 1090 ι)
1458 1038 1601 1110 Ergo
1642 1054 1751 1095 non
1774 1038 1976 1096 debent
2016 1038 2087 1096 de
2114 1040 2479 1116 eleemosynis

474 1141 678 1183 vivere.

541 1216 701 1271 Item.
723 1214 983 1286 Religiosi
1023 1221 1229 1271 statum
1275 1214 1625 1288 perfectionis
1668 1214 2017 1287 profitentur-3
2048 1217 2143 1273 sed
2184 1218 2475 1289 perfectius

473 1308 558 1361 est
580 1304 712 1360 dare
747 1302 1124 1374 eleemosynas
1170 1319 1335 1376 quam
1382 1304 1665 1375 accipere;
1695 1302 1838 1361 unde
1882 1304 2086 1361 dicitur
2108 1308 2234 1363 Act.
2266 1322 2327 1372 x,
2356 1311 2423 1363 35
2452 1326 2470 1364 ε

471 1392 692 1449 Beatius
713 1398 790 1450 est
810 1392 981 1465 magis
1002 1392 1133 1446 dare
1153 1408 1310 1463 quam
1338 1391 1593 1463 accipere.
1624 1390 1769 1463 Ergo
1793 1392 1969 1463 magis
1992 1393 2194 1451 debent
2222 1396 2471 1453 manibus

471 1472 739 1549 laborare,
773 1490 833 1538 ut
860 1481 1096 1537 habeant
1129 1480 1272 1536 unde
1313 1479 1559 1537 tribuant
1606 1480 1992 1539 necessitatem
2028 1484 2281 1555 patienti,
2308 1501 2470 1558 quam

469 1572 846 1646 eleemosynas
874 1570 1142 1643 accipere,
1173 1570 1243 1626 de
1263 1568 1465 1641 quibus
1482 1570 1690 1626 vivant.

539 1662 697 1718 Item.
729 1659 1041 1735 Apostolus,
1073 1659 1096 1714 1
1125 1659 1192 1716 ad
1217 1659 1357 1715 Tim.
1390 1674 1443 1723 v,
1472 1658 1721 1731 praecipit
1768 1664 1828 1713 ut
1869 1658 2051 1716 viduae
2077 1676 2203 1732 quae
2246 1668 2470 1733 possunt

468 1750 688 1808 aliunde
715 1751 1030 1816 sustentari,
1052 1764 1157 1804 non
1209 1748 1399 1804 vivant
1422 1748 1491 1803 de
1518 1747 1882 1820 eleemosynis
1918 1746 2201 1815 Ecclesiae,
2234 1766 2302 1805 ne
2342 1767 2469 1821 gra-

465 1846 627 1893 vetur
655 1837 919 1902 Ecclesia,
947 1842 1008 1891 ut
1037 1835 1144 1891 illis
1185 1851 1310 1909 quae
1350 1843 1479 1891 sunt
1524 1850 1653 1891 vere
1696 1834 1877 1891 viduae
1918 1834 2175 1891 sufficiat.
2202 1836 2345 1908 Ergo
2394 1838 2467 1893 illi

466 1927 562 1999 qui
594 1932 721 1982 sunt
745 1926 910 1982 validi
953 1932 1008 1981 et
1043 1924 1251 1981 robusti
1287 1923 1489 1979 debent
1530 1924 1599 1978 de
1642 1923 1921 1980 laboribus
1960 1940 2219 1981 manuum
2260 1926 2466 1995 vivere,

462 2029 578 2069 non
600 2014 668 2070 de
703 2013 1066 2087 eleemosynis
1108 2025 1245 2085 quas
1290 2012 1569 2081 accipiunt
1615 2026 1901 2083 paupere3‚
1930 2012 2024 2085 qui
2054 2012 2277 2068 aliunde
2306 2030 2468 2086 quam

463 2100 536 2155 de
557 2100 916 2174 eleemosynis
945 2101 1130 2155 vivere
1153 2113 1260 2153 non
1285 2102 1535 2169 possunt.
1560 2097 1758 2166 Item,1
1782 2115 1839 2170 q.
1870 2113 1954 2164 xi,
1976 2112 2029 2153 c.
2054 2098 2308 2164 Clericus,
2336 2102 2469 2156 Hie-

467 2205 733 2262 ronymus
757 2189 928 2245 dicit:
965 2208 992 2240 α
1021 2186 1126 2257 Qui
1153 2186 1311 2243 bonis
1335 2191 1623 2259 parentum
1652 2193 1708 2241 et
1732 2185 1987 2257 operibus
2018 2186 2135 2242 suis
2172 2188 2469 2245 sustentari

469 2287 716 2350 possunt,
736 2279 946 2351 siquod
962 2292 1260 2351 pauperum
1277 2283 1360 2332 est
1377 2276 1673 2347 accipiunt,
1691 2275 2037 2346 sacrilegium
2055 2276 2298 2347 prolecto
2314 2294 2471 2335 com-

465 2367 712 2434 mittunt,
745 2375 800 2423 et
845 2384 940 2440 per
987 2365 1304 2422 abusionem
1349 2364 1543 2420 talium
1577 2363 1846 2437 judicium
1889 2364 1994 2420 sibi
2038 2365 2373 2423 manducant
2412 2353 2482 2423 et*

467 2453 680 2511 bibunt.
713 2474 741 2509 n
770 2456 912 2527 Ergo
940 2456 986 2511 si
1013 2454 1214 2527 aliquis
1239 2452 1473 2510 habebat
1502 2452 1647 2509 unde
1672 2458 2091 2518 sustentaretur,
2124 2467 2233 2526 quo
2275 2452 2468 2512 relicto

468 2542 600 2598 velit
623 2541 690 2598 de
718 2542 1078 2616 eleemosynis
1106 2542 1308 2607 vivere,
1337 2541 1639 2611 sacrilegus
1668 2546 1751 2595 est
1776 2540 2136 2611 reputandus.

537 2632 695 2687 Item.
739 2632 764 2685 1
807 2632 998 2686 Thess.
1043 2629 1143 2685 ult.
1188 2644 1352 2700 super
1381 2628 1513 2683 illud
1552 2646 1565 2683 ε
1603 2628 1672 2685 Ut
1714 2627 2051 2700 nosmetipsos
2085 2630 2320 2700 termam
2365 2631 2466 2687 da-

467 2734 584 2773 mus
610 2725 717 2773 etc.
746 2717 944 2774 Glossa
969 2735 982 2772 :
1012 2738 1038 2769 α
1071 2716 1176 2787 Qui
1200 2717 1515 2788 frequenter
1546 2715 1615 2775 ad
1646 2715 1881 2773 alienam
1928 2732 2173 2773 mensam
2210 2721 2469 2776 convenit

466 2806 580 2862 otio
609 2806 845 2870 deditus,
878 2804 1130 2867 aduletur
1155 2820 1376 2861 necesse
1402 2811 1486 2860 est
1512 2806 1755 2878 pascenti
1785 2821 1864 2872 se,
1892 2805 1987 2862 sed
2018 2807 2111 2879 qui
2133 2806 2203 2862 de
2224 2806 2469 2864 eleemo-

465 2895 620 2967 synis
648 2894 858 2963 vivunt,
885 2893 1198 2968 frequenter
1237 2892 1469 2949 aliorum
1512 2908 1715 2950 mensae
1750 2894 2099 2961 conveniunt,
2134 2894 2245 2951 imo
2294 2897 2469 2967 magis

454 2982 536 3038 de
561 2997 746 3038 mensa
769 2980 1000 3039 aliorum
1023 2999 1238 3055 semper
1261 2983 1472 3039 vivunt.
1498 3001 1525 3034 n
1556 2982 1697 3053 Ergo
1724 2982 1795 3038 de
1818 2984 2143 3040 necessitate
2172 2991 2301 3040 sunt
2324 2986 2469 3043 adu-

465 3072 686 3129 latores·
721 3073 954 3128 Peccant
982 3087 1111 3143 ergo
1139 3073 1234 3145 qui
1269 3088 1328 3128 se
1359 3071 1417 3127 in
1452 3078 1601 3128 statu
1626 3070 1722 3127 tali
1764 3076 1989 3143 ponunt,
2022 3072 2171 3145 quod
2212 3079 2466 3145 oporteat

463 3176 560 3221 eos
586 3162 655 3218 de
678 3161 1040 3237 eleemosynis
1065 3162 1266 3218 vivere.

536 3250 693 3306 Item.
721 3251 982 3321 Accipere
1005 3266 1112 3306 non
1136 3256 1463 3323 potestesse
1482 3254 1640 3305 actus
1665 3246 1894 3319 alicujus
1918 3248 2161 3315 virtuti3‚
2190 3249 2295 3306 nisi
2326 3250 2468 3307 libe-

463 3339 719 3405 ralitatis,
744 3354 870 3411 quae
895 3339 1134 3394 medium
1164 3345 1311 3394 tenet
1336 3338 1394 3391 in
1429 3336 1611 3393 dando
1634 3341 1692 3391 et
1714 3335 2055 3408 accipiendo,
2085 3337 2182 3393 sed
2224 3337 2467 3397 liberalis

451 3427 642 3484 solum
687 3426 888 3499 accipit
913 3433 974 3482 ut
1009 3428 1122 3494 det,
1148 3434 1210 3482 ut
1247 3425 1381 3481 dicit
1426 3422 1778 3497 Philosophus
1822 3424 1877 3479 in
1906 3441 1942 3480 v
1971 3424 2153 3482 Echio.
2194 3426 2338 3499 Ergo
2370 3429 2465 3501 qui

463 3516 670 3573 ducunt
693 3516 868 3573 vitam
885 3530 1098 3587 semper
1117 3515 1172 3571 in
1188 3512 1528 3585 accipiendo,
1544 3511 1881 3569 illiberaliter
1898 3519 1953 3569 et
1969 3513 2467 3587 reprehensibiliter

459 3605 670 3661 vivunt.
703 3605 862 3671 ltem,
888 3604 1244 3676 Augustinus,
1276 3603 1332 3657 in
1359 3600 1495 3657 libro
1532 3601 1611 3657 De
1636 3616 1792 3673 opere
1817 3590 2079 3671 monach„
2110 3604 2463 3675 reprehendit

463 3692 732 3764 quosdam
753 3692 1056 3764 religiosoS,
1083 3691 1318 3764 quisine
1344 3689 1528 3747 labore
1552 3704 1813 3747 manuum
1839 3689 2096 3747 volebant
2120 3690 2191 3746 de
2222 3690 2465 3748 eleemo-

461 3779 618 3850 synis
643 3778 846 3849 vivere,
871 3781 942 3836 de
969 3778 1168 3852 quibus
1196 3779 1338 3835 inter
1377 3786 1583 3835 caetera
1607 3778 1743 3835 dicit
1773 3795 1788 3834 ε
1822 3798 1849 3832 α
1876 3779 1975 3836 Isti
2021 3778 2221 3835 fratres
2258 3788 2466 3837 temere

447 3862 568 3922 sibi
595 3870 874 3935 arrogant,
907 3871 1176 3935 quantum
1199 3864 1475 3935 existimo,
1506 3864 1653 3937 quod
1688 3866 1956 3937 eiusmodi
1995 3866 2232 3927 habeant
2274 3877 2467 3939 petes-
