2784 4392
532 253 671 300 xm.
700 269 783 286 —
808 247 1049 301 domna·
1088 257 1272 303 nara.
1318 257 1476 302 nont.-
1516 257 1610 306 ΑΒ,
1638 250 1892 304 means:
1928 260 2134 306 Rama.
2261 235 2346 300 23-

333 367 500 424 silia:
544 371 791 444 sequitur
833 377 1019 428 autem
1051 373 1350 430 secundum
1392 373 1574 446 operis
1619 373 2018 431 executionem.
2063 373 2118 432 Si
2163 379 2348 430 autem

334 469 715 530 comparemus
737 461 963 516 consilia
1002 462 1068 518 ad
1102 461 1207 518 alia
1238 471 1532 535 praecepta,
1563 477 1690 534 quae
1725 463 2046 518 ordinantur
2075 463 2142 519 ad
2174 463 2349 518 dilec-

338 547 541 604 tionem
561 549 660 604 Dei
690 557 742 604 et
767 551 1019 621 proximi,
1050 551 1190 606 inter
1220 568 1283 606 ea
1316 551 1512 622 duplex
1536 552 1873 623 comparatio
1905 557 2083 623 potest
2110 550 2340 608 attendi.

334 636 491 704 Quod
535 638 679 692 enim
716 639 939 694 consilia
978 641 1094 695 sine
1125 642 1414 712 praeeeptis
1453 639 1730 696 observari
1764 656 1867 694 non
1910 648 2155 711 possunt,
2198 655 2347 712 prae-

332 731 490 797 cepta
511 741 641 781 vero
670 743 701 782 a
728 727 913 782 multis
942 728 1301 784 observantur
1320 730 1437 784 sine
1464 729 1723 796 consiliis,
1752 734 2010 802 poterunt
2040 726 2347 800 comparari

333 813 558 870 consilia
603 815 671 870 ad
710 823 984 888 praecepta
1028 818 1387 872 communiter
1419 815 1794 872 considerata.
1844 817 1912 871 Et
1957 817 2038 870 sic
2080 817 2182 871 erit
2215 814 2346 870 ordo

332 904 681 960 consiliorum
728 906 793 960 ad
837 915 1129 978 praecepta,
1170 908 1311 962 sicut-
1338 907 1471 962 ordo
1501 907 1705 979 proprii
1739 905 1805 962 ad
1846 921 2154 974 commune,
2199 904 2345 976 quod

332 999 417 1047 'est
451 991 852 1064 quodammodo
892 1004 1101 1050 naturae
1148 981 1335 1050 ordine
1366 997 1536 1067 prius,
1574 1011 1678 1049 non
1711 1001 1890 1049 tamen
1931 1000 2166 1064 oportet,
2201 993 2344 1065 quod

333 1081 596 1153 tempore.
646 1081 713 1136 Et
758 1084 1060 1138 secundum
1110 1083 1210 1138 hoc
1254 1100 1356 1139 non
1407 1083 1716 1156 oportebit,
1747 1070 1898 1156 ⁴quod
1943 1083 2142 1154 aliquis
2191 1083 2344 1154 prius

334 1171 695 1227 excercitetur
732 1171 787 1226 in
834 1173 1141 1244 praeceptis,
1189 1180 1244 1228 et
1274 1175 1353 1228 sic
1392 1173 1460 1228 ad
1490 1173 1718 1228 consilia
1747 1177 2011 1228 transeat.
2059 1171 2178 1227 Alia
2211 1187 2340 1227 vero

332 1260 668 1330 comparatio
714 1267 893 1332 'potest
938 1263 1145 1317 attendi
1194 1261 1546 1316 consiliorum
1590 1261 1658 1317 ad
1689 1270 1965 1334 praecepta
2010 1261 2344 1332 hujusmodi,

334 1348 479 1418 quod
518 1347 634 1403 sine
658 1349 898 1404 consiliis
926 1349 1304 1416 observantur,
1332 1359 1387 1406 et
1414 1352 1494 1406 sic
1523 1358 1606 1405 est
1631 1349 1968 1420 comparatio
1993 1347 2346 1404 consiliorum

335 1434 401 1490 ad
432 1442 724 1506 praecepta,
757 1437 900 1492 sicut
932 1438 1087 1492 unius
1125 1439 1323 1509 speciei
1370 1439 1626 1509 perfectae
1664 1437 1730 1493 ad
1770 1436 1932 1493 aliam
1968 1437 2204 1506 speciem
2236 1437 2346 1491 im·

322 1523 651 1593 perfectam,
683 1524 825 1580 sicut
855 1525 1053 1580 animal
1090 1527 1354 1580 rationale
1383 1532 1760 1596 comparatum
1792 1525 1861 1580 ad
1901 1524 2100 1579 animal
2133 1526 2346 1580 ratione

334 1625 545 1677 carens,
574 1619 630 1665 et
658 1613 739 1666 sic
776 1612 1002 1666 consilia
1033 1619 1241 1666 naturae
1267 1613 1456 1666 ordine
1495 1616 1622 1666 sunt
1651 1612 1832 1682 priora
1869 1611 2173 1682 praeceptis,
2217 1612 2346 1682 quia

331 1699 637 1770 perfectum
668 1699 721 1752 in
760 1699 999 1769 quolibet
1042 1715 1239 1770 genere
1282 1701 1607 1755 naturaliter
1639 1700 1786 1771 prius
1825 1705 1928 1766 est,
1974 1707 2172 1755 natura
2203 1700 2346 1756 enim

334 1792 397 1841 ut
433 1787 655 1842 Boetius
697 1787 849 1852 dicit,
896 1803 928 1842 a
961 1787 1418 1858 perfectissumit
1462 1787 1697 1843 initium.
1741 1789 1856 1842 Nec
1895 1796 2078 1843 tamen
2107 1794 2347 1860 oportet,

329 1874 479 1948 quod
508 1882 779 1954 praecepta
812 1874 892 1931 sic
919 1876 1261 1932 considerata
1292 1877 1401 1932 sint
1433 1882 1674 1950 ternpore
1705 1877 1887 1948 priora
1915 1876 2158 1932 consiliis
2191 1894 2202 1930 :
2237 1893 2345 1932 non

334 1963 478 2015 enim
518 1968 751 2035 oportet,
803 1971 862 2019 ut
892 1963 1098 2036 aliquid
1140 1965 1211 2020 sit
1256 1967 1431 2038 primo
1463 1967 1514 2020 in
1555 1966 1739 2037 specie
1781 1965 2099 2038 imperfecta
2131 1966 2199 2021 ad
2241 1965 2345 2021 hoc

334 2051 479 2122 quod
514 2059 753 2107 transeat
794 2053 862 2107 ad
894 2053 1207 2124 perfectam,
1241 2054 1337 2109 sed
1383 2069 1604 2110 necesse
1634 2062 1738 2122 est,
1779 2055 1922 2126 quod
1966 2055 2105 2109 infra
2145 2053 2345 2110 limites

334 2139 576 2210 ejusdem
603 2141 802 2212 speciei
829 2141 1028 2212 aliquis
1054 2142 1123 2196 de
1151 2141 1468 2214 imperfecto
1497 2149 1738 2198 transeat
1770 2143 1836 2197 ad
1865 2142 2188 2214 perfectum.

404 2227 561 2298 Quod
604 2245 731 2285 vero
776 2229 968 2285 ultimo
1012 2233 1348 2302 propositum
1387 2239 1489 2298 est,
1525 2232 1669 2303 quod
1709 2247 1819 2288 non
1861 2240 2008 2288 esset
2051 2232 2197 2288 salus
2225 2232 2342 2288 sine

336 2317 589 2384 consiliis,
638 2318 683 2373 si
728 2317 953 2374 consilia
999 2326 1271 2390 praecepta
1310 2320 1702 2390 praecederent,
1757 2319 2102 2374 manifestum
2149 2327 2232 2375 est
2277 2333 2348 2375 ex

327 2407 649 2477 'praemissis
684 2407 826 2479 quod
859 2407 1105 2476 procedit
1135 2424 1199 2462 ex
1230 2406 1365 2462 falso
1397 2407 1675 2462 intellectu
1701 2423 1888 2462 eorum
1915 2422 2038 2479 quae
2063 2408 2346 2463 dicuntur.

334 2495 454 2550 Non
484 2496 627 2551 enim
655 2495 734 2552 sic
762 2496 993 2552 dicimus
1022 2496 1250 2552 consilia
1278 2496 1518 2552 ordinari
1546 2496 1616 2550 ad
1650 2502 1946 2568 praecepta,
1982 2502 2040 2550 ut
2073 2497 2191 2552 sine
2215 2496 2348 2568 qui-

334 2582 435 2638 bus
459 2593 733 2657 praeeepta
756 2586 963 2642 servari
993 2601 1098 2640 non
1124 2594 1373 2658 possunt,
1403 2585 1497 2641 sed
1527 2584 1670 2641 sicut
1699 2600 1764 2642 ea
1792 2599 1888 2658 per
1913 2600 2038 2658 quae
2066 2589 2345 2657 praecepta

332 2673 627 2744 perfectius
654 2680 710 2730 et
730 2674 927 2730 melius
956 2682 1265 2731 servantur.

974 2837 979 2840 ’
1078 2853 1359 2921 CAPUT
1409 2852 1594 2923 vm.
1640 2804 1643 2806 ⁸

374 2983 672 3048 Rationes
716 2981 977 3046 inductae
1012 2983 1093 3046 ad
1142 2985 1554 3060 astruendum,
1594 2985 1774 3066 quod,
1808 2989 1945 3048 ante
1982 2985 2301 3064 reziqionis

478 3075 837 3153 ingre-essum,
870 3073 1031 3135 debet
1058 3075 1197 3154 quis
1224 3075 1333 3137 diu
1357 3079 1414 3136 et
1441 3091 1573 3137 eum
1599 3075 1812 3138 multis
1841 3074 2187 3137 deliberare.

402 3207 501 3262 His
539 3207 705 3278 igitur
750 3207 1116 3285 pertractatis,
1158 3195 1554 3290 inquirendum·
1581 3215 1682 3276 est,
1721 3224 1790 3264 an
1819 3215 2069 3280 oporteat
2102 3206 2342 3263 volentes

334 3297 652 3368 religionem
689 3297 894 3353 intrare
934 3313 1059 3352 cum
1094 3297 1279 3353 multis
1318 3307 1444 3354 ante
1474 3299 1759 3354 consilium
1788 3297 2008 3366 habere,
2039 3302 2102 3350 ut
2129 3295 2340 3356 dicunt.

332 3385 401 3440 Et
428 3386 531 3442 hoc
556 3386 777 3458 quidem
801 3388 1048 3443 nituntur
1078 3393 1324 3443 astruere
1353 3387 1576 3459 per'hoc
1600 3387 1746 3460 quod
1771 3386 1838 3441 de
1859 3383 2043 3440 arduis
2069 3382 2138 3438 ad
2169 3387 2343 3437 totam

330 3475 503 3530 vitam
532 3475 929 3547 pertinentibus
960 3474 1195 3532 maxime
1223 3481 1350 3530 sunt
1384 3491 1416 3530 a
1446 3474 1692 3546 pluribus
1727 3470 2053 3544 requirenda
2091 3470 2338 3527 consilia.

332 3563 474 3620 Nihil
499 3570 683 3620 autem
706 3565 922 3621 videtur
946 3579 1064 3619 esse
1092 3563 1263 3634 magis
1293 3562 1521 3618 arduum
1549 3567 1604 3616 et
1633 3561 1852 3616 difficile
1880 3561 1932 3614 in
1958 3559 2120 3614 rebus
2146 3560 2343 3616 huma-

332 3654 433 3719 nis,
468 3670 633 3726 quam
658 3653 1013 3724 semetipsum
1038 3651 1327 3722 abnegare,
1356 3657 1411 3704 et
1437 3649 1697 3705 mundum
1724 3649 1994 3717 deserere,
2025 3647 2342 3720 religionem

331 3741 603 3808 intrando,
637 3743 695 3797 irr
722 3757 831 3814 qua
862 3755 1080 3796 necesso
1106 3740 1167 3796 fit
1195 3755 1287 3812 per
1320 3745 1490 3794 totam
1517 3737 1684 3793 vitam
1712 3737 1930 3792 morari.
1962 3739 2023 3792 In
2045 3737 2147 3792 hoc
2176 3736 2346 3807 igitur

332 3832 570 3890 maxime
612 3837 741 3888 sunt
776 3829 1071 3888 multorum
1103 3829 1328 3886 consilia
1367 3827 1716 3901 requirenda,
1748 3834 1805 3885 et
1831 3826 2042 3886 diutina
2067 3826 2344 3884 delibera-
