2784 4392
571 209 703 257 xiv.
735 225 813 242 -
841 168 1084 262 somna
1123 211 1338 259 meua.
1385 211 1489 257 nni
1530 211 1704 258 cunr.
1748 209 1829 258 m·
1868 210 2074 260 neme.
2207 187 2329 252 223

320 323 558 398 puniunt
599 326 685 386 vel
734 327 910 401 puniri
957 337 1250 403 procurant
1287 331 1391 387 nisi
1441 339 1662 406 propter
1703 330 2098 387 correctionem
2144 340 2333 388 eorum

319 416 408 472 vel
458 416 712 475 aliorum.
760 417 1102 491 Quandoque
1145 428 1328 476 autem
1374 419 1543 493 aliqui
1590 436 1657 475 ex
1686 416 2010 492 impunitate
2039 412 2341 474 insolentes

320 505 646 575 redduntur,
679 513 736 563 et
774 507 845 564 ad
876 517 1160 580 peccatum
1205 509 1505 580 proniores·
1550 508 1758 566 Eccles.
1793 523 1921 575 vm,
1955 507 2015 563 lt
2069 503 2334 562 :Etenim

322 595 457 666 quia
484 612 590 652 non
621 595 911 668 profertur
927 595 1040 666 ¹cito
1074 603 1263 652 contra
1289 598 1457 653 malos
1483 598 1747 654 sententia
1774 596 1961 669 absque
1987 595 2095 653 ullo
2122 593 2333 657 timore,

319 684 430 754 filii
453 684 725 740 hominum
743 691 1065 756 perpetrant
1094 686 1258 751 mala,
1280 693 1335 741 et
1365 693 1497 742 tunc
1524 687 1709 748 sancti,
1730 692 1920 743 contra
1950 684 2123 741 malos
2158 683 2334 757 poenis

322 777 572 829 utuntur.
603 773 940 846 Quandoque
971 781 1155 830 autem
1181 774 1471 830 clementia
1497 775 1671 846 magis
1696 775 1910 847 proficit
1936 775 2003 851 ad
2034 773 2335 828 correctio·

323 874 469 928 nem,
492 869 548 916 et
570 864 700 916 tunc
718 861 894 917 saneti
919 877 1108 932 poenas
1133 861 1455 934 impendunt
1476 863 1559 918 vel
1588 864 1895 922 remittunt.
1915 861 2069 918 Unde
2090 861 2222 916 Luc.
2250 875 2331 924 ix,

323 963 486 1020 super
511 948 642 1005 illud
669 947 938 1008 :Nescitis
957 949 1352 1026 cujus-spiritus
1371 952 1514 1016 estis,
1538 959 1644 1008 etc.
1670 951 1863 1009 Glossa
1892 968 1905 1004 :
1932 971 1955 1002 α
1980 951 2102 1006 Non
2121 963 2334 1019 semper

327 1035 382 1090 in
413 1053 506 1093 eos
550 1036 651 1111 qui
692 1021 940 1110 peccffiv„
975 1045 1058 1111 est
1104 1039 1515 1108 vindicandum,
1564 1041 1694 1111 quia
1743 1053 2127 1112 nonnunquam
2160 1036 2333 1107 magis

257 1199 262 1202 Ι
325 1126 547 1196 prodest
570 1125 856 1182 clementia
889 1125 985 1181 tibi
1014 1127 1083 1182 ad
1114 1129 1457 1201 patientiam,
1494 1129 1642 1200 lapso
1672 1129 1740 1185 ad
1771 1127 2187 1191 correctionem,
2222 1145 2247 1175 n
2279 1130 2337 1180 et

328 1215 430 1270 hac
460 1214 528 1270 de
561 1229 725 1271 causa
745 1215 927 1272 Simon
951 1219 1004 1269 et
1023 1216 1190 1272 Judas
1228 1217 1665 1273 adversariorum
1692 1233 1882 1297 poenas
1910 1215 2332 1287 impediverunt.

399 1303 481 1358 Ad
509 1303 760 1376 quintum
808 1303 1126 1369 dicendum,
1153 1306 1298 1377 quod
1345 1306 1637 1362 dilectores
1683 1305 1868 1361 mundi
1908 1306 2107 1377 injuste
2147 1318 2335 1375 perse-

326 1399 568 1464 quuntur
597 1407 690 1448 eos
719 1393 810 1466 qui
842 1399 970 1448 sunt
1005 1393 1295 1449 dilectores
1326 1395 1456 1463 Dei3
1494 1395 1588 1450 sed
1614 1397 1762 1465 juste
1788 1393 1857 1450 ab
1882 1394 1961 1448 eis
1994 1390 2335 1466 persecutio-

327 1496 453 1535 nem
483 1481 783 1552 patiuntur,
826 1487 886 1536 ut
913 1487 1062 1553 patet
1092 1497 1158 1536 ex
1191 1481 1521 1537 auctoritate
1560 1483 1848 1554 Augustini
1885 1498 2050 1552 supra
2089 1479 2333 1535 inducta.

401 1569 484 1624 Ad
515 1578 730 1625 sextum
769 1568 1080 1635 dicendum,
1109 1570 1275 1640 quod,
1305 1579 1363 1625 ut
1384 1571 1499 1641 jam
1537 1575 1690 1642 patet
1724 1585 1789 1624 ex
1815 1569 1998 1636 dictis„
2028 1567 2204 1624 sancti
2230 1582 2334 1622 non

327 1666 622 1730 procurant
646 1658 876 1714 aliorum
905 1672 1094 1729 poenas
1121 1658 1225 1726 nisi
1256 1666 1477 1730 propter
1506 1659 1747 1728 aliquam
1774 1656 2089 1722 utilitatem,
2124 1655 2338 1711 etlianc

332 1746 624 1802 utilitatem
663 1763 758 1819 pro
808 1746 1031 1819 praemio
1079 1751 1417 1819 computant,
1459 1747 1604 1802 unde
1643 1763 1709 1802 ex
1754 1745 1858 1802 hoc
1900 1761 2008 1800 non
2050 1743 2337 1812 incurrunt

331 1840 517 1890 notam
543 1835 719 1892 inanis
745 1835 952 1907 gloriae.
1017 1829 1024 1835 ’

399 1923 482 1978 Ad
503 1923 791 1996 septimum
811 1923 1120 1990 dicendum,
1155 1923 1320 1995 quod,
1346 1923 1489 1979 sicut
1516 1923 1709 1980 Glossa
1741 1921 1945 1992 ibidem
1976 1920 2126 1988 dicit,
2158 1923 2336 1993 Apos-

330 2009 428 2067 toli
456 2011 633 2068 adhuc
660 2012 841 2078 rudeS,
877 2018 931 2067 et
961 2012 1182 2066 modum
1220 2011 1526 2068 medicandi
1560 2011 1891 2083 ignoranteS,
1922 2026 2027 2067 non
2057 1999 2125 2066 ex
2154 2023 2338 2066 amore

330 2101 685 2157 correctionis
719 2099 969 2167 aliorum,
999 2100 1082 2155 vel
1133 2100 1357 2157 malitiae
1401 2101 1653 2157 finiendae
1692 2101 1745 2155 in
1782 2100 1918 2169 illis;
1964 2100 2059 2170 sed
2101 2115 2170 2154 ex
2211 2097 2337 2153 odio

329 2189 629 2245 vindictam
667 2186 1072 2242 desiderabant.
1119 2189 1273 2243 Hanc
1314 2197 1499 2244 autem
1530 2190 1895 2260 ignorantiam
1941 2189 2205 2246 Dominus
2242 2203 2333 2242 re-

331 2273 638 2348 prehendit.
665 2275 960 2344 Postquam
986 2288 1114 2329 vero
1140 2289 1233 2330 eos
1251 2274 1320 2331 de
1351 2291 1478 2331 vera
1496 2277 1788 2332 dilectione
1807 2278 2013 2343 docuit,
2042 2275 2337 2348 aliquando

333 2370 662 2437 potestatem
694 2362 885 2417 tribuit
916 2361 1052 2418 tales
1080 2362 1353 2418 vindictas
1381 2364 1692 2430 exercendi,
1729 2365 1871 2420 sicut
1914 2365 2074 2420 Petro
2098 2366 2156 2423 in
2186 2367 2339 2422 Ana-

335 2456 479 2510 niam
520 2458 575 2508 et
621 2466 843 2507 uxorem
890 2453 1027 2523 ejus,
1075 2464 1304 2524 quorum
1352 2465 1498 2505 mors
1542 2452 1849 2506 viventibus
1899 2451 2083 2508 utilem
2132 2460 2337 2507 metum

334 2543 525 2599 mortis
550 2542 798 2606 incussit,
825 2545 881 2594 et
907 2541 961 2595 in
989 2539 1092 2593 illis
1118 2540 1212 2612 qui
1239 2539 1623 2611 puniebantur,
1654 2546 1940 2611 peceatum
1966 2539 2109 2610 quod
2137 2554 2336 2610 augere

334 2637 603 2703 poterant,
619 2628 939 2695 siviverent,
962 2628 1154 2684 finivit.
1172 2628 1238 2683 Et
1252 2627 1352 2682 hoc
1371 2627 1513 2682 idem
1532 2627 1761 2682 habetur
1777 2627 1828 2681 in
1846 2627 2039 2683 Glossa
2058 2627 2218 2684 ICon.
2235 2630 2336 2693 v„3

333 2737 494 2792 super
517 2719 669 2786 illud,
690 2718 906 2776 tradere
926 2717 1227 2790 hujusmodi·
1251 2717 1509 2772 hominem
1531 2717 1764 2782 Satanae,
1792 2722 1900 2772 etc.
1927 2715 2022 2772 Vel
2047 2715 2335 2772 dicendum

335 2809 477 2882 quod
509 2808 631 2864 ideo
673 2808 939 2864 Dominus
967 2806 1266 2878 increpavit
1299 2805 1598 2877 discipulos
1628 2821 1841 2877 poenam
1871 2804 2335 2862 Samaritanorum

336 2903 600 2968 petentes,
630 2897 758 2968 quia
786 2894 1006 2950 videbat
1035 2909 1129 2949 eos
1152 2893 1442 2949 clementia
1467 2893 1680 2950 facilius
1710 2911 1867 2967 posse
1896 2895 2159 2962 converti,
2188 2894 2336 2950 unde

309 2986 526 3045 Glossa
565 2985 764 3040 ibidem
794 2983 927 3039 dicit
961 3001 973 3039 ε
1009 3003 1034 3036 «
1073 2983 1316 3055 Denique
1359 2983 1687 3042 Samaritani
1717 2985 1922 3041 certius
1962 2984 2332 3049 crediderunt,

335 3091 366 3130 a
393 3075 588 3148 quibus
618 3074 718 3130 hoc
749 3074 865 3129 loco
895 3073 1037 3143 ignis
1066 3081 1304 3128 arcetur.
1334 3092 1363 3124 a>

1059 3235 1362 3321 CAPUT‘
1413 3235 1629 3320 XVII.-

407 3349 671 3461 Quinto,
691 3387 761 3449 de
786 3347 894 3448 hoc
921 3387 1080 3467 quod
1103 3386 1380 3467 reliyiosi
1395 3385 1640 3466 placere
1670 3382 2007 3447 hominibus
2032 3383 2264 3446 volunt.

402 3530 559 3586 Nunc
595 3527 786 3599 quinto
824 3533 996 3583 restat
1023 3528 1230 3594 videre,
1259 3527 1532 3600 quomodo
1572 3527 1859 3583 ostendere
1884 3525 2153 3593 nituntur,
2186 3524 2345 3598 quod¹

334 3617 569 3688 religiosi
615 3632 719 3670 non
761 3615 960 3692 debent
1006 3631 1251 3689 quaerere
1304 3622 1362 3670 ut
1405 3615 1714 3672 hominibus
1769 3615 2040 3689 placeant,
2093 3614 2222 3688 quia
2281 3614 2334 3668 in

335 3708 531 3764 Psalm.
565 3723 662 3775 Lu,
691 3709 742 3770 6,
773 3697 972 3761 dicitur
1005 3723 1017 3759 :
1051 3703 1193 3760 Deus
1220 3704 1501 3775 dissipavit
1544 3721 1660 3758 ossa
1685 3721 1868 3761 eorum
1909 3704 2002 3780 qui
2041 3700 2339 3760 hominibus

330 3795 564 3869 placent,
589 3793 800 3870 confusi
821 3801 967 3862 aunt,
998 3792 1245 3868 quoniam
1272 3794 1414 3850 Deus
1437 3794 1639 3865 sprevit
1666 3809 1770 3851 eos.
