2784 4392
470 245 590 309 252
948 263 1002 308 s.
1046 260 1277 320 monim
1318 259 1646 312 sommus
1685 260 1996 308 croscum

473 389 729 456 suntque
755 380 937 437 animo
952 379 1103 448 fiant,
1126 380 1181 435 in
1208 378 1487 436 meliorem
1511 386 1720 451 partem
1743 379 2185 452 interpretemur.
2215 399 2241 432 n
2266 381 2486 439 Aucto-

472 458 664 526 ritat‘es
692 484 821 541 ergo
862 485 1002 542 quas
1044 469 1325 534 inducunt,
1366 469 1449 524 sic
1492 467 1860 538 intelligendae
1907 474 2054 535 sunt,
2084 476 2144 526 ut
2175 471 2482 542 quantum-

471 574 703 632 cumque
729 561 783 614 in
814 558 997 632 aliquo
1025 559 1167 616 bona
1193 558 1348 629 signa
1378 564 1696 632 appareant,
1724 556 1830 612 illis
1855 556 2034 630 decipi
2055 573 2162 614 non
2189 557 2476 626 debemuS,

471 656 531 703 ut
560 663 626 703 ex
650 647 759 704 illis
787 648 957 719 signis
986 647 1069 702 vel
1092 647 1163 704 ad
1194 646 1398 702 malum
1429 645 1512 702 vel
1543 646 1611 701 ad
1645 660 1888 702 errorem
1917 645 2157 718 aliquem
2184 648 2482 718 pertraha-

471 750 609 791 muS.
636 736 741 792 Sed
783 737 829 790 si
870 736 1067 808 aliquis
1110 735 1203 809 qui
1233 750 1337 791 non
1370 735 1719 790 inveniuntur
1747 734 1816 789 ad
1858 747 2098 790 errorem
2129 735 2472 806 pertrahere,

468 820 550 876 vel
584 822 649 878 ad
676 822 877 878 malum
902 839 1210 894 suggerere,
1240 822 1497 878 credatur
1519 837 1637 877 esse
1664 820 1838 876 bonus
1855 837 1952 893 per
1977 837 2143 893 opera
2173 821 2315 878 bona
2344 839 2477 895 quae

468 910 727 976 ostendit,
786 913 1036 983 quamvis
1084 911 1224 967 forte
1275 911 1346 966 sit
1390 908 1582 979 maine,
1633 925 1742 965 non
1783 915 1867 964 est
1914 910 1969 966 in
2010 909 2114 964 hoc
2162 910 2473 980 periculosa

458 995 737 1067 deceptio,
770 1012 893 1052 cum
924 1014 1031 1054 non
1058 999 1131 1054 sit
1155 997 1434 1053 hominum
1464 997 1530 1052 de
1555 994 1784 1052 occultis
1809 997 1990 1052 cordis
2014 997 2285 1068 judicare,
2325 999 2472 1053 unde

468 1083 515 1138 11
538 1084 660 1140 Cor.
694 1101 779 1151 xi,
820 1101 981 1156 super
1030 1087 1160 1142 illud
1193 1104 1208 1140 z
1247 1087 1365 1158 Ipse
1392 1085 1620 1142 Satanas
1642 1084 2002 1157 transfiqurat
2037 1102 2088 1141 sc
2125 1086 2185 1142 in
2205 1075 2474 1159 Anqelum

467 1171 618 1236 lucis,
663 1172 797 1227 dicit
838 1172 1033 1228 Glossa
1062 1191 1074 1226 ε
1106 1193 1131 1225 <‹
1165 1173 1297 1228 Cum
1341 1189 1399 1227 se
1432 1172 1630 1228 bonum
1677 1173 1888 1244 fingens
1929 1188 1995 1229 ea
2039 1173 2124 1228 vel
2168 1172 2303 1230 dicit
2344 1191 2472 1247 quae

466 1259 623 1314 bonis
644 1260 865 1332 Angelis
890 1269 1215 1331 congruunt,
1248 1261 1464 1316 etiamsi
1489 1261 1746 1317 credatus
1770 1262 1964 1328 bonuS,
1994 1277 2100 1318 non
2129 1263 2470 1336 periculosus

466 1364 619 1403 error
646 1358 742 1406 aut
783 1347 1243 1405 morbidus.'Cum
1270 1365 1399 1405 vero
1425 1365 1518 1421 per
1549 1349 1666 1406 haec
1697 1349 1873 1406 aliena
1914 1350 1983 1406 ad
2013 1367 2116 1407 sua
2144 1350 2335 1424 incipit
2359 1352 2472 1408 du·-

466 1452 609 1504 cere,
642 1454 710 1492 ne
734 1439 855 1510 quis
882 1445 1005 1510 post
1031 1453 1155 1494 eum
1184 1444 1320 1506 erat,
1354 1453 1548 1508 magna
1577 1437 1860 1509 vigilantia
1885 1453 2022 1510 opus
2046 1447 2150 1494 est.
2189 1458 2216 1491 »

434 1585 439 1592 ,
534 1526 759 1584 Addunt
782 1528 947 1584 etiam
974 1527 1061 1582 hic
1089 1515 1202 1584 suae
1227 1527 1504 1600 nequitiae,
1537 1533 1598 1581 ut
1626 1541 1793 1599 opera
1814 1525 1976 1593 bona,
2004 1542 2131 1599 quae
2159 1527 2217 1582 in
2242 1527 2466 1600 religio-

374 1602 392 1615 *
466 1615 543 1671 sis
572 1615 886 1686 respiciunt,
915 1613 1245 1686 hypocrisim
1273 1613 1570 1678 nominent,
1609 1628 1773 1685 quam
1799 1612 2183 1683 gravissimum
2209 1625 2464 1671 asserunt

466 1719 583 1760 esse
611 1689 911 1777 peccatum,
954 1705 1121 1760 etiam
1151 1704 1204 1758 in
1255 1703 1358 1759 hoc
1382 1703 1670 1758 Pharisaeis
1707 1701 1930 1766 similes,
1964 1703 2058 1774 qui
2095 1703 2334 1758 Domino
2358 1704 2466 1774 eji-

468 1791 646 1846 ciente
683 1791 1013 1846 daemonium
1050 1791 1305 1845 dixerunt
1338 1807 1351 1843 :
1383 1789 1453 1845 In
1480 1788 1761 1845 Beelzebub
1784 1788 2034 1861 principe
2076 1789 2464 1846 daemouiorum

468 1878 613 1950 ejicit
636 1878 975 1934 daeinoniaut
994 1877 1225 1934 habetur
1249 1876 1441 1933 Matth.
1460 1893 1566 1944 xn,
1585 1883 1641 1933 et
1658 1879 1886 1939 Lucan.
1912 1879 1999 1932 ⁴5.
2020 1877 2230 1947 Quibus
2256 1879 2463 1936 similes

467 1975 614 2033 sunt,
646 1968 741 2040 qui
778 1966 920 2023 bona
957 1982 1142 2039 opera,
1171 1981 1295 2038 quae
1329 1967 1383 2020 in
1416 1965 1537 2022 aliis
1564 1964 1769 2033 vident,
1802 1966 1991 2022 statim
2016 1965 2086 2022 ad
2128 1965 2462 2040 hypocrisim

468 2057 729 2122 referunt,
755 2057 897 2112 unde
921 2055 1184 2111 Dominus
1213 2055 1280 2110 ad
1302 2070 1395 2110 eos
1424 2054 1786 2111 confutandos
1809 2054 1941 2112 dicit
1971 2055 2180 2127 (Matth.
2200 2071 2306 2128 xu,
2335 2058 2421 2129 33)
2445 2074 2458 2112 :

470 2144 736 2215 Siquidem
761 2160 825 2198 eoe
854 2143 1121 2216 fructibus
1148 2142 1313 2199 arbor
1336 2143 1682 2215 cognoscitur.

536 2235 594 2289 ln
621 2233 723 2290 hoc
752 2234 919 2289 etiam
949 2248 1113 2305 quam
1137 2232 1209 2288 sit
1247 2232 1553 2304 periculosa
1583 2247 1772 2288 eorum
1800 2233 2052 2301 assertio,
2087 2233 2246 2290 facile
2283 2241 2456 2307 patet,

461 2323 589 2396 quia
619 2322 699 2378 sic
734 2321 978 2378 homines
1008 2337 1037 2376 a
1067 2321 1415 2395 perfectionis
1455 2321 1720 2392 operibus·
1752 2320 2182 2391 retraherentur,
2215 2324 2260 2380 si
2307 2324 2458 2380 istud

456 2410 724 2482 judicium
750 2410 1083 2483 procederet,
1108 2418 1161 2467 et
1184 2410 1235 2464 in
1266 2408 1522 2466 cordibus
1545 2408 1825 2465 hominum
1849 2410 2284 2481 confirmaretur,
2311 2413 2458 2484 quod

464 2506 680 2572 propter
706 2515 871 2574 opera
899 2497 1247 2572 perfectionis
1270 2497 1511 2556 exterius
1536 2499 1858 2569 apparentia
1881 2497 2080 2570 aliquis
2111 2506 2255 2555 esset
2281 2499 2464 2574 hypo-

463 2590 602 2645 crita
651 2588 1014 2660 judicandus;
1058 2585 1142 2642 vel
1190 2586 1235 2641 si
1287 2587 1452 2642 etiarn
1514 2594 1802 2659 postquam
1858 2586 2212 2658 perfectionis
2252 2594 2460 2646 statum

463 2677 836 2748 assumpserit,
864 2692 929 2730 ex
957 2689 1303 2747 quocumque
1324 2682 1553 2748 peccato
1580 2674 1891 2741 commisse,
1925 2675 2214 2748 hypocrita
2241 2677 2458 2735 dicere-

461 2772 569 2829 tur,
613 2762 890 2835 hypocrisi
932 2764 1198 2820 existente
1238 2769 1349 2819 tam
1377 2762 1530 2834 gravi
1574 2771 1822 2834 peccat0,
1853 2770 1913 2820 ut
1960 2764 2173 2821 dicunt.
2203 2765 2312 2822 Sed
2354 2766 2460 2822 hoc

459 2857 703 2907 removet
746 2851 1045 2923 Gregorius
1080 2867 1246 2919 xxxi,
1293 2851 1386 2906 lib.
1430 2851 1628 2910 Moral.
1673 2868 1837 2925 super
1881 2852 2014 2909 illud
2059 2852 2181 2909 Job.
2215 2869 2455 2912 xxxrxt

458 2941 702 3000 Frustra
721 2940 986 2998 laboravit
1011 2942 1157 3000 nullo
1180 2941 1367 2998 timore
1391 2948 1633 3013 coqen203
1662 2940 1750 2998 ubi
1782 2942 1864 2997 sic
1887 2940 2023 2998 dicit
2057 2959 2071 2996 ε
2103 2963 2129 2996 α
2159 2943 2456 3002 Sciendum

460 3047 589 3088 vero
610 3037 713 3103 est,
736 3031 881 3106 quod
906 3036 1033 3089 sunt
1056 3029 1295 3087 nonnulli
1316 3046 1454 3102 quos
1474 3030 1762 3086 charitatis
1775 3031 1983 3102 gremio
2005 3033 2253 3089 nutriens
2283 3042 2460 3091 mater

458 3121 704 3178 Ecclesia
740 3120 955 3188 tolerat,
999 3125 1283 3192 quousque
1310 3118 1378 3175 ad
1417 3118 1720 3190 spiritualis
1752 3121 1934 3176 aetatis
1969 3121 2307 3180 incrementa
2330 3140 2463 3195 per-

458 3211 643 3278 ducat,
684 3212 779 3285 qui
804 3224 1189 3282 nonnunquam
1217 3217 1273 3264 et
1302 3207 1615 3264 sanctitatis
1638 3206 1886 3264 habitum
1921 3215 2128 3278 tenent,
2162 3216 2219 3265 et
2244 3211 2462 3283 perfec-

460 3301 625 3356 tionis
654 3300 907 3355 meritum
936 3299 1130 3371 exequi
1167 3312 1271 3352 non
1300 3296 1503 3362 valent,
1541 3315 1568 3348 ι)
1595 3302 1651 3364 et
1681 3296 1819 3352 infra
1851 3313 1864 3352 :
1899 3316 1927 3350 α
1960 3297 2074 3354 Hos
2111 3313 2459 3374 nequaquam

456 3389 790 3446 credendum
817 3393 903 3444 est.
927 3387 983 3442 in
1006 3385 1416 3460 hypocritarum
1446 3398 1732 3440 numerum
1759 3386 2002 3453 currere,
2035 3387 2167 3459 quia
2197 3388 2344 3445 aliud
2375 3396 2462 3444 est

458 3477 798 3543 infirmitate,
828 3475 975 3533 aliud
1004 3473 1210 3530 malitia
1242 3487 1490 3544 peccare.
1522 3491 1548 3524 »
1579 3472 1660 3528 Illi
1689 3489 1819 3546 ergo
1858 3473 1959 3530 soli
1997 3481 2127 3530 sunt
2155 3475 2462 3549 hypocritas

456 3566 673 3623 dicendi
703 3581 771 3620 ex
797 3564 1069 3621 sententia
1105 3561 1251 3618 beati
1281 3561 1552 3633 Gregorii,
1581 3562 1674 3633 qui
1701 3578 1768 3619 ea
1807 3564 2113 3620 intentione
2137 3579 2303 3638 opera
2335 3579 2462 3637 per-

456 3655 710 3712 fectionis
752 3657 1054 3718 assumunt,
1110 3657 1173 3706 ut
1216 3651 1483 3707 malitiam
1532 3664 1688 3707 suam
1737 3651 2010 3709 occultius
2045 3661 2356 3720 exerceant,
2404 3660 2462 3708 et

455 3743 631 3814 magis
659 3756 855 3800 nocere
883 3741 1124 3814 possint3
1154 3755 1257 3796 non
1285 3747 1469 3797 autem
1492 3738 1570 3793 itti
1595 3754 1734 3813 quos
1760 3740 2028 3814 contingit
2053 3758 2120 3800 ex
2143 3740 2462 3800 infirmitate

454 3843 704 3900 peccare,
734 3829 906 3886 etiam
933 3827 1326 3903 posthabitum
1352 3827 1703 3900 perfectionis
1731 3837 2092 3902 assumptum.
