2784 4392
555 324 678 389 316
1033 341 1086 385 s.
1131 326 1362 383 ⁶1·quAE
1405 336 1736 387 mumma
1774 330 2089 383 croscum

559 461 676 517 sive
719 456 1041 534 provinciae,
1087 456 1176 516 vel
1220 457 1484 523 civitatis,
1533 454 1619 511 vel
1663 455 2061 528 cujuscumque
2106 454 2471 531 principatum,
2512 458 2591 512 'ut

556 548 814 606 videlicet
835 548 904 605 de
923 549 1197 603 communi
1217 546 1415 604 aerario
1434 543 1788 619 provideatur
1813 560 1909 616 per
1928 544 2230 619 principem
2258 546 2355 618 qui
2388 547 2590 618 praesit

557 637 876 708 indigentiis
905 652 1224 711 pauperum,
1250 634 1584 710 pupillorum
1612 642 1669 689 et
1696 632 2003 700 viduarum,
2036 648 2104 690 ac
2128 633 2355 690 advenis
2386 641 2443 690 et
2478 652 2587 705 pe-

559 726 790 798 regrinis
820 726 1064 782 assistat.
1103 724 1160 782 Si
1205 725 1350 780 enim
1393 730 1591 779 natura
1632 736 1993 794 quaecumque
2023 737 2129 777 non
2173 721 2359 779 deficit
2389 722 2447 777 in
2478 740 2589 779 ne-

558 815 834 881 cessariis,
877 818 938 870 ut
979 811 1335 885 Philosophus
1375 811 1514 866 dicit
1553 810 1609 867 iu
1648 810 1743 865 111.
1792 810 1869 865 De
1896 810 2020 865 coelo
2062 814 2111 865 et
2138 810 2351 877 mundo,
2406 810 2589 868 multo

559 904 740 963 minus
778 909 835 960 et
879 918 988 971 ars,
1030 918 1156 976 quae
1201 902 1448 959 imitatur
1476 898 1929 959 naturam.1nter
1971 914 2160 956 omnes
2201 906 2387 956 autem
2428 910 2591 958 artes

560 1008 650 1048 ars
677 992 897 1048 vivendi
941 996 996 1047 et
1026 990 1248 1063 regendi
1277 990 1528 1063 superior
1568 995 1623 1044 et
1652 986 1884 1061 amplior
1924 993 2030 1054 est,
2078 995 2138 1043 ut
2170 988 2337 1045 tradit
2364 990 2591 1047 Tullius

559 1080 640 1135 De
677 1078 990 1135 Tusculanis
1017 1077 1412 1151 quaestionibus.
1440 1077 1581 1149 Ergo
1608 1091 1764 1147 reges
1788 1082 1844 1133 et
1869 1076 2143 1149 principes
2172 1075 2226 1134 in
2252 1092 2353 1132 nec
2390 1072 2590 1134 ssariis

561 1167 795 1224 delicere
819 1182 924 1223 non
955 1168 1155 1224 debent
1187 1166 1576 1239 indigentibus»,
1610 1166 1775 1221 immo
1814 1165 1999 1239 potius
2026 1093 2589 1328 subvenirefhaete-

563 1271 676 1322 rea,
709 1271 865 1326 reges
893 1264 947 1311 et
988 1256 1262 1329 principes
1298 1256 1447 1311 vices
1474 1254 1573 1311 Dei
1603 1260 1799 1325 gerunt
1824 1254 1878 1309 in
1922 1253 2099 1319 terriS,
2134 1270 2231 1328 per
2260 1273 2297 1329 q
2338 1270 2403 1311 os
2431 1257 2587 1314 Deus

561 1344 827 1401 mundum
870 1343 1138 1415 gubernat
1178 1344 1323 1400 sieut
1364 1358 1462 1415 per
1502 1357 1697 1399 causas
1739 1342 2029 1398 secundas.
2071 1342 2227 1400 Unde
2258 1351 2313 1399 et
2358 1344 2585 1401 Samuel

565 1431 829 1506 propheta
865 1441 1082 1505 spretus
1126 1432 1185 1489 in
1225 1430 1501 1499 Dominio,
1532 1446 1659 1486 cum
1702 1428 1980 1503 querelam
2023 1440 2349 1505 proponeret
2392 1448 2583 1489 coram

567 1524 698 1588 Deo,
750 1536 1072 1593 responsum
1119 1519 1328 1585 habuit,
1379 1518 1526 1593 quod
1577 1534 1683 1575 non
1733 1520 1911 1590 ipsum
1963 1517 2295 1576 israeliticus
2346 1524 2583 1595 populus

453 1620 464 1629 ·
564 1618 866 1683 spreverat,
920 1612 1015 1667 sed
1053 1610 1261 1680 Deum,
1294 1610 1453 1681 cujus
1488 1606 1744 1664 videlicet
1772 1608 1921 1663 vices
1962 1606 2208 1679 gerebat.
2249 1608 2316 1664 Et
2359 1610 2415 1664 in
2444 1610 2583 1668 Pro·

565 1700 718 1756 verb.
747 1714 922 1767 xvm,
954 1700 1023 1755 ⁴5
1047 1699 1249 1755 dicitur
1275 1714 1290 1753 z
1322 1697 1432 1754 Per
1456 1713 1535 1753 me
1558 1712 1705 1769 reyes
1730 1700 1978 1769 reynant,
2005 1702 2056 1753 et
2084 1696 2253 1767 layum
2280 1697 2583 1755 conditores

561 1789 711 1860 juata
733 1789 1044 1844 decernunt.
1067 1788 1171 1845 Sed
1198 1789 1312 1843 Deo
1335 1785 1646 1859 specialiter
1666 1791 1751 1841 est
1767 1800 1902 1841 cura
1926 1800 2248 1856 pauperum,
2273 1786 2338 1841 ad
2368 1795 2583 1845 naturae

569 1877 812 1949 ipsorum
838 1874 1113 1931 desectum
1139 1874 1519 1947 supplendum.
1552 1874 1778 1944 Propter
1813 1871 1960 1945 quod
1988 1871 2061 1927 sit
2089 1873 2205 1944 agit
2232 1872 2420 1930 divina
2446 1891 2583 1949 pro-

567 1964 812 2020 videntia
849 1964 1000 2021 circa
1037 1963 1391 2033 indigentem,
1425 1962 1566 2017 sicut
1596 1968 1753 2031 pater
1784 1975 1915 2032 erga
1953 1960 2093 2016 filios
2130 1956 2484 2031 impotentes,
2514 1964 2583 2019 de

569 2052 766 2125 quibus
813 2050 1045 2123 amplior
1086 2048 1353 2109 incumbit
1381 2048 1696 2105 sollicitudo
1739 2057 1961 2122 propter
1990 2048 2307 2121 ampliorem
2336 2053 2583 2108 necessi-

568 2144 763 2195 tatem.
799 2138 954 2195 Unde
999 2142 1056 2194 et
1096 2137 1214 2211 ipse
1241 2137 1507 2193 Dominus
1550 2136 1653 2192 sibi
1696 2142 1917 2207 reputat
1947 2135 2064 2192 fieri
2092 2136 2405 2209 specialiter
2432 2140 2583 2213 quod

570 2227 644 2282 sit
671 2226 897 2299 pauperi
935 2225 1054 2301 ipso
1082 2232 1402 2293 attestante,
1436 2226 1532 2299 qui
1560 2224 1696 2281 dicit
1718 2224 1927 2296 (Matth.
1959 2240 2100 2291 xxv,
2134 2226 2221 2294 40)
2252 2242 2268 2283 ς
2304 2226 2457 2293 Quod
2476 2230 2583 2285 'tant‘

569 2331 636 2372 σω
662 2314 902 2373 minimis
941 2316 1070 2372 meis
1101 2314 1326 2387 fecistis,
1361 2314 1500 2371 mihi
1542 2313 1764 2386 fecistis.
1810 2312 1953 2384 Ergo
1995 2313 2063 2371 ad
2092 2314 2261 2370 istum
2304 2315 2582 2373 desectum

572 2420 875 2479 pauperum
903 2404 1298 2478 supplendum,
1313 2404 1457 2460 sicut
1483 2402 1635 2459 vices
1654 2402 1751 2457 Dei
1779 2408 2031 2473 gerentes
2049 2401 2107 2456 in
2130 2402 2290 2458 terris
2308 2404 2586 2476 principes

571 2503 628 2552 et
655 2494 869 2567 praelati
897 2498 1026 2551 sunt
1052 2492 1346 2559 debitores,
1379 2499 1436 2549 et
1463 2492 1607 2548 sicut
1636 2496 1819 2563 patres
1846 2505 1986 2563 quos
2014 2490 2161 2560 cogit
2178 2488 2425 2546 officium
2462 2509 2584 2549 esse

572 2585 929 2642 auxiliatores
967 2582 1331 2647 subditorum,
1364 2588 1425 2636 ut
1466 2579 1819 2653 Philosophus
1846 2578 1983 2635 dicit
2015 2578 2069 2634 in
2100 2578 2584 2647 vinaticorum,

572 2672 817 2745 ipsorum
858 2686 984 2727 cum
1026 2670 1224 2727 eflectu
1263 2668 1513 2725 beneficii
1552 2667 1845 2740 specialem
1886 2666 2087 2725 debent
2128 2682 2317 2725 curam
2358 2668 2583 2727 habere.

573 2761 763 2816 Talem
784 2764 971 2817 autem
997 2758 1419 2815 sollicitudinem
1445 2756 1637 2813 habuit
1662 2756 1939 2831 Philippus
1961 2772 2057 2811 rex
2078 2755 2411 2814 Macedoniae
2432 2759 2585 2820 circa
2610 2745 2615 2749 ’

575 2846 832 2912 Phisiam‚
874 2861 1058 2920 quem,
1097 2853 1159 2901 ut
1186 2845 1377 2903 scribit
1405 2845 1666 2917 Vegetius
1699 2845 1833 2901 libro
1863 2846 1934 2901 111
1964 2844 2042 2901 De
2076 2862 2136 2901 re
2170 2844 2426 2913 militari,
2457 2862 2586 2903 cum

575 2935 730 3007 prius
763 2932 991 2990 haberet
1019 2933 1305 3003 offensum,
1342 2932 1573 2991 audiens
1602 2934 1780 3007 ipsum
1819 2933 1947 2989 licet
1975 2932 2213 2989 nobilem
2242 2933 2587 2991 habere-tres

573 3023 736 3089 filias,
768 3028 825 3079 et
852 3037 977 3079 cum
1007 3022 1141 3095 ipsis
1175 3023 1356 3093 inopia
1392 3022 1574 3095 primi,
1616 3022 1686 3079 ab
1722 3021 2141 3079 admonentibus
2163 3020 2233 3077 de
2262 3021 2382 3088 hoc,
2424 3038 2588 3095 quae-

575 3128 720 3183 rens,
743 3117 930 3171 utrum
954 3112 1148 3169 melius
1172 3112 1313 3169 foret
1329 3117 1543 3185 partem
1559 3126 1765 3182 aegram
1789 3111 2032 3183 corporis
2052 3109 2393 3176 abscindere,
2417 3128 2585 3184 quam

575 3218 789 3271 curare,
821 3200 1164 3260 familiariter
1192 3199 1483 3257 accersivit
1520 3205 1576 3256 et
1610 3205 1836 3273 accepta
1866 3199 1935 3254 de
1964 3197 2289 3255 facultatum
2315 3198 2589 3255 domesti-

575 3305 764 3347 carum
809 3290 1039 3363 pecunia
1085 3288 1362 3357 instruxit,
1414 3293 1471 3343 et
1513 3286 1812 3343 fideliorem
1855 3285 2063 3341 habuit.
2108 3285 2358 3357 Amplius
2400 3294 2589 3343 autem

577 3380 708 3455 quia
737 3394 893 3450 reges
912 3386 968 3435 et
991 3376 1263 3452 principes
1289 3390 1605 3432 communes
1625 3374 1827 3431 habent
1851 3375 2114 3441 actioneS,
2139 3384 2193 3429 et
2220 3374 2589 3431 universalem

577 3468 918 3540 diligentiam
943 3466 1304 3533 subditorum,
1331 3479 1459 3520 cum
1484 3478 1592 3520 non
1620 3462 1857 3521 sufficiat
1880 3462 2043 3520 homo
2066 3462 2218 3521 solus
2245 3463 2313 3522 ad
2337 3465 2591 3537 proprias

579 3558 839 3623 actiones„
885 3562 1099 3627 oportet
1128 3551 1274 3626 quod
1303 3554 1358 3609 in
1388 3551 1576 3607 multis
1604 3551 1883 3619 deficiant,
1930 3552 2062 3625 quia
2104 3549 2234 3607 talis
2272 3556 2438 3620 actio,
2470 3554 2592 3609 sive

579 3646 988 3717 actionesquae
1029 3652 1157 3700 sunt
1200 3642 1458 3717 populum
1494 3640 1818 3715 gubernare,
1860 3640 2133 3712 judicare,
2182 3654 2251 3698 ac
2291 3641 2593 3715 unicuique

579 3749 801 3792 suorum
830 3733 1169 3791 subditorum
1203 3730 1504 3789 secundum
1531 3732 1729 3787 merita
1761 3728 2069 3806 providere,
2103 3728 2441 3785 transcendit
2469 3731 2594 3787 vir-

581 3824 755 3874 tutem
780 3827 1028 3879 naturae:
1057 3826 1278 3894 propter
1296 3819 1443 3893 quod
1468 3820 1691 3887 dicitur,
1714 3817 1863 3894 quod
1887 3822 1972 3876 est
1993 3832 2084 3874 ars
2112 3817 2315 3875 artium
2341 3818 2593 3889 regimen

577 3903 906 3967 mimarum.
937 3906 1005 3962 Et
1029 3906 1264 3963 arduum
1289 3910 1372 3962 est
1399 3905 1579 3975 valde,
1603 3912 1665 3963 ut
1692 3906 1788 3981 qui
1808 3905 1983 3963 nescit
2000 3911 2187 3964 tenere
2211 3904 2594 3965 moderamina
