2784 4392
785 265 894 322 xv'.
922 293 1001 307 —
1031 277 1106 322 οε
1149 277 1455 321 anamma
1497 277 1833 322 PRINclPtJM
2191 262 2312 323 365

311 389 546 448 Maximo
585 389 835 463 contigit,
868 391 935 447 de
965 399 1073 463 qu‘o
1116 389 1610 447 scribit-Maximus
1639 389 1911 456 Valerius,
1936 383 2081 462 q‘uod
2110 406 2233 446 cum
2269 381 2311 447 'a

313 495 371 535 se
397 478 705 552 quinquies,
738 485 792 534 et
823 494 855 535 a
899 485 1072 551 patre,
1100 491 1202 536 avo
1232 487 1286 534 et
1315 493 1539 551 proav0,
1581 477 1986 550 majoribusque
2014 479 2127 534 suis
2164 491 2309 550 saepe

313 568 653 625 consulatum
682 573 896 640 gestum
927 569 1282 640 conspiceret,
1315 567 1786 622 animadversione
1806 582 1969 638 quam
1996 573 2310 624 constanter

313 657 489 729 potuit
517 671 641 712 curn
679 656 878 728 populo
908 657 961 710 id
991 659 1122 726 egit,
1159 663 1218 710 ut
1249 655 1542 728 aliquando
1581 656 1922 711 vacationem
1951 655 2134 712 Fabiae
2162 656 2309 726 genti

313 744 524 812 darent,
556 761 624 799 ne
648 745 944 800 maximum
972 745 1260 816 imperium
1295 744 1347 797 in
1369 735 1490 798 'una
1522 751 1736 798 tantum
1780 745 2195 799 continuaretur
2223 744 2311 801 fa-

312 831 482 889 milia.
514 833 728 890 Accidit
757 849 975 905 quoque
1004 832 1331 904 quandoque
1355 847 1452 903 per
1480 831 1773 903 quamdam
1804 829 2118 889 violentiam
2147 848 2310 887 usur-

313 922 428 994 pari
477 921 785 991 imperium,
833 936 935 975 non
985 936 1048 974 ex
1093 920 1289 975 merito
1337 921 1625 984 virtutum,
1658 921 1802 974 sicut
1844 919 2017 975 fertur
2061 919 2131 976 de
2179 921 2311 977 Caio

311 1008 556 1080 Caligula
593 1008 1033 1077 sceleratissime,
1063 1009 1156 1081 qui
1204 1007 1306 1064 suit
1337 1023 1503 1077 nepos
1544 1007 1768 1074 Tiberii,
1801 1006 1905 1064 sub
1926 1023 2035 1081 quo
2064 1005 2313 1064 Christus

311 1111 506 1170 passus
535 1104 636 1153 est.
665 1095 734 1152 Et
771 1096 968 1152 similis
1007 1097 1075 1151 de
1101 1097 1316 1152 Nerone
1341 1095 1654 1152 verificatur
1698 1097 1991 1153 sententia.
2020 1096 2136 1152 Hoc
2166 1095 2310 1152 idem

313 1185 514 1242 accidit
542 1186 608 1240 de
637 1185 948 1240 consulibus
976 1184 1142 1250 urbis,
1167 1184 1310 1254 quod
1333 1200 1401 1240 ex
1426 1199 1613 1239 eorum
1642 1185 1947 1255 impietate,
1979 1187 2039 1238 ut
2064 1183 2310 1241 historiae

314 1283 553 1339 narrant,
584 1278 984 1343 usurpaverunt
1026 1271 1346 1336 dominium,
1375 1271 1520 1326 sicut
1559 1271 1707 1344 Sylla
1744 1278 1797 1327 et
1825 1271 2025 1328 Marius
2064 1273 2311 1328 commo-

314 1371 458 1417 tores
487 1360 634 1418 urbis
658 1369 713 1416 et
739 1360 904 1416 orbis.
937 1359 1015 1414 Ex
1045 1359 1241 1431 quibus
1271 1358 1523 1416 omnibus
1553 1367 1703 1431 patet
1727 1360 2107 1418 convenientia
2131 1361 2312 1434 impe-

313 1448 462 1505 rialis
489 1448 713 1505 dominii
740 1463 863 1503 cum
891 1447 1132 1518 politico.
1323 1460 1326 1464 ·

355 1555 361 1560 ·
381 1536 484 1593 Sed
511 1543 565 1592 et
589 1549 715 1590 cum
739 1534 906 1608 regali
931 1550 999 1589 ex
1020 1533 1218 1605 triplici
1244 1539 1400 1605 parte
1424 1533 1805 1590 convenientia
1830 1534 2158 1591 ostenditur.

384 1625 562 1698 Primo
593 1621 813 1694 quidem
843 1638 908 1676 ex
954 1621 1111 1676 modo
1154 1620 1397 1694 regendi,
1427 1621 1556 1692 quia
1587 1620 2024 1692 jurisdictionem
2051 1622 2215 1680 habet
2253 1633 2313 1680 ut

312 1727 486 1782 rages,
521 1717 576 1766 et
611 1709 816 1765 eisdem
845 1707 1081 1782 quodam
1116 1708 1241 1781 jure
1270 1714 1482 1765 naturae
1505 1713 1651 1774 sunt,
1685 1715 1742 1764 ut
1781 1708 1999 1779 regibus
2024 1695 2228 1768 tributa
2258 1721 2311 1768 et

312 1798 605 1869 vectigalia,
628 1798 898 1862 instituta,
927 1811 1052 1869 quae
1092 1804 1146 1852 et
1179 1797 1484 1866 transgredi
1512 1811 1616 1851 non
1662 1806 1887 1876 possunt
1916 1797 2035 1853 sine
2064 1809 2309 1870 peccato,
2386 1808 2423 1858 J

314 1888 418 1943 nisi
436 1887 578 1944 sicut
604 1888 658 1942 in
680 1887 806 1958 jure
831 1884 999 1956 regali
1017 1884 1266 1955 superius
1287 1884 1533 1948 definit0,
1558 1885 1701 1956 quod
1731 1885 1982 1942 consules
2011 1898 2309 1960 nequeunt,

314 1991 414 2033 nec
437 1977 600 2032 etiam
632 1974 961 2046 quicumque
987 1972 1078 2029 alii
1099 1971 1388 2028 civitatum
1419 1978 1657 2028 rectores
1687 1973 1740 2028 in
1768 1973 1943 2040 ltalia,
1972 1976 2065 2047 qui
2092 1980 2313 2049 politico

313 2053 508 2136 regunt
538 2063 819 2133 regimine,
851 2067 912 2116 ut
948 2062 1065 2132 jam
1101 2061 1336 2116 dicetur.
1366 2061 1595 2117 Tributa
1624 2061 1767 2116 enim
1813 2069 1867 2117 et
1906 2065 2195 2136 vectigalia
2244 2069 2312 2124 ad

312 2147 565 2211 aerarium
588 2149 863 2224 publicum
883 2147 1246 2214 deducuntur,
1271 2155 1325 2204 et
1349 2149 1417 2204 de
1440 2149 1546 2204 hoc
1568 2149 1837 2207 Salustius
1861 2151 2043 2219 refert,
2077 2155 2315 2226 qualiter
2357 2182 2367 2192 ,

314 2239 664 2338 reprehendit
691 2238 826 2294 Cato
855 2236 910 2290 in
935 2251 1034 2292 sua
1071 2235 1333 2291 concione
1358 2250 1613 2292 romanos
1640 2237 1890 2294 consules
1916 2241 1999 2295 sui
2032 2247 2309 2314 temporiS.

314 2331 447 2387 Cum
471 2327 617 2384 enim
645 2323 1080 2382 commendasset
1107 2338 1225 2392 eos,
1246 2323 1389 2396 quod
1411 2344 1436 2376 α
1461 2325 1541 2379 eis
1569 2324 1673 2379 fuit
1696 2325 1843 2381 domi
1874 2327 2162 2402 industria,
2184 2333 2315 2390 foris

310 2421 519 2490 justum
571 2412 876 2487 imperium,
916 2412 1130 2467 animus
1175 2411 1231 2466 in
1277 2411 1611 2467 consulendo
1655 2411 1808 2484 liber,
1855 2430 2032 2484 neque
2079 2417 2309 2489 libidini,

313 2521 492 2579 neque
514 2505 716 2559 delicto
745 2500 1028 2568 obnoxius,
1053 2519 1078 2550 n
1109 2479 1425 2572 subjungit:
1456 2521 1482 2552 α
1511 2502 1612 2555 Pro
1634 2500 1717 2557 bis
1742 2515 1840 2556 nos
1864 2502 2125 2560 habemus
2152 2505 2316 2564 luxu-

314 2596 451 2651 riam
489 2600 653 2664 atque
679 2590 988 2655 avaritiam,
1016 2587 1232 2661 publice
1257 2592 1578 2660 egestatem,
1615 2587 1869 2661 privatim
1894 2591 2313 2662 opulentiam.»

383 2682 633 2739 Secunda
673 2677 1054 2736 convenientia
1097 2677 1490 2748 imperatorum
1530 2692 1657 2733 cum
1703 2677 1921 2748 regibus
1966 2690 2046 2737 est
2090 2698 2310 2753 corona,
2349 2701 2403 2728 *-

315 2771 445 2843 quia
468 2774 798 2825 coronantur
829 2771 888 2820 ut
917 2780 1092 2835 reges.
1125 2764 1409 2836 Duplicem
1433 2763 1575 2820 enim
1605 2764 1803 2822 habent
1828 2781 2085 2826 coronam
2108 2767 2161 2826 et
2188 2775 2320 2829 reci·

315 2848 473 2931 piunt
501 2855 660 2910 electi
693 2855 746 2909 in
775 2853 1184 2924 Imperatorem.
1211 2853 1388 2909 Unam
1411 2853 1630 2924 quidem
1660 2868 1824 2926 prope
1848 2853 2230 2927 Mediolanum,
2262 2862 2315 2916 in

317 2943 443 3001 villa
463 2957 589 3015 quae
610 2939 808 2996 dicitur
832 2938 1122 3006 Modestia,
1139 2937 1234 2995 ubi
1258 2939 1454 3010 sepulti
1476 2945 1603 2996 sunt
1628 2955 1784 3014 reges
1801 2942 2313 3019 Longobardorum3

317 3047 441 3106 quae
465 3029 686 3103 quidem
710 3042 909 3083 corona
939 3025 1114 3081 ferrea
1139 3025 1339 3080 dicitur
1364 3039 1483 3079 esse
1512 3027 1748 3096 signum,
1782 3029 1927 3099 quod
1959 3034 2169 3103 primus
2206 3036 2316 3091 im-

316 3124 538 3192 perator
571 3129 862 3188 germanus
901 3111 1126 3169 Carolus
1166 3112 1392 3181 Magnus
1430 3110 1569 3166 colla
1606 3127 1796 3183 regum
1837 3114 2317 3188 Longobardorum

275 3259 280 3264 .
317 3220 543 3278 sumque
581 3202 760 3275 gentis
796 3199 1127 3273 perdomuit.
1153 3197 1464 3254 Secundum
1509 3211 1766 3254 coronam
1809 3217 1934 3272 quae
1969 3217 2135 3263 aurea
2178 3219 2261 3266 est
2284 3225 2319 3268 a

317 3307 531 3350 summo
561 3288 792 3362 percipit
819 3285 1100 3352 Pontifice,
1139 3291 1196 3340 et
1222 3298 1348 3340 cum
1381 3284 1517 3356 pede
1539 3284 1642 3341 sibi
1672 3286 1986 3360 porrigitur,
2019 3291 2075 3348 in
2101 3295 2318 3366 signum

318 3396 433 3438 suae
479 3376 834 3449 subJectionis
879 3380 933 3430 et
984 3371 1268 3430 fidelitatis
1316 3372 1386 3429 ad
1424 3373 1727 3431 Romanam
1776 3375 2096 3438 Ecclesiam.
2146 3385 2319 3458 Hujus

319 3476 504 3527 autem
531 3464 735 3536 fastigii
761 3462 1105 3535 dignitatem,
1137 3476 1240 3518 nec
1279 3462 1531 3518 consules
1576 3479 1677 3520 nec
1705 3465 2006 3526 dictatores
2045 3469 2318 3532 habebant

317 3559 374 3617 in
403 3557 568 3624 urbe;
598 3555 727 3628 quia
757 3559 817 3608 ut
840 3551 1097 3609 scribitur
1129 3551 1185 3607 in
1212 3552 1235 3607 1
1279 3550 1549 3620 Machab„
1583 3552 1725 3608 inter
1766 3555 2029 3626 praesides
2066 3575 2318 3620 romanos

318 3660 477 3703 nemo
504 3643 756 3717 portabat
779 3641 1050 3718 diadema,
1080 3653 1180 3696 nec
1205 3639 1532 3697 induebatur
1559 3656 1819 3722 purpura,
1844 3660 2077 3717 quorum
2101 3658 2319 3708 utrum-

319 3750 428 3808 que
453 3732 661 3790 saciunt
688 3731 1044 3802 imperatores
1069 3735 1126 3786 et
1153 3743 1327 3800 reges.

388 3820 577 3883 Tertia
599 3834 729 3878 vero
748 3817 1126 3876 convenientia
1151 3828 1318 3891 quam
1345 3815 1704 3890 imperatores
1728 3814 1931 3880 habent
1955 3836 2079 3882 cum
2100 3825 2316 3900 regibus
2371 3862 2394 3888 ν
2420 3843 2452 3884 ᾳ
