2784 4392
614 205 860 259 xv1.-
881 202 954 259 m
991 204 1405 258 nncnnmmu
1443 210 1469 257 1
1506 204 1821 263 exrosrno
1929 242 1934 246 -
2099 196 2218 265 445

209 330 274 387 in
297 321 403 393 hoc
429 334 770 386 sacramento
793 344 902 385 non
924 336 1008 387 est
1027 345 1223 407 corpus
1253 328 1453 388 Christi
1474 334 1776 389 secundum
1800 333 1879 390 rei
1900 333 2215 409 veritatem,

209 420 311 475 sed
355 416 531 475 solum
570 418 866 475 secundum
909 419 1157 492 figuram,
1187 420 1303 476 sive
1341 420 1486 478 sicut
1519 421 1575 477 in
1612 421 1789 495 signo.
1820 422 1967 479 Dicit
2012 433 2213 495 autem,

210 507 318 564 sub
346 507 630 581 speciebus
650 508 808 581 panis
830 514 887 565 et
910 508 1045 577 vini,
1070 509 1139 564 ad
1169 508 1567 567 excludendum
1592 526 1833 568 errorem
1858 514 2216 586 quorumdam

208 598 307 673 qui
365 599 636 664 dixerunt,
691 597 838 671 quod
898 597 952 653 in
1009 605 1353 654 sacramento
1406 597 1596 655 altaris
1649 599 1810 657 simul
1872 602 2219 660 continentur

209 686 519 747 substantia
552 687 710 759 panis
738 691 795 742 et
832 686 1140 743 substantia
1182 687 1427 759 corporis
1466 686 1687 755 Christi,
1717 688 1863 762 quod
1906 696 1988 745 est
2030 698 2221 749 contra

208 776 442 832 verbum
473 776 691 831 Domini
734 774 968 831 dicentis
1005 773 1139 832 Luc.
1170 790 1365 842 xxxxi,
1399 778 1463 833 19
1498 794 1511 830 :
1540 776 1653 833 Hoc
1686 785 1760 835 est
1800 795 1990 851 corpus
2026 797 2217 844 meum.

207 866 369 921 Esset
413 864 558 921 enim
607 864 904 920 secundum
951 862 1054 920 hoc
1097 864 1388 921 dicendum
1437 866 1613 937 magis
1654 882 1726 921 t«
1771 865 1871 923 Hic
1909 874 1994 924 est
2022 884 2220 943 corpus

209 970 415 1010 meum.
449 972 474 1006 ι)
504 952 576 1009 Ut
605 968 734 1025 ergo
764 952 1017 1009 ostendat
1047 954 1194 1025 quod
1233 954 1286 1008 in
1313 953 1417 1010 hoc
1454 963 1797 1012 sacramento
1828 972 1934 1013 non
1972 966 2219 1015 remanet
2250 966 2255 973 ’

207 1042 518 1104 substantia
548 1042 700 1113 panis
729 1046 785 1097 et
813 1042 944 1109 vini,
975 1042 1074 1098 sed
1100 1042 1276 1100 solum
1305 1043 1536 1115 species,
1566 1043 1621 1100 id
1662 1052 1745 1100 est
1772 1045 2075 1103 accidentia
2101 1048 2219 1104 sine

209 1132 478 1204 subjectO,
508 1118 662 1196 dicit,
695 1129 798 1185 sub
825 1130 1112 1203 speciebus
1135 1118 1293 1203 panis
1318 1137 1374 1187 et
1397 1131 1531 1189 vini,
1561 1132 1810 1188 Secundo
1838 1135 2079 1190 ostendit
2112 1152 2219 1208 quo

209 1222 372 1277 modo
412 1234 612 1293 corpus
651 1218 852 1276 Christi
899 1219 1125 1292 incipiat
1169 1234 1288 1275 esse
1325 1219 1428 1276 sub
1468 1228 1835 1293 sacramento,
1866 1222 2075 1279 scilicet
2127 1241 2217 1295 per

207 1310 312 1366 hoc
341 1308 485 1382 quod
507 1308 818 1365 substantia
845 1307 1004 1381 panis
1031 1308 1374 1365 convertitur
1410 1307 1739 1366 miraculose
1765 1310 1823 1365 in
1851 1310 2215 1371 substantiam

208 1400 455 1472 corporis
477 1398 697 1464 Christi,
731 1405 786 1453 et
829 1397 1137 1461 substantia
1163 1398 1278 1453 vini
1315 1398 1370 1452 in
1406 1396 1772 1454 substantiam
1812 1401 2128 1471 sanguinis;
2160 1409 2215 1457 et

205 1489 314 1544 hoc
354 1493 438 1543 est
475 1486 620 1558 quod
651 1485 786 1540 dicit
817 1499 830 1539 ε
857 1503 886 1537 α
917 1484 1448 1541 Transubstantiatis
1487 1502 1628 1559 pane
1658 1488 1713 1541 in
1747 1502 1963 1560 corpus,
1993 1495 2048 1545 et
2089 1490 2217 1547 vino

208 1577 264 1631 in
294 1573 615 1646 sanguinem
643 1579 915 1646 potestate
943 1572 1128 1629 divina
1158 1572 1226 1629 ad
1256 1575 1581 1647 mysterium
1608 1574 2001 1648 perficiendum
2031 1578 2219 1637 unita-
2323 1609 2327 1613 -

209 1666 302 1730 tis,
334 1664 388 1719 id
419 1668 503 1719 est
543 1663 613 1718 ad
642 1660 1030 1718 celebr-andum
1073 1661 1177 1717 hoc
1214 1669 1639 1725 sacramentum,
1684 1664 1831 1737 quod
1869 1671 1955 1721 est
2000 1666 2215 1739 signum

209 1752 600 1810 ecclesiasticae
631 1750 881 1806 unitatis.
925 1750 1274 1823 Accipiamus
1313 1751 1484 1823 igitur
1524 1752 1627 1825 ipsi
1658 1752 1727 1808 de
1764 1769 1883 1820 suo,
1911 1756 2057 1826 quod
2101 1756 2216 1829 ipse

209 1842 424 1914 accepit
441 1840 508 1895 de
539 1845 743 1896 nostro.
770 1856 797 1891 2>
824 1840 885 1895 In
906 1838 1009 1895 hoc
1027 1839 1172 1894 enim
1195 1847 1541 1895 sacramento
1570 1842 1871 1915 accipimus
1896 1843 1964 1899 de
1988 1858 2214 1917 corpore

211 1935 268 1987 et
309 1930 572 2003 sanguine
609 1927 832 1996 Christi,
877 1944 1002 2001 quae
1046 1928 1216 1984 Filius
1253 1928 1362 1985 Dei‘
1411 1931 1623 2003 accepit
1659 1930 1728 1986 de
1764 1936 1952 1988 nostra
1996 1940 2212 1989 natura.

209 2020 396 2075 Tertio
449 2018 778 2074 determinat
819 2015 1128 2072 ministrum
1177 2014 1340 2089 hujus
1387 2018 1741 2086 sacramenti,
1798 2019 1853 2073 in
1893 2036 2003 2094 quo
2050 2023 2217 2076 etiam

213 2108 389 2179 tangit
424 2107 633 2163 ordinis
675 2113 1112 2174 sacramentum3
1152 2110 1208 2159 et
1249 2104 1352 2159 hoc
1393 2111 1479 2160 est
1524 2107 1668 2177 quod
1708 2106 1841 2162 dicit
1886 2124 1957 2161 :«
1998 2109 2068 2165 Et
2116 2109 2219 2165 hoc

211 2197 404 2271 utique
431 2202 834 2251 sacramentum
865 2207 1023 2249 nemo
1053 2198 1232 2267 potest
1256 2192 1543 2260 conficere,
1572 2210 1595 2249 r
1634 2194 1673 2248 si
1706 2194 1809 2249 rite
1835 2196 1999 2253 suerit
2028 2213 2219 2253 sacer-

211 2287 311 2342 dos
341 2283 644 2349 ordinatus,
681 2300 708 2335 w
753 2282 898 2355 quod
929 2287 1014 2337 est
1041 2287 1231 2338 contra
1257 2280 1512 2337 haeresim
1540 2296 1574 2353 1.
1622 2297 1843 2353 ..perum
1879 2283 2219 2355 Lugdunen-

211 2378 372 2441 sium,
401 2372 495 2445 qui
524 2372 713 2427 dicunt
760 2368 1058 2444 quemlibet
1108 2369 1384 2425 hominem
1428 2368 1576 2424 istud
1606 2378 2015 2427 sacramentum
2058 2388 2220 2446 posse

212 2464 498 2521 conficere.
529 2460 698 2517 Addit
740 2467 924 2515 autem
955 2475 968 2515 ε
996 2477 1024 2512 ι(
1057 2457 1363 2515 Secundum
1393 2456 1576 2513 claves
1610 2456 1894 2525 Ecclesiae,
1928 2475 2069 2531 quas
2106 2461 2225 2531 ipse

212 2550 482 2610 concessit
505 2548 780 2622 Apostolis
804 2554 860 2603 et
884 2563 1072 2603 eorum
1100 2545 1507 2603 successoribus
1531 2546 1689 2600 Jesus
1712 2544 1983 2613 Christus,
2022 2566 2049 2599 »
2077 2546 2227 2621 quod

213 2639 500 2713 dupliciter
527 2644 708 2711 potest
738 2635 990 2709 intelligi,
1016 2635 1098 2693 vel
1139 2636 1267 2707 quia
1297 2632 1555 2691 sacerdos
1579 2632 1683 2687 rite
1712 2632 2005 2706 ordinatus
2042 2635 2231 2690 claves

199 2728 470 2784 'Ecclesiae
503 2727 762 2797 suscepit,
793 2725 878 2782 vel
908 2726 1036 2797 quia
1065 2724 1363 2780 secundum
1395 2727 1729 2795 potestatem
1767 2720 2013 2777 clavium
2043 2738 2235 2790 sacer-

217 2816 417 2873 dotalis
441 2815 573 2869 ordo
595 2813 892 2868 confertur.
909 2814 1044 2869 Sunt
1070 2821 1253 2869 autem
1279 2811 1469 2869 claves
1490 2810 1755 2867 Ecclesiae
1784 2812 2104 2867 auctoritas
2126 2810 2242 2866 dis·-

217 2902 472 2961 cernendi
499 2907 555 2956 et
578 2906 820 2973 potestas
838 2900 1141 2970 judicandi.
1736 2912 1745 2919 ·

282 2990 491 3046 Deinde
532 2987 748 3044 accedit
788 2987 856 3043 ad
894 2992 1298 3042 sacramentum
1339 2985 1635 3057 baptismi,
1678 2988 1833 3043 circa
1880 2986 2037 3057 quod
2077 2985 2257 3057 primo

217 3081 390 3151 tangit
418 3078 668 3143 formam,
701 3081 827 3131 cum·
865 3074 1038 3129 dicit:
1075 3093 1102 3127 α
1153 3074 1591 3130 Sacramentum
1633 3089 1767 3131 vero
1808 3073 2088 3142 baptismi
2120 3069 2268 3142 quod

219 3172 284 3227 ad
313 3167 711 3225 invocationem
738 3163 1034 3220 individuae
1061 3162 1375 3229 TrinitatiS,
1408 3162 1683 3220 videlicet
1720 3161 1939 3226 PatriS,
1976 3166 2037 3214 et
2064 3158 2193 3212 Filii
2223 3160 2279 3209 et

216 3258 448 3330 Spiritus
485 3254 682 3311 sancti.
721 3253 1103 3308 Consecratur.
1141 3271 1166 3303 υ
1207 3252 1346 3307 Haec
1404 3258 1499 3305 est
1542 3254 1696 3309 enim
1730 3250 1927 3306 forma
1966 3243 2288 3317 baptismi:

218 3350 331 3419 qu
355 3352 404 3403 te
432 3342 642 3417 baptizo
669 3342 730 3398 in
749 3340 954 3397 nomine
971 3340 1181 3407 Patris,
1209 3346 1261 3397 et
1284 3339 1469 3405 Filii,
1499 3347 1553 3396 et
1585 3342 1838 3415 Spiritus
1870 3334 2096 3398 sancti,
2117 3339 2183 3387 ut
2202 3339 2307 3383 tra·

217 3439 362 3493 ditur
403 3432 596 3489 Matth.
643 3431 726 3487 ult
763 3433 851 3486 ⁴9.
898 3429 1148 3486 Secundo
1194 3428 1438 3501 ponitur
1486 3433 1767 3496 materia,
1820 3438 1975 3480 cum
2040 3420 2252 3497 dicitur
2298 3430 2315 3469 ·.

219 3546 245 3581 (ι
284 3527 645 3582 Consecratur
673 3520 727 3575 in
766 3534 928 3592 aqua.
979 3536 1006 3571 n
1037 3519 1158 3574 Non
1195 3517 1352 3573 enim
1407 3516 1471 3571 in
1524 3519 1645 3576 alio
1687 3522 1932 3592 liquore
1980 3512 2189 3591 potest
2226 3504 2332 3558 hoo

216 3618 615 3672 sacramentum
644 3609 846 3681 perfici,
879 3608 986 3663 nisi
1013 3608 1068 3662 in
1099 3623 1231 3663 vera
1257 3621 1448 3679 aqua.
1484 3606 1695 3667 Tertio
1722 3599 2096 3665 ostenditur
2148 3591 2347 3686 quibus

216 3705 288 3761 sit
314 3700 698 3760 conferendum
736 3698 840 3754 hoc
879 3701 1312 3759 sacramentum,
1359 3710 1516 3751 cum
1556 3697 1705 3757 dicit
1743 3715 1758 3755 ε
1807 3712 1841 3747 α
1892 3688 2078 3744 Tam
2112 3677 2362 3755 parvum

217 3808 380 3867 quam
421 3788 641 3859 adultiS‚
672 3827 780 3846 .....
805 3785 1019 3862 proficit
1053 3784 1124 3843 ad
1148 3784 1411 3843 salutem
1450 3801 1485 3839 ιο
1524 3789 1691 3860 quod
1728 3780 2009 3863 ponitur
2051 3770 2139 3833 ad
2184 3766 2371 3829 exclu-

1410 3990 1489 4006 ,δᾳ-ι
1504 3997 1507 4000 -

1438 4124 1473 4147 Ι
