2784 4392
519 230 656 280 1111.
687 244 768 263 -
795 228 1036 279 comm
1075 231 1262 282 narn.
1307 232 1587 282 nom-ae
1624 233 1869 302 menas.
1912 215 2117 285 name.
2242 225 2323 288 43

321 348 720 423 Episcopatum
741 348 830 407 vel
849 348 1368 409 Archidiaeonatum
1391 352 1649 422 retinere,
1679 352 1773 430 qui
1800 363 2068 415 voverunt
2099 356 2324 430 religio·—

321 454 448 495 nem
475 438 704 507 intrare,
731 440 888 495 etita
912 439 958 496 si
989 438 1380 509 retinent,tnon
1408 446 1536 499 sunt
1559 442 1687 501 honi
1715 442 1989 520 Episcopi,
2015 444 2103 504 vel
2126 444 2327 508 Archi·-

319 526 560 595 diaconi,
589 543 714 585 cum
743 526 854 585 sint
882 528 996 585 voti
1027 534 1481 601 transgressores.

393 615 548 689 Quod
577 624 764 673 autem
799 618 1034 692 septimo
1062 619 1403 693 propositum
1428 626 1535 690 est,
1562 620 1711 696 quod
1748 638 1855 681 non
1901 630 2029 682 sunt
2060 622 2229 701 aliqui
2256 624 2325 683 ad

317 705 423 763 Dei
473 704 685 763 cultum
732 708 975 763 muneris
1017 708 1337 766 interventu·
1365 710 1721 784 provocandi,
1752 710 1982 769 solvitur
2028 728 2123 785 per
2178 713 2324 771 idem

319 810 442 868 cap.
469 795 618 869 quod
662 794 731 852 ad
759 794 863 853 hoe
905 796 1190 865 inducunt,
1220 799 1472 872 sequitur
1494 800 1638 857 enirn
1680 808 1802 875 post
1844 802 2127 875 praemissa
2157 820 2169 857 :
2196 802 2326 861 Nisi

316 882 460 959 forta
487 884 550 939 de
570 900 873 965 pauperum
897 884 1150 945 alimento
1173 885 1292 961 quis
1320 888 1380 943 in
1409 888 1563 945 corde
1597 898 1885 963 proponat,
1916 906 2140 963 quorum
2164 891 2323 959 nulli,

319 972 688 1047 cujuscumque
706 974 1053 1047 professionis
1076 981 1224 1042 esset,
1243 975 1504 1034 victualia
1530 979 1882 1052 negabantur.
1898 980 1978 1038 Ex
2002 996 2111 1053 quo
2150 986 2322 1054 patet,

321 1064 468 1141 quod
497 1064 939 1123 inconvenienter
971 1064 1306 1138 redarguunt
1340 1084 1455 1135 eos,
1482 1070 1576 1141 qui
1622 1070 1949 1144 pauperibus
1988 1070 2328 1129 scholaribus

320 1154 514 1211 bursas
538 1161 851 1228 procurant,
879 1162 935 1212 et
966 1170 1061 1213 eos
1090 1156 1145 1212 in
1181 1156 1366 1213 studio
1395 1158 1665 1225 nutriunt,
1694 1166 1757 1218 ut
1796 1168 1922 1233 post
1966 1161 2188 1219 modum
2215 1162 2327 1221 siut

320 1242 567 1315 religioni
597 1244 856 1316 aptiores,
887 1244 995 1302 Sed
1020 1252 1075 1301 et
1107 1244 1154 1301 si
1183 1260 1292 1319 qua
1321 1244 1431 1303 alia
1459 1246 1725 1305 beneficia
1753 1254 1969 1307 terrena
1995 1249 2160 1307 alicui
2188 1266 2325 1307 eou-

319 1332 584 1401 ferantur‚
621 1338 684 1388 ut
730 1348 797 1390 ex
851 1334 956 1390 lsoe
998 1334 1118 1407 ejus
1162 1334 1538 1393 familiaritate
1593 1343 1817 1411 captata
1870 1348 2199 1413 provocetur
2252 1340 2322 1399 ad

319 1420 534 1490 meliuS,
561 1436 670 1477 non
693 1428 778 1479 est
820 1421 1074 1479 illicitum
1106 1440 1121 1479 ε
1150 1432 1295 1481 esset
1329 1430 1515 1481 autem
1556 1424 1829 1495 illicitum,
1850 1427 1898 1483 si
1928 1426 2117 1501 aliqua
2142 1430 2323 1502 pactio

271 1514 278 1519 '
319 1506 406 1568 vel
434 1510 723 1568 conventio
748 1510 1121 1569 interveniret.
1148 1510 1304 1570 Unde
1330 1518 1388 1569 et
1410 1512 1465 1569 in
1486 1513 1677 1570 eodem
1700 1531 1823 1589 cap.
1854 1516 2107 1573 subditur
2140 1534 2155 1573 ε
2184 1517 2323 1575 Dum

322 1606 496 1667 lamen
523 1598 692 1676 omnis
719 1598 854 1657 absit
879 1598 1080 1673 pactio,
1095 1608 1145 1659 et
1167 1600 1338 1657 omm's
1361 1609 1517 1661 cesset
1540 1603 1831 1661 conventio.
1854 1603 2128 1679 Alioquin,
2152 1605 2321 1663 sinon

321 1687 513 1745 liceret
551 1686 788 1761 aliquem
829 1704 924 1761 per
963 1688 1288 1761 temporalia
1332 1688 1597 1747 beneficia
1638 1705 1937 1764 provocare
1982 1692 2053 1749 ad
2099 1691 2322 1767 aliquod

322 1776 610 1852 spirituale
647 1776 866 1849 bonum,
915 1777 1166 1835 illicitum
1208 1785 1353 1836 esset
1391 1778 1539 1852 quod
1578 1779 1641 1835 in
1683 1778 2011 1853 quibusdam
2060 1778 2321 1839 Ecclesiis

323 1858 578 1942 ‹juaedam
627 1866 1026 1924 distribuuntur
1061 1867 1148 1924 his
1185 1868 1280 1942 qui
1323 1868 1394 1925 ad
1444 1868 1683 1925 officium
1732 1868 1981 1926 divinum
2026 1870 2315 1928 accedunt.

392 1956 546 2028 Quod
574 1972 704 2015 vero
727 1964 925 2013 octavo
949 1956 1288 2029 propositum
1311 1963 1415 2027 est,
1448 1964 1639 2015 contra
1672 1957 1997 2017 fidelitatem
2028 1975 2145 2042 esse
2174 1960 2321 2035 quod

316 2048 546 2123 juvenes
588 2046 917 2103 inducantur
965 2046 1036 2104 ad
1077 2047 1331 2119 graviora
1369 2062 1556 2115 onera,
1588 2047 1802 2105 scilicet
1832 2048 2064 2123 jejunia,
2098 2049 2317 2123 vigilias

320 2146 376 2194 et
404 2136 738 2209 hujusmodi,
761 2132 1110 2194 manifestam
1148 2136 1394 2193 continet
1434 2136 1753 2195 falsitatem.
1783 2137 1881 2195 His
1920 2139 2067 2197 enim
2116 2138 2213 2213 qui
2264 2139 2320 2195 in

321 2226 581 2298 religione
618 2226 956 2299 recipiuntur
999 2224 1085 2281 vel
1129 2226 1198 2281 ad
1234 2240 1359 2283 eam
1403 2222 1715 2299 obligantur
1760 2226 1819 2282 in
1872 2227 2159 2301 principio,
2192 2244 2323 2300 gra·-

322 2316 474 2373 viora
499 2314 776 2387 religionis
799 2330 966 2371 onera
990 2315 1431 2373 manifestantur.
1456 2316 1571 2373 Nee
1599 2322 1783 2373 tamen
1811 2321 1896 2373 est
1929 2325 2123 2373 contra
2140 2317 2319 2373 fideli-

322 2404 550 2472 litatem,
570 2405 616 2461 si
647 2404 720 2461 ad.
744 2404 1120 2477 provocandos
1137 2404 1354 2479 aliquos
1375 2403 1446 2462 ad
1474 2404 1793 2477 religionem
1816 2407 1971 2479 eujus
1994 2407 2319 2479 asperitates

281 2539 286 2543 .
320 2502 446 2551 sunt
492 2494 778 2550 manifeste
817 2492 1150 2568 spirituale5‚
1193 2493 1279 2551 eis
1317 2492 1455 2550 alias
1498 2494 1901 2550 consolationes
1935 2495 2325 2567 repromittant

321 2582 565 2657 exemplo
599 2582 814 2640 Domini
842 2581 938 2657 qui
966 2580 1184 2640 dicebat
1207 2581 1403 2641 Matth.
1431 2596 1516 2650 xl,
1548 2586 1616 2640 29
1649 2579 1667 2637 τ’
1704 2581 1891 2639 Tollite
1920 2581 2113 2656 juyum
2150 2598 2321 2639 meum

319 2689 480 2745 super
501 2688 610 2739 vos,
635 2680 688 2729 et
715 2660 898 2728 discite
919 2686 954 2728 a
981 2688 1084 2738 me,
1108 2670 1240 2745 quia
1263 2671 1411 2728 mitis
1450 2688 1567 2730 sum
1601 2678 1653 2728 et
1686 2671 1905 2729 humilis
1932 2670 2107 2739 eorde,
2135 2677 2187 2728 et
2220 2670 2317 2729 in-

317 2761 541 2819 venietis
567 2762 800 2839 requiem
831 2761 1110 2818 animabus
1132 2758 1342 2818 vestris.
1367 2762 1427 2817 In
1470 2758 1668 2835 quibus
1706 2760 1890 2819 verbis
1935 2766 1992 2819 et
2034 2761 2317 2835 corporale

319 2866 456 2908 onus
485 2851 750 2923 signatur,
782 2867 878 2925 per
901 2850 1006 2907 hoe
1043 2851 1188 2925 quod
1215 2851 1410 2923 jugum
1452 2850 1719 2920 nominat,
1745 2856 1803 2907 et
1840 2850 2142 2926 spiritualis
2182 2866 2321 2909 oon-

319 2939 516 2997 solatio
558 2941 614 2994 in
644 2939 748 2995 hoo
785 2938 934 3012 quod
964 2938 1206 3012 quietem
1229 2939 1525 3012 promittit.
1541 2938 1695 2996 Unde
1722 2940 2061 3011 Augustinus
2094 2938 2231 2996 dicit
2259 2940 2317 2995 in

319 3028 456 3086 libro
483 3031 562 3085 De
590 3028 767 3085 verbis
797 3029 1012 3086 Domini
1044 3046 1060 3086 ε
1095 3026 1397 3101 Quijupum
1427 3028 1647 3085 Domini
1672 3028 1943 3103 intrepida
1967 3028 2163 3087 cervice
2188 3029 2321 3086 sub-

315 3128 531 3193 gerunt,
561 3125 672 3177 tam
705 3118 942 3193 difficilia
973 3118 1219 3190 pericula
1251 3118 1569 3191 poliuntur,
1592 3126 1655 3175 ut
1704 3134 1811 3175 non
1857 3136 1891 3173 a
1937 3118 2201 3175 laboribus
2240 3118 2313 3177 ad

317 3209 572 3281 quietam,
599 3207 687 3263 sed
713 3224 747 3263 a
791 3208 963 3281 quiete
997 3206 1071 3263 ad
1107 3207 1338 3263 laborem
1379 3206 1565 3263 vocari
1598 3206 1905 3265 videantur.
1936 3206 2037 3264 Sed
2072 3207 2313 3280 profecto

317 3296 464 3371 adest
487 3296 723 3367 Spiritus
736 3304 982 3363 sanctus,
1007 3296 1099 3370 qui
1126 3296 1185 3351 in
1209 3297 1485 3370 affluentia
1510 3296 1827 3353 deliciarum
1862 3296 1966 3353 Dei
1994 3296 2056 3353 in
2093 3312 2183 3369 spe
2217 3296 2319 3366 su-

317 3392 460 3443 turae
501 3381 842 3441 beatitudinis
889 3384 1072 3442 omnia
1117 3387 1413 3458 praesentia
1461 3384 1735 3453 deliniret,
1778 3400 1973 3458 aspera
2030 3391 2085 3441 et
2130 3386 2310 3441 omnia

314 3470 508 3548 gravia
536 3471 813 3528 revelaret.
845 3474 992 3530 Satis
1014 3489 1145 3544 ergo
1172 3472 1540 3545 spiritualium
1564 3472 1884 3530 deliciarum
1918 3471 2225 3543 inexpertos
2253 3487 2315 3529 se

319 3564 581 3627 indicant,
611 3574 705 3615 eos
744 3560 921 3635 decipi
951 3560 1302 3631 arbitrantes,
1333 3563 1429 3637 qui
1468 3578 1536 3620 ea
1563 3576 1689 3637 quas
1724 3566 1855 3618 sunt
1880 3560 2096 3634 corpori
2125 3562 2315 3634 gravia

315 3659 538 3728 propter
566 3649 842 3708 Christum
869 3647 1195 3721 suscipiunt.

388 3742 544 3813 Quod
572 3757 701 3797 vero
727 3756 868 3797 nono
906 3738 1244 3815 propositum
1273 3744 1358 3797 est
1381 3739 1451 3797 de
1478 3745 1687 3798 statuto
1711 3738 2012 3799 innocentii
2037 3742 2215 3817 Papae,
2245 3742 2317 3801 ad

318 3832 656 3910 propositum
683 3846 792 3891 uon
819 3830 972 3905 facit,
1003 3830 1135 3909 quia
1161 3838 1435 3895 statutum
1461 3830 1598 3893 illud
1621 3838 1706 3893 est
1730 3831 2031 3931 editumlde
2064 3858 2195 3916 voto
2224 3866 2320 3911 ω.
