2784 4392
775 263 890 335 xv,
915 260 998 319 .‘;.'
1020 283 1102 333 »s
1143 282 1447 333 anetum}
1488 282 1830 335 ramatum
2182 266 2312 331 387

302 401 498 471 manis,
527 403 672 477 quod
699 402 1036 461 committunt
1065 401 1163 459 uni
1192 402 1394 459 homini
1422 401 1740 475 mayistrum
1764 417 1916 457 suum
1939 416 2043 475 per
2078 401 2315 477 sinqulos

303 508 470 548 annos
497 494 769 550 dominari
805 494 1068 550 universoe
1095 500 1259 549 terroe
1281 506 1416 558 tuce,
1441 500 1491 547 et
1528 508 1704 547 omnes
1727 491 1979 549 obediunt
2006 492 2126 549 uni.
2156 494 2308 551 Cau-

303 596 420 637 sam
446 592 629 638 autem
676 584 954 655 assignant
995 582 1258 649 historiae,
1286 590 1348 637 ut
1391 597 1492 637 nec
1534 580 1773 637 insolens
1814 580 1909 636 diu
1947 588 2213 645 maneret,
2252 587 2311 637 et

302 670 636 726 moderatior
661 670 772 727 cito
807 678 1172 726 succurreret.
1211 668 1386 739 Quam
1436 668 1659 743 quidem
1682 664 1912 724 'causam
1954 664 2313 747 Philosophus

302 756 466 813 etiam
497 760 672 831 tangit
696 758 752 815 in
793 760 840 815 11
866 758 1055 826 Ponit„
1085 759 1214 833 quia
1252 765 1468 815 mutare
1494 756 1790 831 aliquando
1835 757 2202 831 principatum
2244 772 2312 814 ac

301 844 643 920 dignitatem,
689 848 1045 922 magistratus
1083 839 1328 923 persenis
1375 846 1604 903 idoneis
1630 846 1980 914 distribuere,
2011 860 2179 903 causa
2222 854 2311 904 est

302 939 526 1009 majoris
556 929 706 1010 pacis
732 940 786 999 in
815 940 1059 1004 civitate,
1091 947 1146 994 et
1173 938 1229 993 in
1255 936 1444 1010 politia
1471 949 1837 1009 quacumque.

369 1027 491 1083 Alia
513 1039 696 1084 eutem
713 1027 1195 1089 causa.assumitur
1211 1042 1278 1083 ex
1296 1038 1403 1081 uno
1418 1024 1689 1099 principio
1708 1024 2014 1097 Philosophi
2034 1024 2081 1081 V
2101 1022 2310 1091 Echio„
2354 1042 2359 1049 ·

300 1114 638 1181 ubidicitur,
671 1116 816 1189 quod
847 1135 874 1168 α
911 1116 1252 1189 principatus
1290 1116 1467 1171 virum
1503 1114 1764 1171 ostendit.
1801 1134 1829 1167 n
1854 1114 2133 1185 Contingit
2162 1114 2310 1171 enim

300 1203 573 1261 interdum
603 1220 890 1277 personam
915 1211 1250 1276 assumptam
1275 1204 1344 1261 ad
1383 1204 1710 1274 dignitatem
1738 1218 1859 1259 esse
1886 1202 2159 1259 hominem
2187 1202 2310 1259 vir-2

301 1294 518 1345 tuosum
544 1292 600 1347 iu
625 1292 834 1363 gradu3
863 1308 966 1351 suo
1002 1293 1098 1349 sed
1133 1298 1425 1365 postquam
1452 1296 1659 1347 statum
1693 1292 2034 1365 principatus
2068 1290 2308 1365 accepit,

299 1376 546 1435 elevatur
587 1379 641 1437 in
687 1380 1001 1453 superbiam
1047 1387 1105 1436 et
1150 1388 1420 1454 tyrannus
1466 1379 1725 1437 efficitur.
1771 1381 1927 1439 Sicut
1974 1380 2180 1441 accidit
2234 1380 2307 1437 de

297 1466 480 1531 Saule,
511 1468 582 1525 de
622 1485 732 1541 quo
761 1469 964 1527 dicitur
988 1470 1044 1527 in
1080 1469 1268 1540 IReg.
1316 1468 1463 1542 quod
1504 1468 1725 1541 quando
1772 1476 2087 1538 assumptus
2128 1473 2214 1523 est
2253 1469 2311 1525 in
2416 1466 2419 1469 ’

299 1570 506 1625 regem,
541 1556 684 1613 inter
707 1557 849 1616 filios
889 1557 1056 1615 Israel
1087 1570 1197 1613 non
1237 1565 1358 1615 erat
1388 1555 1581 1613 melior
1606 1556 1690 1611 vir
1714 1554 1827 1621 illo,
1859 1563 1915 1613 et
1938 1555 2070 1616 solis
2092 1555 2310 1619 duobus

299 1646 459 1703 annis
483 1646 534 1700 in
561 1661 661 1703 sua
688 1646 990 1717 permansit
1013 1646 1343 1703 innocentia.
1370 1646 1668 1719 Postquam
1696 1651 1881 1703 autem
1907 1644 2087 1703 sactus
2115 1653 2311 1719 tyren-.-

298 1748 405 1796 nus
421 1741 478 1788 et
506 1736 618 1791 Deo
641 1735 977 1801 inobediens,
995 1734 1204 1791 dictum
1228 1741 1313 1791 est
1337 1735 1388 1791 ei
1416 1748 1511 1805 per
1534 1734 1849 1791 Samuelem
1870 1735 1988 1806 (xv,
2012 1736 2136 1803 23):
2166 1734 2310 1800 Quis

301 1821 539 1895 abjeciaeti
561 1839 852 1881 sermonem
876 1824 1119 1891 Domini,
1141 1830 1189 1881 et
1218 1840 1328 1881 non
1347 1821 1571 1881 obedisti
1594 1822 1707 1882 voci
1732 1824 1867 1896 effus,
1895 1822 2089 1895 objecit
2118 1830 2167 1884 ta
2190 1822 2309 1881 Do-

301 1912 479 1969 minus
503 1929 568 1971 ne
594 1914 668 1969 ris
691 1930 812 1973 rex.
2304 1980 2308 1984 ,

371 2002 618 2075 Amplius
643 2011 827 2060 autem
855 2002 1062 2075 gradus
1083 2002 1309 2077 quidam
1333 2007 1423 2059 est
1448 2001 1505 2060 in
1529 2006 1726 2061 natura
1750 2001 2005 2068 hominis,
2037 2008 2308 2075 quantum

301 2091 371 2149 ad
400 2091 632 2149 virtutes
657 2100 711 2149 et
734 2093 962 2164 gratias.
985 2092 1229 2163 Quidam
1263 2092 1413 2148 enim
1441 2100 1569 2175 sunt
1596 2092 1670 2168 ad
1688 2092 2085 2164 subjectionem
2114 2092 2310 2167 dispo-

301 2180 412 2247 siti,
444 2180 540 2237 sed
565 2182 633 2237 ad
665 2182 1117 2253 regimenminus
1149 2180 1370 2249 valent3
1398 2180 1622 2253 quidem
1652 2187 1837 2239 autem
1862 2196 1895 2237 e
1922 2194 2208 2240 converso.
2231 2180 2313 2239 Ex

303 2268 398 2327 tali
441 2284 570 2340 ergo
607 2269 880 2340 opinione,
912 2268 1042 2341 quia
1083 2267 1260 2325 bouus
1301 2276 1387 2325 ost
1427 2268 1684 2326 subditus
1721 2268 2054 2342 assumptus,
2080 2275 2139 2325 et
2167 2269 2311 2327 male

302 2370 514 2427 regens„
546 2356 592 2412 si
623 2361 972 2428 perpetuetur
998 2369 1125 2411 cum
1153 2354 1465 2427 principatu
1500 2360 1589 2413 est
1609 2370 1777 2415 cauca
1798 2356 2055 2416 scissum
2083 2355 2138 2413 in
2167 2356 2314 2416 civi·

303 2452 492 2510 tatem,
523 2443 853 2501 conveniens
875 2449 960 2500 est
983 2452 1196 2500 mutare
1219 2450 1483 2500 rectores.

369 2534 596 2605 Romae,
631 2534 906 2607 appetitus
929 2532 1151 2589 honoris
1177 2519 1322 2589 inest
1342 2532 1573 2599 homini,
1600 2532 1745 2590 unde
1771 2532 2025 2591 Valerius
2039 2534 2312 2593 Maximus

301 2624 437 2681 dicit
464 2624 610 2699 quod
655 2624 803 2681 nulla
827 2632 914 2681 est
941 2629 1094 2680 tanta
1116 2622 1419 2690 humilitas,
1450 2636 1577 2696 quoe
1600 2622 1705 2681 hac
1732 2622 2021 2681 dulcedine
2048 2640 2153 2681 non
2182 2634 2314 2682 tan·-
2394 2640 2397 2643 ’

301 2719 480 2785 gater,
512 2719 567 2769 et
608 2714 736 2770 hinc
769 2714 1022 2787 sequitur
1047 2712 1218 2781 aliud,
1265 2711 1478 2769 scilicet
1514 2712 1661 2787 quod
1690 2720 1775 2770 est
1802 2713 2101 2786 superioris
2130 2714 2313 2787 impa-

302 2803 464 2859 tiens.
490 2802 632 2858 Dare
656 2815 784 2873 ergo
814 2804 1182 2877 principatum
1208 2802 1304 2859 uni
1333 2802 1436 2859 soli
1465 2810 1548 2859 est
1574 2815 1741 2861 causa
1764 2802 2053 2861 seditionis
2085 2805 2141 2861 ln
2160 2805 2312 2862 mul·

303 2890 556 2956 titudine,
595 2896 652 2945 et
681 2891 788 2947 ista
832 2898 916 2947 est
953 2892 1120 2948 etiam
1149 2892 1290 2948 ratio
1333 2892 1649 2949 Aristotelis
1676 2893 1733 2949 iu
1761 2894 1811 2950 11
1837 2892 2023 2960 Polla,
2051 2894 2143 2951 ubi
2172 2893 2313 2952 dicit
2417 2891 2419 2893 ’

299 2980 444 3055 quod
475 2982 726 3038 Socrates
757 2994 972 3053 semper
999 2978 1132 3036 facit
1159 2980 1380 3037 eosdem
1404 2983 1699 3055 principes,
1729 2984 1877 3056 quod
1910 2984 2196 3043 seditionis
2224 2989 2313 3042 est
2398 3057 2403 3065 Ι

301 3086 469 3127 causa
521 3069 664 3143 apud
707 3068 910 3124 nullam
960 3067 1284 3139 dignitatem
1325 3069 1692 3141 possidentes.
1738 3072 2003 3129 videntes
2046 3075 2194 3129 euim
2242 3088 2304 3130 se

301 3162 520 3218 omnino
571 3165 720 3215 statu
759 3172 965 3225 carere,
1003 3157 1050 3213 si
1093 3156 1375 3228 contingat
1413 3172 1506 3212 eos
1544 3174 1665 3213 esse
1700 3158 1889 3215 viriles
1917 3167 1972 3215 et
2004 3161 2301 3232 animaene,

303 3252 370 3307 ad
415 3248 715 3305 discordias
756 3247 1008 3305 nituntur
1049 3244 1273 3303 civium.
1303 3246 1532 3317 Propter
1572 3246 1721 3319 quod
1758 3246 2009 3304 Valerius
2030 3234 2307 3307 'Maximus

299 3338 467 3399 refert
490 3338 557 3392 de
585 3337 752 3393 Fabio
775 3335 914 3392 duce
943 3348 1168 3396 romano
1197 3332 1335 3389 libro
1357 3332 1431 3399 X,
1460 3340 1519 3389 et
1556 3334 1623 3389 de
1648 3350 1757 3408 quo
1786 3336 1995 3393 dictum
2032 3344 2117 3394 est
2140 3353 2311 3411 supra

299 3426 612 3501 quodcum
651 3426 854 3498 soepius
895 3425 1240 3481 consulatum
1280 3422 1581 3489 habuisset,
1613 3424 1751 3481 etin
1774 3439 1871 3481 sua
1892 3428 2151 3500 progenie
2181 3426 2311 3487 talis

299 3516 540 3588 dignitas
567 3514 788 3587 alonge
827 3522 1070 3588 tempore
1114 3528 1209 3588 per
1253 3511 1655 3574 successionem
1696 3515 2015 3573 continuata
2045 3526 2211 3586 esset,
2238 3517 2303 3575 id

301 3606 412 3678 egit
439 3618 570 3661 cum
612 3604 839 3677 populo,
882 3610 944 3661 ut
984 3602 1278 3678 aliquando
1313 3604 1662 3661 vacationem
1689 3602 1810 3678 ejus
1854 3604 2076 3662 honoris
2115 3606 2303 3665 Fabio

301 3696 446 3767 genti
467 3696 681 3750 darent.
699 3694 1013 3750 Laudabilis
1038 3691 1206 3765 igitur
1226 3692 1415 3767 politia
1440 3700 1543 3761 est,
1570 3694 1626 3749 in
1650 3708 1761 3765 qua
1784 3694 2084 3753 secundum
2104 3697 2305 3755 merita

303 3784 596 3857 unicuique
623 3783 729 3840 civi
757 3782 995 3841 vicissim
1020 3782 1422 3839 distribuuntur
1440 3780 1692 3852 honores,
1720 3790 1783 3839 ut
1810 3786 2027 3860 antiqui
2053 3786 2303 3855 fecerunt

301 3872 554 3955 Romani,
583 3882 750 3951 quam
777 3873 945 3941 etiam
975 3872 1316 3950 philisopnus
1342 3873 1519 3953 maglo
1543 3873 1913 3957 commendat,
1996 3866 2005 3875 '
