2784 4392
570 293 703 341 xw.
733 311 814 326 -
841 298 1078 368 commi
1118 299 1333 346 mene.
1379 301 1483 346 nm
1524 301 1696 348 cunr.
1741 302 1820 347 m·
1859 301 2062 348 Rnue.
2201 285 2317 346 231

576 385 580 388 .
2106 368 2119 400 l

314 406 558 476 quietem
587 409 884 483 habentes;
913 415 1006 470 sed
1028 413 1203 472 sancti
1233 413 1476 488 quietern
1501 430 1658 472 suam
1686 413 1741 470 in
1778 415 1893 471 Deo
1918 413 2094 470 solum
2119 412 2320 468 habent

313 497 371 546 et
407 493 462 548 in
500 494 620 566 ipso
663 497 922 556 resident.
954 499 1108 570 Quod
1162 507 1346 557 autern
1389 517 1485 557 eos
1532 507 1783 572 oporteat
1827 501 1881 555 in
1936 492 2319 572 dignitatibus,

311 579 400 635 vel
445 597 574 640 cum
606 585 956 644 multitudine
988 591 1336 656 commorari,
1377 589 1552 662 magis
1591 589 1830 646 laborem
1864 595 2121 660 reputant
2152 604 2320 661 quam

315 668 582 740 quietem.

385 756 541 827 Quod
564 766 750 818 autem
779 763 914 820 dicit
943 765 1334 838 Hieronymus:
1359 787 1388 820 α
1418 766 1795 823 multitudines
1824 766 2122 834 hominum,
2146 785 2172 817 »
2199 775 2308 820 etc.

314 849 467 912 patet
505 847 654 916 quod
700 848 944 922 loquitur
987 853 1055 908 de
1089 853 1565 926 frequentantibus
1604 854 1984 911 multitudines
2032 862 2086 910 et
2123 853 2317 926 hujus-

314 932 480 998 modi,
511 950 617 991 non
643 938 713 992 ad
737 937 1196 1006 fructificandum,
1229 943 1324 998 sed
1350 944 1419 999 ad
1444 943 1848 1009 delectandum,
1882 944 2027 1016 quod
2063 952 2215 1016 patet
2251 958 2319 998 ex

313 1018 416 1076 hoc
445 1024 589 1093 quod
620 1027 869 1097 sequitur
901 1046 913 1082 :
944 1050 967 1081 α
1003 1029 1170 1099 Quasi
1199 1038 1423 1087 catenas
1451 1031 1629 1103 fugias
1657 1031 2023 1104 voluptatum.
2056 1050 2083 1083 »

383 1108 644 1167 Similiter
665 1116 810 1186 quod
845 1118 1066 1179 Boetius
1089 1118 1260 1174 dicit:
1293 1139 1318 1172 α
1352 1120 1434 1174 11Ιί
1461 1121 1556 1193 qui
1591 1121 1646 1176 in
1681 1121 1942 1193 potentia,
1973 1128 2103 1186 ete.,
2139 1139 2164 1172 n
2199 1135 2319 1176 ma-

313 1196 510 1254 nifeste
546 1209 774 1273 apparet
817 1221 1008 1262 verum
1047 1223 1184 1262 esse.
1217 1209 1338 1264 Non
1383 1210 1951 1281 tamensequiturssi
1996 1208 2071 1264 illi
2120 1209 2214 1280 qui
2263 1209 2315 1263 in

315 1286 560 1356 potentia
589 1289 908 1360 gloriantur,
938 1293 1126 1350 volunt
1153 1296 1467 1367 potentibus
1497 1297 1971 1369 adhaerere,*quod
1997 1314 2027 1352 e
2056 1311 2317 1352 converso

313 1390 502 1430 omnes
531 1378 624 1448 qni
656 1381 965 1450 potentibus
995 1383 1276 1439 adhaerent
1311 1384 1393 1441 vel
1426 1385 1706 1440 adhaerere
1746 1384 1953 1450 volunt,
1981 1385 2034 1441 in
2074 1384 2318 1456 potentia

313 1461 674 1534 delectentur,
710 1483 835 1525 cum
865 1469 966 1526 hoc
1001 1473 1170 1544 possit
1201 1473 1315 1528 fieri
1360 1480 1583 1544 propter
1610 1472 1773 1529 aliam
1819 1488 2062 1537 causam,
2092 1480 2153 1526 ut
2194 1472 2317 1527 dic-

317 1557 432 1605 tum
462 1558 565 1607 est.

385 1639 645 1697 Similiter
668 1644 836 1701 etiam
864 1647 1116 1719 quamvis
1142 1647 1443 1718 praedicare
1466 1645 1806 1704 multitudini
1835 1648 1908 1703 sit
1935 1647 2314 1714 honorificum,

313 1744 422 1784 non
453 1735 633 1786 tamen
657 1734 833 1790 sancti
866 1735 921 1790 in
949 1735 1052 1792 hoc
1078 1735 1308 1807 gloriam
1331 1752 1487 1793 suam
1510 1745 1785 1810 quaerunt,
1816 1736 1913 1793 sed
1938 1735 2067 1804 Dei3
2086 1735 2311 1792 imitan-

315 1821 402 1874 tes
426 1834 549 1874 eum
591 1822 684 1893 qui
731 1823 866 1879 dicit
906 1825 1062 1881 Joan.
1101 1841 1203 1890 vn,
1237 1827 1304 1880 ⁴8
1336 1843 1349 1880 ε
1384 1827 1498 1899 qu
1524 1826 1757 1899 qloriam
1783 1841 1953 1888 meam
1977 1840 2087 1882 non
2112 1841 2313 1897 quaero,

312 1906 404 1960 secl
435 1907 548 1978 ejus
570 1909 663 1981 qui
698 1912 848 1968 misit
882 1929 982 1968 me.

1065 2094 1346 2161 CAPUT
1409 2095 1567 2162 XX.

325 2216 630 2292 Quomodo
643 2227 997 2298 pervertant
1008 2223 1049 2297 j
1051 2225 1319 2286 adiciam
1340 2227 1407 2287 ia
1430 2225 1749 2302 infamiam
1763 2242 2158 2304 personarum
2178 2226 2319 2289 reli-

393 2307 727 2384 yiosaram,
761 2311 963 2387 primo
992 2312 1176 2385 mala,
1209 2313 1266 2374 si
1305 2331 1427 2391 qua
1454 2314 1523 2374 in
1547 2314 1632 2375 eis
1658 2318 1824 2390 sunt,
1856 2315 2233 2378 extendenda

387 2437 518 2494 Viso
547 2439 714 2510 igitur
736 2443 1008 2514 quomodo
1033 2443 1471 2516 blasphemantes
1506 2448 1744 2516 perversi
1775 2447 2021 2502 homines
2047 2448 2317 2518 judicium

318 2525 386 2580 de
411 2526 573 2584 rebus
597 2536 931 2601 pervertunt,
962 2550 1104 2588 nuno
1135 2533 1428 2589 videndum
1456 2540 1540 2590 est
1564 2535 1838 2607 quomodo
1863 2540 2180 2605 pervertunt
2222 2535 2317 2604 ju-

319 2615 519 2670 dicium
545 2617 611 2673 de
635 2621 900 2692 personiS.
923 2622 1087 2677 Forte
1105 2629 1287 2678 autem
1314 2629 1498 2696 posset
1521 2622 1683 2678 alicui
1713 2622 1906 2688 videri,
1927 2622 2073 2693 quod
2098 2622 2322 2677 detrac-

319 2703 496 2760 tiones
523 2723 647 2778 quae
673 2709 926 2780 personis
949 2711 1276 2783 irrogantur,
1304 2721 1489 2766 essent
1527 2711 1823 2768 tolerandae
1851 2711 1967 2767 sine
2003 2711 2321 2767 contradic-

321 2793 486 2862 tione,
507 2791 622 2850 tum
645 2799 772 2870 quia
798 2805 859 2854 ut
883 2800 1179 2872 Gregorius
1203 2800 1356 2868 dicit,
1378 2801 1456 2856 lX
1484 2800 1679 2856 Hamil.
1698 2817 1717 2856 ι
1744 2808 2063 2872 part.super
2089 2800 2280 2856 Ezech.
2304 2814 2321 2854 ε

325 2899 352 2932 ι
382 2881 759 2940 Perversorum
801 2887 1100 2958 derogatio,
1134 2889 1263 2945 vitae
1292 2895 1492 2945 nostrae
1534 2888 1857 2962 approbatio
1899 2895 2001 2956 est,
2030 2889 2159 2961 quia
2202 2890 2319 2959 jam

320 2970 623 3027 ostenditur
651 2988 750 3028 nos
773 2974 976 3046 aliquid
993 2977 1224 3046 justitiae
1248 2977 1469 3043 habere,
1493 2978 1539 3032 si
1565 2976 1671 3032 illis
1695 2977 1985 3050 displicere
2007 2977 2317 3048 incipimuS,

317 3057 407 3128 qui
442 3075 544 3113 non
572 3059 787 3130 placent
814 3063 945 3127 Deo,
983 3083 1008 3114 1>
1030 3065 1188 3135 juxta
1221 3064 1349 3121 illud
1390 3065 1535 3136 quod
1572 3065 1773 3120 dicitur
1802 3067 1957 3120 Joan.
1990 3081 2088 3132 xv,
2118 3067 2185 3120 ⁴8
2216 3083 2229 3118 :
2260 3065 2320 3119 Si

313 3147 542 3203 ’nundus
571 3165 660 3204 vos
701 3149 834 3216 odit,
853 3151 1032 3207 scitote
1064 3152 1192 3225 qaia
1230 3169 1312 3208 me
1352 3153 1597 3224 priorem
1630 3153 1772 3210 vobis
1800 3152 1917 3208 odio
1960 3152 2165 3217 habuit,
2202 3159 2318 3206 tum

315 3237 480 3291 etiam
505 3236 632 3308 quia
656 3237 890 3296 humana
913 3241 1122 3310 judicia
1151 3251 1278 3296 sunt
1317 3240 1778 3312 parvipendenda,
1805 3240 2109 3297 secundum
2136 3245 2319 3312 Apos-

314 3323 507 3390 tolum,
533 3325 557 3378 1
585 3326 708 3381 Cor.
742 3343 817 3394 ιν,
853 3332 884 3383 3
920 3347 931 3382 :
959 3329 1097 3385 Mihi
1131 3347 1230 3400 pro
1264 3329 1488 3385 minimo
1517 3335 1611 3394 est,
1632 3335 1693 3384 ut
1718 3345 1753 3384 a
1778 3328 1923 3384 vobis
1952 3328 2192 3400 judicer,
2217 3337 2315 3386 aut

311 3411 379 3466 ab
401 3411 630 3466 humano
653 3413 738 3468 die
748 3431 768 3480 ,·
799 3422 848 3471 et
880 3418 1146 3488 proecipue
1173 3434 1289 3473 cum
1335 3425 1532 3474 nostroe
1567 3417 1900 3474 conscientiae
1926 3417 2095 3472 Deum
2140 3423 2322 3472 testem

311 3499 612 3565 habeamus,
638 3503 935 3558 secundum
965 3505 1092 3560 illud
1128 3505 1247 3560 Job.
1276 3521 1400 3571 xvi,
1430 3509 1497 3561 20
1528 3522 1540 3558 :
1573 3506 1703 3562 Ecce
1732 3505 1790 3560 in
1821 3505 1943 3560 coelo
1970 3505 2115 3562 testis
2152 3521 2317 3569 meus,

311 3596 362 3644 et
397 3589 634 3644 conscias
660 3605 806 3646 niens
835 3591 893 3645 in
921 3593 1159 3660 excelsis‚·
1185 3593 1278 3648 sed
1309 3594 1562 3649 interitus
1584 3593 2059 3650 considerantibus
2088 3603 2318 3666 apparet

311 3676 618 3748 hujusmodi
679 3679 1080 3736 detrahentium
1138 3680 1350 3752 linguas
1413 3697 1533 3737 esse
1583 3681 1880 3737 efficaciter
1939 3683 2317 3754 reprimendas

313 3776 531 3839 propter
561 3767 688 3824 tria.
715 3769 913 3835 Primo,
937 3771 1066 3842 quia
1090 3785 1279 3826 eorum
1305 3770 1575 3827 detractio
1604 3786 1711 3827 non
1737 3770 1806 3826 ad
1829 3786 1993 3826 unam
2032 3787 2320 3844 personam

315 3865 412 3916 aut
459 3857 528 3916 ad
575 3859 759 3934 plures
809 3859 1202 3917 determinatas
1219 3859 1412 3929 fertur,
1445 3861 1542 3920 sed
1596 3861 1665 3918 ad
1721 3864 1899 3918 totum
1940 3859 2319 3934 religiosorum
