<?xml version="1.0" encoding="UTF-8"?>
<!DOCTYPE html PUBLIC "-//W3C//DTD XHTML 1.0 Transitional//EN"
    "http://www.w3.org/TR/xhtml1/DTD/xhtml1-transitional.dtd">
<html xmlns="http://www.w3.org/1999/xhtml" xml:lang="en" lang="en">
 <head>
  <title>
</title>
<meta http-equiv="Content-Type" content="text/html;charset=utf-8" />
  <meta name='ocr-system' content='tesseract 3.04.00' />
  <meta name='ocr-capabilities' content='ocr_page ocr_carea ocr_par ocr_line ocrx_word'/>
</head>
<body>
  <div class='ocr_page' id='page_1' title='image "./sthomaquinatisd01thomgoog_0158.png"; bbox 0 0 2784 4392; ppageno 0'>
   <div class='ocr_carea' id='block_1_1' title="bbox 486 305 2019 381">
    <p class='ocr_par' dir='ltr' id='par_1_1' title="bbox 486 305 2019 381">
     <span class='ocr_line' id='line_1_1' title="bbox 486 305 2019 381; baseline -0.001 -8"><span class='ocrx_word' id='word_1_1' title='bbox 486 305 609 376; x_wconf 80' lang='grc'><strong>146</strong></span> <span class='ocrx_word' id='word_1_2' title='bbox 963 319 1020 377; x_wconf 77' lang='lat' dir='ltr'><strong>s.</strong></span> <span class='ocrx_word' id='word_1_3' title='bbox 1062 319 1299 375; x_wconf 59' lang='lat' dir='ltr'><strong>moira.</strong></span> <span class='ocrx_word' id='word_1_4' title='bbox 1339 323 1668 381; x_wconf 55' lang='lat' dir='ltr'><strong>nomm-ns</strong></span> <span class='ocrx_word' id='word_1_5' title='bbox 1708 323 2019 374; x_wconf 68' lang='lat' dir='ltr'><strong>croscum</strong></span> 
     </span>
    </p>
   </div>
   <div class='ocr_carea' id='block_1_2' title="bbox 485 436 2539 3990">
    <p class='ocr_par' dir='ltr' id='par_1_2' title="bbox 485 436 2511 2211">
     <span class='ocr_line' id='line_1_2' title="bbox 486 436 2505 530; baseline -0.003 -28"><span class='ocrx_word' id='word_1_6' title='bbox 486 439 615 502; x_wconf 81' lang='lat' dir='ltr'><strong>licat</strong></span> <span class='ocrx_word' id='word_1_7' title='bbox 642 455 703 503; x_wconf 84' lang='lat' dir='ltr'><strong>se</strong></span> <span class='ocrx_word' id='word_1_8' title='bbox 727 437 1026 518; x_wconf 72' lang='lat' dir='ltr'><strong>maioribus</strong></span> <span class='ocrx_word' id='word_1_9' title='bbox 1055 459 1222 530; x_wconf 87' lang='lat' dir='ltr'><strong>quam</strong></span> <span class='ocrx_word' id='word_1_10' title='bbox 1251 445 1650 521; x_wconf 79' lang='lat' dir='ltr'>magnanimus,</span> <span class='ocrx_word' id='word_1_11' title='bbox 1679 445 1778 502; x_wconf 88' lang='lat' dir='ltr'><strong>sed</strong></span> <span class='ocrx_word' id='word_1_12' title='bbox 1819 444 1874 501; x_wconf 92' lang='lat' dir='ltr'><strong>in</strong></span> <span class='ocrx_word' id='word_1_13' title='bbox 1908 442 2013 500; x_wconf 90' lang='lat' dir='ltr'><strong>hoc</strong></span> <span class='ocrx_word' id='word_1_14' title='bbox 2038 439 2253 499; x_wconf 80' lang='lat' dir='ltr'>excedit</span> <span class='ocrx_word' id='word_1_15' title='bbox 2278 436 2505 499; x_wconf 85' lang='lat' dir='ltr'><strong>virtutis</strong></span> 
     </span>
     <span class='ocr_line' id='line_1_3' title="bbox 489 531 2504 610; baseline -0.002 -20"><span class='ocrx_word' id='word_1_16' title='bbox 489 531 730 602; x_wconf 89' lang='lat' dir='ltr'><strong>modum,</strong></span> <span class='ocrx_word' id='word_1_17' title='bbox 773 533 920 610; x_wconf 90' lang='lat' dir='ltr'><strong>quod</strong></span> <span class='ocrx_word' id='word_1_18' title='bbox 967 533 1062 594; x_wconf 88' lang='lat' dir='ltr'><strong>illa</strong></span> <span class='ocrx_word' id='word_1_19' title='bbox 1104 552 1230 610; x_wconf 82' lang='lat' dir='ltr'><strong>quae</strong></span> <span class='ocrx_word' id='word_1_20' title='bbox 1276 542 1435 594; x_wconf 84' lang='lat' dir='ltr'><strong>erant</strong></span> <span class='ocrx_word' id='word_1_21' title='bbox 1474 535 1825 609; x_wconf 85' lang='lat' dir='ltr'><strong>magnanimo</strong></span> <span class='ocrx_word' id='word_1_22' title='bbox 1869 533 2175 600; x_wconf 83' lang='lat' dir='ltr'><strong>moderata,</strong></span> <span class='ocrx_word' id='word_1_23' title='bbox 2221 531 2327 588; x_wconf 87' lang='lat' dir='ltr'><strong>sibi</strong></span> <span class='ocrx_word' id='word_1_24' title='bbox 2372 536 2504 587; x_wconf 86' lang='lat' dir='ltr'><strong>sunt</strong></span> 
     </span>
     <span class='ocr_line' id='line_1_4' title="bbox 485 615 2505 700; baseline -0.002 -20"><span class='ocrx_word' id='word_1_25' title='bbox 485 621 782 697; x_wconf 84' lang='lat' dir='ltr'><strong>superflua.</strong></span> <span class='ocrx_word' id='word_1_26' title='bbox 814 623 973 684; x_wconf 85' lang='lat' dir='ltr'><strong>Patet</strong></span> <span class='ocrx_word' id='word_1_27' title='bbox 1003 641 1134 698; x_wconf 86' lang='lat' dir='ltr'><strong>ergo</strong></span> <span class='ocrx_word' id='word_1_28' title='bbox 1173 623 1319 700; x_wconf 89' lang='lat' dir='ltr'><strong>quod</strong></span> <span class='ocrx_word' id='word_1_29' title='bbox 1360 626 1603 684; x_wconf 85' lang='lat' dir='ltr'><strong>medium</strong></span> <span class='ocrx_word' id='word_1_30' title='bbox 1628 615 1850 682; x_wconf 86' lang='lat' dir='ltr'><strong>virtutis</strong></span> <span class='ocrx_word' id='word_1_31' title='bbox 1888 637 1994 678; x_wconf 88' lang='lat' dir='ltr'><strong>non</strong></span> <span class='ocrx_word' id='word_1_32' title='bbox 2032 621 2403 692; x_wconf 81' lang='lat' dir='ltr'><strong>corrumpitur</strong></span> <span class='ocrx_word' id='word_1_33' title='bbox 2434 635 2505 676; x_wconf 86' lang='lat' dir='ltr'><strong>ex</strong></span> 
     </span>
     <span class='ocr_line' id='line_1_5' title="bbox 491 705 2504 787; baseline -0.001 -18"><span class='ocrx_word' id='word_1_34' title='bbox 491 711 592 771; x_wconf 86' lang='lat' dir='ltr'><strong>hoc</strong></span> <span class='ocrx_word' id='word_1_35' title='bbox 621 711 769 787; x_wconf 90' lang='lat' dir='ltr'><strong>quod</strong></span> <span class='ocrx_word' id='word_1_36' title='bbox 801 729 910 771; x_wconf 88' lang='lat' dir='ltr'><strong>una</strong></span> <span class='ocrx_word' id='word_1_37' title='bbox 939 710 1356 773; x_wconf 74' lang='lat' dir='ltr'><strong>circumstantia</strong></span> <span class='ocrx_word' id='word_1_38' title='bbox 1393 713 1451 772; x_wconf 89' lang='lat' dir='ltr'><strong>in</strong></span> <span class='ocrx_word' id='word_1_39' title='bbox 1478 713 1566 773; x_wconf 88' lang='lat' dir='ltr'><strong>sui</strong></span> <span class='ocrx_word' id='word_1_40' title='bbox 1604 729 1818 772; x_wconf 90' lang='lat' dir='ltr'><strong>summo</strong></span> <span class='ocrx_word' id='word_1_41' title='bbox 1851 712 2174 785; x_wconf 80' lang='lat' dir='ltr'><strong>accipiatur,</strong></span> <span class='ocrx_word' id='word_1_42' title='bbox 2204 705 2504 768; x_wconf 88' lang='lat' dir='ltr'><strong>dummodo</strong></span> 
     </span>
     <span class='ocr_line' id='line_1_6' title="bbox 489 798 2505 877; baseline -0.001 -19"><span class='ocrx_word' id='word_1_43' title='bbox 489 816 587 876; x_wconf 86' lang='lat' dir='ltr'><strong>per</strong></span> <span class='ocrx_word' id='word_1_44' title='bbox 612 801 750 861; x_wconf 89' lang='lat' dir='ltr'><strong>alias</strong></span> <span class='ocrx_word' id='word_1_45' title='bbox 774 805 1218 862; x_wconf 81' lang='lat' dir='ltr'><strong>circumstantias</strong></span> <span class='ocrx_word' id='word_1_46' title='bbox 1237 804 1573 862; x_wconf 84' lang='lat' dir='ltr'><strong>moderetur.</strong></span> <span class='ocrx_word' id='word_1_47' title='bbox 1595 805 1651 862; x_wconf 89' lang='lat' dir='ltr'><strong>Si</strong></span> <span class='ocrx_word' id='word_1_48' title='bbox 1670 819 1797 877; x_wconf 86' lang='lat' dir='ltr'><strong>ergo</strong></span> <span class='ocrx_word' id='word_1_49' title='bbox 1815 803 1869 859; x_wconf 89' lang='lat' dir='ltr'><strong>in</strong></span> <span class='ocrx_word' id='word_1_50' title='bbox 1898 798 2229 859; x_wconf 79' lang='lat' dir='ltr'><strong>liberalitate</strong></span> <span class='ocrx_word' id='word_1_51' title='bbox 2243 800 2505 857; x_wconf 89' lang='lat' dir='ltr'><strong>conside-</strong></span> 
     </span>
     <span class='ocr_line' id='line_1_7' title="bbox 488 887 2506 966; baseline -0 -20"><span class='ocrx_word' id='word_1_52' title='bbox 488 905 675 948; x_wconf 83' lang='lat' dir='ltr'><strong>remus</strong></span> <span class='ocrx_word' id='word_1_53' title='bbox 701 899 969 966; x_wconf 85' lang='lat' dir='ltr'><strong>quantum</strong></span> <span class='ocrx_word' id='word_1_54' title='bbox 991 893 1063 950; x_wconf 90' lang='lat' dir='ltr'><strong>sit</strong></span> <span class='ocrx_word' id='word_1_55' title='bbox 1085 887 1348 962; x_wconf 88' lang='lat' dir='ltr'><strong>dandum,</strong></span> <span class='ocrx_word' id='word_1_56' title='bbox 1373 899 1430 950; x_wconf 85' lang='lat' dir='ltr'><strong>et</strong></span> <span class='ocrx_word' id='word_1_57' title='bbox 1456 893 1762 966; x_wconf 83' lang='lat' dir='ltr'><strong>accipiatur</strong></span> <span class='ocrx_word' id='word_1_58' title='bbox 1792 889 2047 947; x_wconf 90' lang='lat' dir='ltr'><strong>ultimum</strong></span> <span class='ocrx_word' id='word_1_59' title='bbox 2073 889 2506 946; x_wconf 82' lang='lat' dir='ltr'><strong>circumstantiae</strong></span> 
     </span>
     <span class='ocr_line' id='line_1_8' title="bbox 488 973 2500 1055; baseline -0.001 -21"><span class='ocrx_word' id='word_1_60' title='bbox 488 973 672 1052; x_wconf 85' lang='lat' dir='ltr'><strong>hujus,</strong></span> <span class='ocrx_word' id='word_1_61' title='bbox 703 979 961 1038; x_wconf 86' lang='lat' dir='ltr'><strong>videlicet</strong></span> <span class='ocrx_word' id='word_1_62' title='bbox 999 981 1182 1040; x_wconf 87' lang='lat' dir='ltr'><strong>omnia</strong></span> <span class='ocrx_word' id='word_1_63' title='bbox 1215 979 1387 1052; x_wconf 84' lang='lat' dir='ltr'><strong>dare;</strong></span> <span class='ocrx_word' id='word_1_64' title='bbox 1422 981 1696 1055; x_wconf 83' lang='lat' dir='ltr'><strong>aliquibus</strong></span> <span class='ocrx_word' id='word_1_65' title='bbox 1734 980 2163 1039; x_wconf 79' lang='lat' dir='ltr'><strong>circumstantiis</strong></span> <span class='ocrx_word' id='word_1_66' title='bbox 2205 974 2500 1050; x_wconf 76' lang='lat' dir='ltr'><strong>adjunctiS,</strong></span> 
     </span>
     <span class='ocr_line' id='line_1_9' title="bbox 489 1066 2505 1144; baseline -0.002 -19"><span class='ocrx_word' id='word_1_67' title='bbox 489 1069 657 1126; x_wconf 88' lang='lat' dir='ltr'><strong>cadat</strong></span> <span class='ocrx_word' id='word_1_68' title='bbox 679 1069 736 1125; x_wconf 89' lang='lat' dir='ltr'><strong>in</strong></span> <span class='ocrx_word' id='word_1_69' title='bbox 765 1071 1201 1144; x_wconf 86' lang='lat' dir='ltr'><strong>superfluitatem</strong></span> <span class='ocrx_word' id='word_1_70' title='bbox 1225 1079 1281 1128; x_wconf 88' lang='lat' dir='ltr'><strong>et</strong></span> <span class='ocrx_word' id='word_1_71' title='bbox 1309 1071 1417 1128; x_wconf 89' lang='lat' dir='ltr'><strong>erit</strong></span> <span class='ocrx_word' id='word_1_72' title='bbox 1454 1066 1858 1142; x_wconf 83' lang='lat' dir='ltr'><strong>prodigalitatis</strong></span> <span class='ocrx_word' id='word_1_73' title='bbox 1900 1068 2132 1137; x_wconf 82' lang='lat' dir='ltr'><strong>vitium3</strong></span> <span class='ocrx_word' id='word_1_74' title='bbox 2160 1067 2281 1124; x_wconf 86' lang='lat' dir='ltr'><strong>aliis</strong></span> <span class='ocrx_word' id='word_1_75' title='bbox 2316 1073 2505 1122; x_wconf 86' lang='lat' dir='ltr'><strong>autem</strong></span> 
     </span>
     <span class='ocr_line' id='line_1_10' title="bbox 495 1151 2507 1232; baseline -0.002 -18"><span class='ocrx_word' id='word_1_76' title='bbox 495 1151 926 1216; x_wconf 82' lang='lat' dir='ltr'><strong>circumstantiis</strong></span> <span class='ocrx_word' id='word_1_77' title='bbox 965 1157 1271 1232; x_wconf 87' lang='lat' dir='ltr'><strong>adjunctis,</strong></span> <span class='ocrx_word' id='word_1_78' title='bbox 1322 1157 1429 1215; x_wconf 90' lang='lat' dir='ltr'><strong>erit</strong></span> <span class='ocrx_word' id='word_1_79' title='bbox 1473 1157 1713 1232; x_wconf 80' lang='lat' dir='ltr'><strong>perfecte</strong></span> <span class='ocrx_word' id='word_1_80' title='bbox 1763 1157 2109 1214; x_wconf 83' lang='lat' dir='ltr'><strong>liberalitatis</strong></span> <span class='ocrx_word' id='word_1_81' title='bbox 2155 1171 2308 1229; x_wconf 79' lang='lat' dir='ltr'><strong>opuS,</strong></span> <span class='ocrx_word' id='word_1_82' title='bbox 2348 1154 2507 1213; x_wconf 88' lang='lat' dir='ltr'><strong>verbi</strong></span> 
     </span>
     <span class='ocr_line' id='line_1_11' title="bbox 497 1243 2509 1323; baseline -0 -22"><span class='ocrx_word' id='word_1_83' title='bbox 497 1247 698 1318; x_wconf 78' lang='lat' dir='ltr'><strong>gratia,</strong></span> <span class='ocrx_word' id='word_1_84' title='bbox 727 1246 771 1303; x_wconf 89' lang='lat' dir='ltr'><strong>si</strong></span> <span class='ocrx_word' id='word_1_85' title='bbox 797 1244 953 1304; x_wconf 87' lang='lat' dir='ltr'><strong>daret</strong></span> <span class='ocrx_word' id='word_1_86' title='bbox 977 1243 1177 1320; x_wconf 89' lang='lat' dir='ltr'><strong>aliquis</strong></span> <span class='ocrx_word' id='word_1_87' title='bbox 1213 1247 1394 1304; x_wconf 85' lang='lat' dir='ltr'><strong>omnia</strong></span> <span class='ocrx_word' id='word_1_88' title='bbox 1424 1261 1522 1304; x_wconf 85' lang='lat' dir='ltr'><strong>sua</strong></span> <span class='ocrx_word' id='word_1_89' title='bbox 1554 1254 1614 1302; x_wconf 92' lang='lat' dir='ltr'><strong>ut</strong></span> <span class='ocrx_word' id='word_1_90' title='bbox 1654 1245 1905 1323; x_wconf 83' lang='lat' dir='ltr'><strong>consulat</strong></span> <span class='ocrx_word' id='word_1_91' title='bbox 1944 1245 2139 1318; x_wconf 84' lang='lat' dir='ltr'><strong>patriae</strong></span> <span class='ocrx_word' id='word_1_92' title='bbox 2166 1246 2252 1302; x_wconf 92' lang='lat' dir='ltr'><strong>cui</strong></span> <span class='ocrx_word' id='word_1_93' title='bbox 2282 1244 2509 1318; x_wconf 88' lang='lat' dir='ltr'><strong>pericu-</strong></span> 
     </span>
     <span class='ocr_line' id='line_1_12' title="bbox 493 1332 2507 1408; baseline 0.001 -18"><span class='ocrx_word' id='word_1_94' title='bbox 493 1333 606 1391; x_wconf 88' lang='lat' dir='ltr'><strong>lum</strong></span> <span class='ocrx_word' id='word_1_95' title='bbox 634 1332 1026 1393; x_wconf 88' lang='lat' dir='ltr'><strong>destructionis</strong></span> <span class='ocrx_word' id='word_1_96' title='bbox 1063 1332 1330 1402; x_wconf 86' lang='lat' dir='ltr'><strong>imminet,</strong></span> <span class='ocrx_word' id='word_1_97' title='bbox 1364 1351 1473 1392; x_wconf 88' lang='lat' dir='ltr'><strong>non</strong></span> <span class='ocrx_word' id='word_1_98' title='bbox 1515 1335 1860 1408; x_wconf 87' lang='lat' dir='ltr'><strong>reputabitur</strong></span> <span class='ocrx_word' id='word_1_99' title='bbox 1900 1351 1933 1391; x_wconf 89' lang='lat' dir='ltr'><strong>a</strong></span> <span class='ocrx_word' id='word_1_100' title='bbox 1962 1333 2155 1391; x_wconf 88' lang='lat' dir='ltr'><strong>morali</strong></span> <span class='ocrx_word' id='word_1_101' title='bbox 2186 1333 2507 1407; x_wconf 87' lang='lat' dir='ltr'><strong>philosopho</strong></span> 
     </span>
     <span class='ocr_line' id='line_1_13' title="bbox 492 1420 2504 1499; baseline -0.001 -19"><span class='ocrx_word' id='word_1_102' title='bbox 492 1420 775 1499; x_wconf 80' lang='lat' dir='ltr'><strong>prodigus,</strong></span> <span class='ocrx_word' id='word_1_103' title='bbox 815 1426 913 1483; x_wconf 87' lang='lat' dir='ltr'><strong>sed</strong></span> <span class='ocrx_word' id='word_1_104' title='bbox 962 1423 1201 1498; x_wconf 82' lang='lat' dir='ltr'><strong>perfecte</strong></span> <span class='ocrx_word' id='word_1_105' title='bbox 1249 1423 1510 1482; x_wconf 83' lang='lat' dir='ltr'><strong>liberalis.</strong></span> <span class='ocrx_word' id='word_1_106' title='bbox 1550 1425 1814 1482; x_wconf 89' lang='lat' dir='ltr'><strong>Similiter</strong></span> <span class='ocrx_word' id='word_1_107' title='bbox 1857 1424 1953 1499; x_wconf 89' lang='lat' dir='ltr'><strong>qui</strong></span> <span class='ocrx_word' id='word_1_108' title='bbox 2010 1425 2192 1481; x_wconf 87' lang='lat' dir='ltr'><strong>omnia</strong></span> <span class='ocrx_word' id='word_1_109' title='bbox 2234 1439 2335 1480; x_wconf 85' lang='lat' dir='ltr'><strong>sua</strong></span> <span class='ocrx_word' id='word_1_110' title='bbox 2385 1423 2504 1490; x_wconf 82' lang='lat' dir='ltr'><strong>dat,</strong></span> 
     </span>
     <span class='ocr_line' id='line_1_14' title="bbox 495 1513 2506 1588; baseline -0.001 -18"><span class='ocrx_word' id='word_1_111' title='bbox 495 1521 718 1588; x_wconf 88' lang='lat' dir='ltr'><strong>propter</strong></span> <span class='ocrx_word' id='word_1_112' title='bbox 741 1513 943 1573; x_wconf 86' lang='lat' dir='ltr'><strong>Christi</strong></span> <span class='ocrx_word' id='word_1_113' title='bbox 970 1514 1258 1573; x_wconf 87' lang='lat' dir='ltr'><strong>consilium</strong></span> <span class='ocrx_word' id='word_1_114' title='bbox 1299 1515 1795 1588; x_wconf 86' lang='lat' dir='ltr'><strong>implendum,-non</strong></span> <span class='ocrx_word' id='word_1_115' title='bbox 1821 1523 1905 1571; x_wconf 84' lang='lat' dir='ltr'><strong>est</strong></span> <span class='ocrx_word' id='word_1_116' title='bbox 1944 1514 2222 1586; x_wconf 78' lang='lat' dir='ltr'><strong>prodiguS,</strong></span> <span class='ocrx_word' id='word_1_117' title='bbox 2252 1513 2351 1569; x_wconf 89' lang='lat' dir='ltr'><strong>sed</strong></span> <span class='ocrx_word' id='word_1_118' title='bbox 2378 1528 2506 1585; x_wconf 86' lang='lat' dir='ltr'><strong>per-</strong></span> 
     </span>
     <span class='ocr_line' id='line_1_15' title="bbox 494 1598 2507 1676; baseline 0 -19"><span class='ocrx_word' id='word_1_119' title='bbox 494 1601 701 1661; x_wconf 86' lang='lat' dir='ltr'><strong>fectum</strong></span> <span class='ocrx_word' id='word_1_120' title='bbox 730 1613 916 1661; x_wconf 89' lang='lat' dir='ltr'><strong>actum</strong></span> <span class='ocrx_word' id='word_1_121' title='bbox 942 1601 1164 1661; x_wconf 88' lang='lat' dir='ltr'><strong>virtutis</strong></span> <span class='ocrx_word' id='word_1_122' title='bbox 1192 1603 1328 1676; x_wconf 83' lang='lat' dir='ltr'><strong>agit.</strong></span> <span class='ocrx_word' id='word_1_123' title='bbox 1357 1604 1414 1660; x_wconf 90' lang='lat' dir='ltr'><strong>Si</strong></span> <span class='ocrx_word' id='word_1_124' title='bbox 1446 1609 1632 1661; x_wconf 89' lang='lat' dir='ltr'><strong>autem</strong></span> <span class='ocrx_word' id='word_1_125' title='bbox 1659 1618 1765 1659; x_wconf 88' lang='lat' dir='ltr'><strong>non</strong></span> <span class='ocrx_word' id='word_1_126' title='bbox 1792 1598 1977 1658; x_wconf 87' lang='lat' dir='ltr'><strong>debito</strong></span> <span class='ocrx_word' id='word_1_127' title='bbox 2006 1603 2112 1658; x_wconf 87' lang='lat' dir='ltr'><strong>fine</strong></span> <span class='ocrx_word' id='word_1_128' title='bbox 2138 1608 2233 1658; x_wconf 83' lang='lat' dir='ltr'><strong>aut</strong></span> <span class='ocrx_word' id='word_1_129' title='bbox 2261 1600 2386 1658; x_wconf 90' lang='lat' dir='ltr'><strong>aliis</strong></span> <span class='ocrx_word' id='word_1_130' title='bbox 2408 1602 2507 1658; x_wconf 87' lang='lat' dir='ltr'><strong>cir-</strong></span> 
     </span>
     <span class='ocr_line' id='line_1_16' title="bbox 495 1690 2510 1767; baseline -0.001 -18"><span class='ocrx_word' id='word_1_131' title='bbox 495 1694 842 1751; x_wconf 86' lang='lat' dir='ltr'><strong>cumstantiis</strong></span> <span class='ocrx_word' id='word_1_132' title='bbox 889 1694 1148 1752; x_wconf 85' lang='lat' dir='ltr'><strong>indebitis</strong></span> <span class='ocrx_word' id='word_1_133' title='bbox 1189 1690 1372 1751; x_wconf 87' lang='lat' dir='ltr'><strong>omnia</strong></span> <span class='ocrx_word' id='word_1_134' title='bbox 1419 1693 1597 1760; x_wconf 86' lang='lat' dir='ltr'><strong>daret,</strong></span> <span class='ocrx_word' id='word_1_135' title='bbox 1643 1692 1904 1767; x_wconf 83' lang='lat' dir='ltr'><strong>prodigus</strong></span> <span class='ocrx_word' id='word_1_136' title='bbox 1946 1698 2127 1762; x_wconf 75' lang='lat' dir='ltr'><strong>esset3</strong></span> <span class='ocrx_word' id='word_1_137' title='bbox 2172 1697 2228 1748; x_wconf 88' lang='lat' dir='ltr'><strong>et</strong></span> <span class='ocrx_word' id='word_1_138' title='bbox 2254 1691 2510 1749; x_wconf 88' lang='lat' dir='ltr'><strong>similiter</strong></span> 
     </span>
     <span class='ocr_line' id='line_1_17' title="bbox 497 1779 2509 1855; baseline 0 -17"><span class='ocrx_word' id='word_1_139' title='bbox 497 1788 581 1838; x_wconf 88' lang='lat' dir='ltr'><strong>est</strong></span> <span class='ocrx_word' id='word_1_140' title='bbox 611 1779 902 1839; x_wconf 89' lang='lat' dir='ltr'><strong>dicendum</strong></span> <span class='ocrx_word' id='word_1_141' title='bbox 926 1781 996 1838; x_wconf 86' lang='lat' dir='ltr'><strong>de</strong></span> <span class='ocrx_word' id='word_1_142' title='bbox 1025 1783 1339 1854; x_wconf 81' lang='lat' dir='ltr'><strong>virginitate</strong></span> <span class='ocrx_word' id='word_1_143' title='bbox 1361 1788 1416 1838; x_wconf 83' lang='lat' dir='ltr'><strong>et</strong></span> <span class='ocrx_word' id='word_1_144' title='bbox 1441 1782 1509 1838; x_wconf 88' lang='lat' dir='ltr'><strong>de</strong></span> <span class='ocrx_word' id='word_1_145' title='bbox 1538 1780 1661 1839; x_wconf 86' lang='lat' dir='ltr'><strong>aliis</strong></span> <span class='ocrx_word' id='word_1_146' title='bbox 1689 1781 2016 1854; x_wconf 86' lang='lat' dir='ltr'><strong>hujusmodi,</strong></span> <span class='ocrx_word' id='word_1_147' title='bbox 2043 1781 2100 1836; x_wconf 88' lang='lat' dir='ltr'><strong>in</strong></span> <span class='ocrx_word' id='word_1_148' title='bbox 2128 1781 2325 1855; x_wconf 86' lang='lat' dir='ltr'><strong>quibus</strong></span> <span class='ocrx_word' id='word_1_149' title='bbox 2346 1783 2509 1840; x_wconf 85' lang='lat' dir='ltr'><strong>vide—</strong></span> 
     </span>
     <span class='ocr_line' id='line_1_18' title="bbox 500 1869 2508 1944; baseline 0.001 -19"><span class='ocrx_word' id='word_1_150' title='bbox 500 1879 590 1926; x_wconf 90' lang='lat' dir='ltr'><strong>tur</strong></span> <span class='ocrx_word' id='word_1_151' title='bbox 618 1887 875 1926; x_wconf 84' lang='lat' dir='ltr'><strong>excessus</strong></span> <span class='ocrx_word' id='word_1_152' title='bbox 913 1876 1106 1927; x_wconf 85' lang='lat' dir='ltr'><strong>contra</strong></span> <span class='ocrx_word' id='word_1_153' title='bbox 1151 1884 1441 1927; x_wconf 84' lang='lat' dir='ltr'><strong>commune</strong></span> <span class='ocrx_word' id='word_1_154' title='bbox 1487 1871 1729 1928; x_wconf 87' lang='lat' dir='ltr'><strong>medium</strong></span> <span class='ocrx_word' id='word_1_155' title='bbox 1769 1869 2011 1927; x_wconf 65' lang='lat' dir='ltr'><strong>virtutis</strong></span> <span class='ocrx_word' id='word_1_156' title='bbox 2053 1871 2143 1927; x_wconf 85' lang='lat' dir='ltr'><strong>Sic</strong></span> <span class='ocrx_word' id='word_1_157' title='bbox 2184 1887 2313 1942; x_wconf 84' lang='lat' dir='ltr'><strong>ergo</strong></span> <span class='ocrx_word' id='word_1_158' title='bbox 2354 1877 2508 1944; x_wconf 89' lang='lat' dir='ltr'><strong>patet</strong></span> 
     </span>
     <span class='ocr_line' id='line_1_19' title="bbox 499 1957 2509 2032; baseline 0.001 -18"><span class='ocrx_word' id='word_1_159' title='bbox 499 1959 648 2032; x_wconf 89' lang='lat' dir='ltr'><strong>quod</strong></span> <span class='ocrx_word' id='word_1_160' title='bbox 677 1957 810 2017; x_wconf 89' lang='lat' dir='ltr'><strong>dare</strong></span> <span class='ocrx_word' id='word_1_161' title='bbox 850 1957 1033 2015; x_wconf 87' lang='lat' dir='ltr'><strong>omnia</strong></span> <span class='ocrx_word' id='word_1_162' title='bbox 1073 1965 1296 2032; x_wconf 86' lang='lat' dir='ltr'><strong>propter</strong></span> <span class='ocrx_word' id='word_1_163' title='bbox 1322 1958 1619 2027; x_wconf 84' lang='lat' dir='ltr'><strong>Christum,</strong></span> <span class='ocrx_word' id='word_1_164' title='bbox 1660 1975 1767 2015; x_wconf 89' lang='lat' dir='ltr'><strong>non</strong></span> <span class='ocrx_word' id='word_1_165' title='bbox 1806 1967 1895 2018; x_wconf 72' lang='lat' dir='ltr'><strong>eat</strong></span> <span class='ocrx_word' id='word_1_166' title='bbox 1934 1959 2066 2016; x_wconf 87' lang='lat' dir='ltr'><strong>dare</strong></span> <span class='ocrx_word' id='word_1_167' title='bbox 2094 1959 2277 2019; x_wconf 83' lang='lat' dir='ltr'><strong>danda</strong></span> <span class='ocrx_word' id='word_1_168' title='bbox 2314 1966 2369 2016; x_wconf 86' lang='lat' dir='ltr'><strong>et</strong></span> <span class='ocrx_word' id='word_1_169' title='bbox 2400 1976 2509 2016; x_wconf 90' lang='lat' dir='ltr'><strong>non</strong></span> 
     </span>
     <span class='ocr_line' id='line_1_20' title="bbox 501 2038 2511 2117; baseline 0.001 -14"><span class='ocrx_word' id='word_1_170' title='bbox 501 2047 702 2114; x_wconf 88' lang='lat' dir='ltr'><strong>danda,</strong></span> <span class='ocrx_word' id='word_1_171' title='bbox 727 2047 824 2104; x_wconf 85' lang='lat' dir='ltr'><strong>sed</strong></span> <span class='ocrx_word' id='word_1_172' title='bbox 855 2056 938 2104; x_wconf 87' lang='lat' dir='ltr'><strong>est</strong></span> <span class='ocrx_word' id='word_1_173' title='bbox 963 2047 1094 2103; x_wconf 88' lang='lat' dir='ltr'><strong>dare</strong></span> <span class='ocrx_word' id='word_1_174' title='bbox 1119 2038 1301 2104; x_wconf 86' lang='lat' dir='ltr'><strong>danda</strong></span> <span class='ocrx_word' id='word_1_175' title='bbox 1325 2056 1561 2104; x_wconf 85' lang='lat' dir='ltr'><strong>tantum.</strong></span> <span class='ocrx_word' id='word_1_176' title='bbox 1595 2047 1859 2117; x_wconf 82' lang='lat' dir='ltr'><strong>Quamvis</strong></span> <span class='ocrx_word' id='word_1_177' title='bbox 1882 2047 2028 2104; x_wconf 86' lang='lat' dir='ltr'><strong>enim</strong></span> <span class='ocrx_word' id='word_1_178' title='bbox 2051 2063 2159 2104; x_wconf 84' lang='lat' dir='ltr'><strong>non</strong></span> <span class='ocrx_word' id='word_1_179' title='bbox 2184 2038 2367 2105; x_wconf 76' lang='lat' dir='ltr'><strong>om&#39;nia</strong></span> <span class='ocrx_word' id='word_1_180' title='bbox 2396 2051 2511 2105; x_wconf 87' lang='lat' dir='ltr'><strong>sint</strong></span> 
     </span>
     <span class='ocr_line' id='line_1_21' title="bbox 501 2135 2398 2211; baseline 0 -19"><span class='ocrx_word' id='word_1_181' title='bbox 501 2135 682 2194; x_wconf 88' lang='lat' dir='ltr'><strong>danda</strong></span> <span class='ocrx_word' id='word_1_182' title='bbox 707 2151 1050 2211; x_wconf 85' lang='lat' dir='ltr'><strong>quocumque</strong></span> <span class='ocrx_word' id='word_1_183' title='bbox 1070 2137 1252 2206; x_wconf 83' lang='lat' dir='ltr'><strong>modu,</strong></span> <span class='ocrx_word' id='word_1_184' title='bbox 1282 2145 1413 2194; x_wconf 87' lang='lat' dir='ltr'><strong>sunt</strong></span> <span class='ocrx_word' id='word_1_185' title='bbox 1442 2143 1627 2195; x_wconf 85' lang='lat' dir='ltr'><strong>tamen</strong></span> <span class='ocrx_word' id='word_1_186' title='bbox 1650 2137 1831 2194; x_wconf 88' lang='lat' dir='ltr'><strong>danda</strong></span> <span class='ocrx_word' id='word_1_187' title='bbox 1856 2145 2077 2211; x_wconf 87' lang='lat' dir='ltr'><strong>propter</strong></span> <span class='ocrx_word' id='word_1_188' title='bbox 2102 2135 2398 2195; x_wconf 77' lang='lat' dir='ltr'><strong>Christum.</strong></span> 
     </span>
    </p>

    <p class='ocr_par' dir='ltr' id='par_1_3' title="bbox 501 2224 2539 3990">
     <span class='ocr_line' id='line_1_22' title="bbox 573 2224 2513 2300; baseline 0.002 -20"><span class='ocrx_word' id='word_1_189' title='bbox 573 2225 657 2280; x_wconf 86' lang='lat' dir='ltr'><strong>Ad</strong></span> <span class='ocrx_word' id='word_1_190' title='bbox 683 2224 958 2281; x_wconf 88' lang='lat' dir='ltr'><strong>decimum</strong></span> <span class='ocrx_word' id='word_1_191' title='bbox 987 2225 1297 2295; x_wconf 86' lang='lat' dir='ltr'><strong>dicendum,</strong></span> <span class='ocrx_word' id='word_1_192' title='bbox 1319 2226 1469 2300; x_wconf 88' lang='lat' dir='ltr'><strong>quod</strong></span> <span class='ocrx_word' id='word_1_193' title='bbox 1490 2224 1669 2298; x_wconf 85' lang='lat' dir='ltr'><strong>gratia</strong></span> <span class='ocrx_word' id='word_1_194' title='bbox 1696 2231 1781 2281; x_wconf 87' lang='lat' dir='ltr'><strong>est</strong></span> <span class='ocrx_word' id='word_1_195' title='bbox 1807 2225 2070 2300; x_wconf 77' lang='lat' dir='ltr'><strong>perfectio</strong></span> <span class='ocrx_word' id='word_1_196' title='bbox 2097 2232 2331 2295; x_wconf 72' lang='lat' dir='ltr'><strong>naturae,</strong></span> <span class='ocrx_word' id='word_1_197' title='bbox 2364 2227 2513 2284; x_wconf 87' lang='lat' dir='ltr'><strong>unde</strong></span> 
     </span>
     <span class='ocr_line' id='line_1_23' title="bbox 505 2313 2510 2389; baseline 0.001 -20"><span class='ocrx_word' id='word_1_198' title='bbox 505 2313 636 2369; x_wconf 88' lang='lat' dir='ltr'><strong>nihil</strong></span> <span class='ocrx_word' id='word_1_199' title='bbox 679 2315 826 2389; x_wconf 89' lang='lat' dir='ltr'><strong>quod</strong></span> <span class='ocrx_word' id='word_1_200' title='bbox 873 2314 942 2370; x_wconf 86' lang='lat' dir='ltr'><strong>ad</strong></span> <span class='ocrx_word' id='word_1_201' title='bbox 991 2315 1225 2386; x_wconf 87' lang='lat' dir='ltr'><strong>gratiam</strong></span> <span class='ocrx_word' id='word_1_202' title='bbox 1270 2317 1490 2383; x_wconf 83' lang='lat' dir='ltr'><strong>attinet,</strong></span> <span class='ocrx_word' id='word_1_203' title='bbox 1538 2321 1794 2372; x_wconf 85' lang='lat' dir='ltr'><strong>naturam</strong></span> <span class='ocrx_word' id='word_1_204' title='bbox 1851 2315 2139 2371; x_wconf 85' lang='lat' dir='ltr'><strong>interimit.</strong></span> <span class='ocrx_word' id='word_1_205' title='bbox 2192 2315 2329 2372; x_wconf 85' lang='lat' dir='ltr'><strong>Sunt</strong></span> <span class='ocrx_word' id='word_1_206' title='bbox 2378 2332 2510 2388; x_wconf 83' lang='lat' dir='ltr'><strong>ergo</strong></span> 
     </span>
     <span class='ocr_line' id='line_1_24' title="bbox 504 2403 2508 2476; baseline 0.002 -18"><span class='ocrx_word' id='word_1_207' title='bbox 504 2403 760 2476; x_wconf 83' lang='lat' dir='ltr'><strong>quaedam</strong></span> <span class='ocrx_word' id='word_1_208' title='bbox 807 2419 930 2476; x_wconf 84' lang='lat' dir='ltr'><strong>quae</strong></span> <span class='ocrx_word' id='word_1_209' title='bbox 974 2403 1288 2462; x_wconf 83' lang='lat' dir='ltr'><strong>immediate</strong></span> <span class='ocrx_word' id='word_1_210' title='bbox 1325 2405 1399 2461; x_wconf 77' lang='lat' dir='ltr'><strong>ed</strong></span> <span class='ocrx_word' id='word_1_211' title='bbox 1439 2410 1693 2460; x_wconf 83' lang='lat' dir='ltr'><strong>naturam</strong></span> <span class='ocrx_word' id='word_1_212' title='bbox 1742 2405 2157 2461; x_wconf 83' lang='lat' dir='ltr'><strong>sustentandam</strong></span> <span class='ocrx_word' id='word_1_213' title='bbox 2210 2405 2508 2476; x_wconf 82' lang='lat' dir='ltr'><strong>pertinent,</strong></span> 
     </span>
     <span class='ocr_line' id='line_1_25' title="bbox 503 2491 2514 2567; baseline 0.002 -19"><span class='ocrx_word' id='word_1_214' title='bbox 503 2493 646 2548; x_wconf 86' lang='lat' dir='ltr'><strong>sicut</strong></span> <span class='ocrx_word' id='word_1_215' title='bbox 673 2499 852 2566; x_wconf 77' lang='lat' dir='ltr'><strong>potus,</strong></span> <span class='ocrx_word' id='word_1_216' title='bbox 881 2491 1054 2561; x_wconf 78' lang='lat' dir='ltr'><strong>cibuS,</strong></span> <span class='ocrx_word' id='word_1_217' title='bbox 1083 2509 1304 2552; x_wconf 78' lang='lat' dir='ltr'><strong>somnus</strong></span> <span class='ocrx_word' id='word_1_218' title='bbox 1327 2502 1384 2550; x_wconf 89' lang='lat' dir='ltr'><strong>et</strong></span> <span class='ocrx_word' id='word_1_219' title='bbox 1414 2493 1743 2567; x_wconf 84' lang='lat' dir='ltr'><strong>hujusmodi,</strong></span> <span class='ocrx_word' id='word_1_220' title='bbox 1762 2500 1817 2548; x_wconf 79' lang='lat' dir='ltr'><strong>et</strong></span> <span class='ocrx_word' id='word_1_221' title='bbox 1848 2493 1904 2548; x_wconf 89' lang='lat' dir='ltr'><strong>in</strong></span> <span class='ocrx_word' id='word_1_222' title='bbox 1932 2493 2053 2550; x_wconf 86' lang='lat' dir='ltr'><strong>istis</strong></span> <span class='ocrx_word' id='word_1_223' title='bbox 2078 2498 2235 2550; x_wconf 81' lang='lat' dir='ltr'><strong>aetus</strong></span> <span class='ocrx_word' id='word_1_224' title='bbox 2250 2495 2514 2564; x_wconf 79' lang='lat' dir='ltr'><strong>gratuitae</strong></span> 
     </span>
     <span class='ocr_line' id='line_1_26' title="bbox 504 2583 2514 2641; baseline 0.001 -5"><span class='ocrx_word' id='word_1_225' title='bbox 504 2583 725 2639; x_wconf 87' lang='lat' dir='ltr'><strong>virtutis</strong></span> <span class='ocrx_word' id='word_1_226' title='bbox 750 2583 971 2640; x_wconf 92' lang='lat' dir='ltr'><strong>modum</strong></span> <span class='ocrx_word' id='word_1_227' title='bbox 999 2590 1211 2640; x_wconf 83' lang='lat' dir='ltr'><strong>naturae</strong></span> <span class='ocrx_word' id='word_1_228' title='bbox 1235 2583 1623 2641; x_wconf 66' lang='lat' dir='ltr'><strong>conservandas</strong></span> <span class='ocrx_word' id='word_1_229' title='bbox 1653 2598 1756 2638; x_wconf 90' lang='lat' dir='ltr'><strong>non</strong></span> <span class='ocrx_word' id='word_1_230' title='bbox 1784 2583 1997 2639; x_wconf 87' lang='lat' dir='ltr'><strong>excedit</strong></span> <span class='ocrx_word' id='word_1_231' title='bbox 2024 2599 2037 2638; x_wconf 69' lang='grc' dir='ltr'><strong>ι</strong></span> <span class='ocrx_word' id='word_1_232' title='bbox 2064 2583 2207 2638; x_wconf 87' lang='lat' dir='ltr'><strong>unde</strong></span> <span class='ocrx_word' id='word_1_233' title='bbox 2228 2584 2274 2638; x_wconf 86' lang='lat' dir='ltr'><strong>si</strong></span> <span class='ocrx_word' id='word_1_234' title='bbox 2307 2583 2361 2638; x_wconf 86' lang='lat' dir='ltr'><strong>in</strong></span> <span class='ocrx_word' id='word_1_235' title='bbox 2388 2584 2514 2640; x_wconf 85' lang='lat' dir='ltr'><strong>istis</strong></span> 
     </span>
     <span class='ocr_line' id='line_1_27' title="bbox 503 2668 2515 2745; baseline 0.003 -21"><span class='ocrx_word' id='word_1_236' title='bbox 503 2669 702 2742; x_wconf 85' lang='lat' dir='ltr'><strong>aliquis</strong></span> <span class='ocrx_word' id='word_1_237' title='bbox 729 2668 834 2726; x_wconf 89' lang='lat' dir='ltr'><strong>sibi</strong></span> <span class='ocrx_word' id='word_1_238' title='bbox 875 2671 1162 2728; x_wconf 85' lang='lat' dir='ltr'><strong>subtrahat</strong></span> <span class='ocrx_word' id='word_1_239' title='bbox 1199 2671 1346 2728; x_wconf 87' lang='lat' dir='ltr'><strong>ultra</strong></span> <span class='ocrx_word' id='word_1_240' title='bbox 1373 2672 1430 2732; x_wconf 78' lang='lat' dir='ltr'><strong>id</strong></span> <span class='ocrx_word' id='word_1_241' title='bbox 1472 2671 1619 2745; x_wconf 88' lang='lat' dir='ltr'><strong>quod</strong></span> <span class='ocrx_word' id='word_1_242' title='bbox 1648 2679 1845 2728; x_wconf 83' lang='lat' dir='ltr'><strong>natura</strong></span> <span class='ocrx_word' id='word_1_243' title='bbox 1888 2671 2157 2728; x_wconf 85' lang='lat' dir='ltr'><strong>sustinere</strong></span> <span class='ocrx_word' id='word_1_244' title='bbox 2200 2679 2399 2744; x_wconf 85' lang='lat' dir='ltr'><strong>potest,</strong></span> <span class='ocrx_word' id='word_1_245' title='bbox 2431 2673 2515 2730; x_wconf 85' lang='lat' dir='ltr'><strong>sic</strong></span> 
     </span>
     <span class='ocr_line' id='line_1_28' title="bbox 502 2756 2514 2835; baseline 0.004 -23"><span class='ocrx_word' id='word_1_246' title='bbox 502 2756 734 2829; x_wconf 80' lang='lat' dir='ltr'><strong>rationis</strong></span> <span class='ocrx_word' id='word_1_247' title='bbox 763 2758 1002 2814; x_wconf 87' lang='lat' dir='ltr'><strong>medium</strong></span> <span class='ocrx_word' id='word_1_248' title='bbox 1032 2759 1248 2816; x_wconf 81' lang='lat' dir='ltr'><strong>excedit</strong></span> <span class='ocrx_word' id='word_1_249' title='bbox 1287 2769 1342 2817; x_wconf 88' lang='lat' dir='ltr'><strong>et</strong></span> <span class='ocrx_word' id='word_1_250' title='bbox 1372 2759 1603 2818; x_wconf 83' lang='lat' dir='ltr'><strong>vitiosus</strong></span> <span class='ocrx_word' id='word_1_251' title='bbox 1634 2767 1737 2827; x_wconf 85' lang='lat' dir='ltr'><strong>est,</strong></span> <span class='ocrx_word' id='word_1_252' title='bbox 1764 2759 1913 2816; x_wconf 80' lang='lat' dir='ltr'><strong>etde</strong></span> <span class='ocrx_word' id='word_1_253' title='bbox 1949 2759 2033 2816; x_wconf 84' lang='lat' dir='ltr'><strong>his</strong></span> <span class='ocrx_word' id='word_1_254' title='bbox 2058 2760 2299 2834; x_wconf 88' lang='lat' dir='ltr'><strong>loquitur</strong></span> <span class='ocrx_word' id='word_1_255' title='bbox 2328 2764 2514 2835; x_wconf 78' lang='lat' dir='ltr'><strong>Apos-</strong></span> 
     </span>
     <span class='ocr_line' id='line_1_29' title="bbox 504 2845 2515 2922; baseline 0.004 -22"><span class='ocrx_word' id='word_1_256' title='bbox 504 2845 650 2902; x_wconf 77' lang='lat' dir='ltr'><strong>tolus</strong></span> <span class='ocrx_word' id='word_1_257' title='bbox 691 2852 748 2902; x_wconf 88' lang='lat' dir='ltr'><strong>et</strong></span> <span class='ocrx_word' id='word_1_258' title='bbox 789 2846 1004 2904; x_wconf 87' lang='lat' dir='ltr'><strong>Glossa.</strong></span> <span class='ocrx_word' id='word_1_259' title='bbox 1052 2849 1207 2906; x_wconf 86' lang='lat' dir='ltr'><strong>Unde</strong></span> <span class='ocrx_word' id='word_1_260' title='bbox 1249 2847 1384 2906; x_wconf 88' lang='lat' dir='ltr'><strong>dicit</strong></span> <span class='ocrx_word' id='word_1_261' title='bbox 1428 2847 1625 2906; x_wconf 86' lang='lat' dir='ltr'><strong>Glossa</strong></span> <span class='ocrx_word' id='word_1_262' title='bbox 1665 2866 1679 2904; x_wconf 75' lang='lat' dir='ltr'><strong><em>z</em></strong></span> <span class='ocrx_word' id='word_1_263' title='bbox 1714 2870 1740 2902; x_wconf 72' lang='lat' dir='ltr'><strong>«x</strong></span> <span class='ocrx_word' id='word_1_264' title='bbox 1788 2849 2125 2922; x_wconf 84' lang='lat' dir='ltr'><strong>Obsequium</strong></span> <span class='ocrx_word' id='word_1_265' title='bbox 2169 2858 2418 2914; x_wconf 82' lang='lat' dir='ltr'><strong>vestrum</strong></span> <span class='ocrx_word' id='word_1_266' title='bbox 2456 2852 2515 2910; x_wconf 86' lang='lat' dir='ltr'><strong>in</strong></span> 
     </span>
     <span class='ocr_line' id='line_1_30' title="bbox 507 2935 2509 3012; baseline 0.004 -22"><span class='ocrx_word' id='word_1_267' title='bbox 507 2935 808 3006; x_wconf 71' lang='lat' dir='ltr'><strong>praedictis,-</strong></span> <span class='ocrx_word' id='word_1_268' title='bbox 855 2937 1065 2994; x_wconf 88' lang='lat' dir='ltr'><strong>scilicet</strong></span> <span class='ocrx_word' id='word_1_269' title='bbox 1121 2939 1176 2994; x_wconf 91' lang='lat' dir='ltr'><strong>in</strong></span> <span class='ocrx_word' id='word_1_270' title='bbox 1215 2940 1586 2997; x_wconf 80' lang='lat' dir='ltr'><strong>maceratione</strong></span> <span class='ocrx_word' id='word_1_271' title='bbox 1626 2936 1842 3007; x_wconf 86' lang='lat' dir='ltr'><strong>carnis,</strong></span> <span class='ocrx_word' id='word_1_272' title='bbox 1874 2939 1943 2996; x_wconf 85' lang='lat' dir='ltr'><strong>de</strong></span> <span class='ocrx_word' id='word_1_273' title='bbox 1982 2956 2090 3012; x_wconf 88' lang='lat' dir='ltr'><strong>qua</strong></span> <span class='ocrx_word' id='word_1_274' title='bbox 2138 2941 2509 3012; x_wconf 74' lang='lat' dir='ltr'><strong>praemiserat,</strong></span> 
     </span>
     <span class='ocr_line' id='line_1_31' title="bbox 505 3025 2514 3100; baseline 0.003 -18"><span class='ocrx_word' id='word_1_275' title='bbox 505 3025 579 3082; x_wconf 85' lang='lat' dir='ltr'><strong>sit</strong></span> <span class='ocrx_word' id='word_1_276' title='bbox 607 3025 950 3096; x_wconf 84' lang='lat' dir='ltr'><strong>rationabile,</strong></span> <span class='ocrx_word' id='word_1_277' title='bbox 983 3027 1040 3084; x_wconf 90' lang='lat' dir='ltr'><strong>id</strong></span> <span class='ocrx_word' id='word_1_278' title='bbox 1063 3036 1146 3086; x_wconf 77' lang='lat' dir='ltr'><strong>est</strong></span> <span class='ocrx_word' id='word_1_279' title='bbox 1173 3045 1298 3085; x_wconf 81' lang='lat' dir='ltr'><strong>cum</strong></span> <span class='ocrx_word' id='word_1_280' title='bbox 1337 3029 1665 3086; x_wconf 80' lang='lat' dir='ltr'><strong>discretione</strong></span> <span class='ocrx_word' id='word_1_281' title='bbox 1689 3043 1755 3084; x_wconf 87' lang='lat' dir='ltr'><strong>ne</strong></span> <span class='ocrx_word' id='word_1_282' title='bbox 1782 3028 1915 3100; x_wconf 84' lang='lat' dir='ltr'><strong>quid</strong></span> <span class='ocrx_word' id='word_1_283' title='bbox 1946 3029 2108 3085; x_wconf 85' lang='lat' dir='ltr'><strong>nimis</strong></span> <span class='ocrx_word' id='word_1_284' title='bbox 2128 3030 2233 3099; x_wconf 74' lang='lat' dir='ltr'><strong>sit3</strong></span> <span class='ocrx_word' id='word_1_285' title='bbox 2260 3030 2357 3086; x_wconf 84' lang='lat' dir='ltr'><strong>sed</strong></span> <span class='ocrx_word' id='word_1_286' title='bbox 2382 3045 2514 3088; x_wconf 84' lang='lat' dir='ltr'><strong>cum</strong></span> 
     </span>
     <span class='ocr_line' id='line_1_32' title="bbox 509 3114 2513 3190; baseline 0.004 -20"><span class='ocrx_word' id='word_1_287' title='bbox 509 3114 870 3188; x_wconf 84' lang='lat' dir='ltr'><strong>temperantia</strong></span> <span class='ocrx_word' id='word_1_288' title='bbox 912 3129 1141 3190; x_wconf 89' lang='lat' dir='ltr'><strong>corpora</strong></span> <span class='ocrx_word' id='word_1_289' title='bbox 1182 3123 1366 3174; x_wconf 82' lang='lat' dir='ltr'><strong>vestra</strong></span> <span class='ocrx_word' id='word_1_290' title='bbox 1412 3115 1714 3189; x_wconf 81' lang='lat' dir='ltr'><strong>castigetis,</strong></span> <span class='ocrx_word' id='word_1_291' title='bbox 1772 3124 1835 3172; x_wconf 79' lang='lat' dir='ltr'><strong>ut</strong></span> <span class='ocrx_word' id='word_1_292' title='bbox 1885 3131 1992 3174; x_wconf 84' lang='lat' dir='ltr'><strong>non</strong></span> <span class='ocrx_word' id='word_1_293' title='bbox 2042 3127 2253 3176; x_wconf 81' lang='lat' dir='ltr'><strong>naturae</strong></span> <span class='ocrx_word' id='word_1_294' title='bbox 2290 3119 2513 3179; x_wconf 83' lang='lat' dir='ltr'><strong>defectu</strong></span> 
     </span>
     <span class='ocr_line' id='line_1_33' title="bbox 505 3202 2539 3281; baseline 0.002 -19"><span class='ocrx_word' id='word_1_295' title='bbox 505 3210 809 3278; x_wconf 83' lang='lat' dir='ltr'><strong>cognantur</strong></span> <span class='ocrx_word' id='word_1_296' title='bbox 849 3205 1096 3264; x_wconf 85' lang='lat' dir='ltr'><strong>dissolvi.</strong></span> <span class='ocrx_word' id='word_1_297' title='bbox 1131 3224 1158 3260; x_wconf 64' lang='lat' dir='ltr'><strong>a</strong></span> <span class='ocrx_word' id='word_1_298' title='bbox 1189 3202 1455 3277; x_wconf 77' lang='lat' dir='ltr'><strong>Quasdam</strong></span> <span class='ocrx_word' id='word_1_299' title='bbox 1498 3213 1683 3263; x_wconf 71' lang='lat' dir='ltr'><strong>etitem</strong></span> <span class='ocrx_word' id='word_1_300' title='bbox 1722 3212 1873 3274; x_wconf 81' lang='lat' dir='ltr'><strong>sunt,</strong></span> <span class='ocrx_word' id='word_1_301' title='bbox 1912 3208 2031 3263; x_wconf 87' lang='lat' dir='ltr'><strong>sine</strong></span> <span class='ocrx_word' id='word_1_302' title='bbox 2070 3207 2269 3281; x_wconf 84' lang='lat' dir='ltr'><strong>quibus</strong></span> <span class='ocrx_word' id='word_1_303' title='bbox 2312 3216 2539 3279; x_wconf 74' lang='lat' dir='ltr'><strong>natura,</strong></span> 
     </span>
     <span class='ocr_line' id='line_1_34' title="bbox 505 3287 2515 3370; baseline 0.002 -20"><span class='ocrx_word' id='word_1_304' title='bbox 505 3295 816 3353; x_wconf 74' lang='lat' dir='ltr'><strong>conservari</strong></span> <span class='ocrx_word' id='word_1_305' title='bbox 849 3301 1046 3368; x_wconf 78' lang='lat' dir='ltr'><strong>potest,</strong></span> <span class='ocrx_word' id='word_1_306' title='bbox 1073 3297 1216 3353; x_wconf 84' lang='lat' dir='ltr'><strong>sicut</strong></span> <span class='ocrx_word' id='word_1_307' title='bbox 1245 3311 1603 3355; x_wconf 82' lang='lat' dir='ltr'><strong>venereorum</strong></span> <span class='ocrx_word' id='word_1_308' title='bbox 1630 3287 1778 3364; x_wconf 77' lang='lat' dir='ltr'><strong>usus,</strong></span> <span class='ocrx_word' id='word_1_309' title='bbox 1812 3301 1867 3351; x_wconf 87' lang='lat' dir='ltr'><strong>et</strong></span> <span class='ocrx_word' id='word_1_310' title='bbox 1906 3296 2029 3352; x_wconf 87' lang='lat' dir='ltr'><strong>ideo</strong></span> <span class='ocrx_word' id='word_1_311' title='bbox 2060 3297 2113 3353; x_wconf 90' lang='lat' dir='ltr'><strong>in</strong></span> <span class='ocrx_word' id='word_1_312' title='bbox 2154 3297 2293 3365; x_wconf 81' lang='lat' dir='ltr'><strong>istis,</strong></span> <span class='ocrx_word' id='word_1_313' title='bbox 2326 3314 2515 3370; x_wconf 82' lang='lat' dir='ltr'><strong>quan-</strong></span> 
     </span>
     <span class='ocr_line' id='line_1_35' title="bbox 506 3385 2515 3458; baseline 0.001 -19"><span class='ocrx_word' id='word_1_314' title='bbox 506 3390 859 3458; x_wconf 86' lang='lat' dir='ltr'><strong>tumcumque</strong></span> <span class='ocrx_word' id='word_1_315' title='bbox 897 3385 1250 3442; x_wconf 80' lang='lat' dir='ltr'><strong>subtrabatur</strong></span> <span class='ocrx_word' id='word_1_316' title='bbox 1293 3393 1515 3458; x_wconf 86' lang='lat' dir='ltr'><strong>propter</strong></span> <span class='ocrx_word' id='word_1_317' title='bbox 1561 3385 1755 3452; x_wconf 85' lang='lat' dir='ltr'><strong>Deum,</strong></span> <span class='ocrx_word' id='word_1_318' title='bbox 1788 3400 1895 3440; x_wconf 90' lang='lat' dir='ltr'><strong>non</strong></span> <span class='ocrx_word' id='word_1_319' title='bbox 1938 3394 2121 3458; x_wconf 81' lang='lat' dir='ltr'><strong>potest</strong></span> <span class='ocrx_word' id='word_1_320' title='bbox 2166 3401 2285 3442; x_wconf 82' lang='lat' dir='ltr'><strong>esse</strong></span> <span class='ocrx_word' id='word_1_321' title='bbox 2308 3401 2515 3458; x_wconf 82' lang='lat' dir='ltr'><strong>super-</strong></span> 
     </span>
     <span class='ocr_line' id='line_1_36' title="bbox 503 3473 2515 3546; baseline 0.002 -18"><span class='ocrx_word' id='word_1_322' title='bbox 503 3473 694 3542; x_wconf 85' lang='lat' dir='ltr'><strong>fluum,</strong></span> <span class='ocrx_word' id='word_1_323' title='bbox 709 3475 1003 3530; x_wconf 85' lang='lat' dir='ltr'><strong>dummodo</strong></span> <span class='ocrx_word' id='word_1_324' title='bbox 1019 3491 1086 3530; x_wconf 82' lang='lat' dir='ltr'><strong>ex</strong></span> <span class='ocrx_word' id='word_1_325' title='bbox 1099 3474 1633 3530; x_wconf 80' lang='lat' dir='ltr'><strong>aliacircumstantia</strong></span> <span class='ocrx_word' id='word_1_326' title='bbox 1646 3475 1839 3530; x_wconf 85' lang='lat' dir='ltr'><strong>vitium</strong></span> <span class='ocrx_word' id='word_1_327' title='bbox 1852 3487 1955 3529; x_wconf 85' lang='lat' dir='ltr'><strong>non</strong></span> <span class='ocrx_word' id='word_1_328' title='bbox 1974 3475 2198 3540; x_wconf 87' lang='lat' dir='ltr'><strong>incidat,</strong></span> <span class='ocrx_word' id='word_1_329' title='bbox 2214 3479 2271 3530; x_wconf 82' lang='lat' dir='ltr'><strong>et</strong></span> <span class='ocrx_word' id='word_1_330' title='bbox 2286 3483 2515 3546; x_wconf 72' lang='lat' dir='ltr'><strong>propter</strong></span> 
     </span>
     <span class='ocr_line' id='line_1_37' title="bbox 503 3559 2513 3635; baseline 0.001 -19"><span class='ocrx_word' id='word_1_331' title='bbox 503 3559 608 3617; x_wconf 88' lang='lat' dir='ltr'><strong>hoc</strong></span> <span class='ocrx_word' id='word_1_332' title='bbox 637 3561 922 3633; x_wconf 78' lang='lat' dir='ltr'><strong>virginitas</strong></span> <span class='ocrx_word' id='word_1_333' title='bbox 965 3561 1254 3618; x_wconf 83' lang='lat' dir='ltr'><strong>laudabilis</strong></span> <span class='ocrx_word' id='word_1_334' title='bbox 1277 3571 1380 3630; x_wconf 87' lang='lat' dir='ltr'><strong>est,</strong></span> <span class='ocrx_word' id='word_1_335' title='bbox 1414 3577 1539 3635; x_wconf 79' lang='lat' dir='ltr'><strong>quae</strong></span> <span class='ocrx_word' id='word_1_336' title='bbox 1566 3563 1639 3618; x_wconf 85' lang='lat' dir='ltr'><strong>ab</strong></span> <span class='ocrx_word' id='word_1_337' title='bbox 1678 3563 1825 3618; x_wconf 87' lang='lat' dir='ltr'><strong>omni</strong></span> <span class='ocrx_word' id='word_1_338' title='bbox 1856 3561 2167 3632; x_wconf 76' lang='lat' dir='ltr'><strong>hujusmodi</strong></span> <span class='ocrx_word' id='word_1_339' title='bbox 2196 3561 2513 3619; x_wconf 80' lang='lat' dir='ltr'><strong>delectabili</strong></span> 
     </span>
     <span class='ocr_line' id='line_1_38' title="bbox 504 3649 2513 3725; baseline 0 -17"><span class='ocrx_word' id='word_1_340' title='bbox 504 3651 762 3718; x_wconf 83' lang='lat' dir='ltr'><strong>abstinet,</strong></span> <span class='ocrx_word' id='word_1_341' title='bbox 793 3658 852 3706; x_wconf 80' lang='lat' dir='ltr'><strong>ct</strong></span> <span class='ocrx_word' id='word_1_342' title='bbox 889 3649 1142 3708; x_wconf 87' lang='lat' dir='ltr'><strong>similiter</strong></span> <span class='ocrx_word' id='word_1_343' title='bbox 1167 3659 1253 3708; x_wconf 84' lang='lat' dir='ltr'><strong>est</strong></span> <span class='ocrx_word' id='word_1_344' title='bbox 1293 3653 1345 3708; x_wconf 87' lang='lat' dir='ltr'><strong>in</strong></span> <span class='ocrx_word' id='word_1_345' title='bbox 1377 3652 1681 3725; x_wconf 77' lang='lat' dir='ltr'><strong>proposito.</strong></span> <span class='ocrx_word' id='word_1_346' title='bbox 1723 3653 1906 3708; x_wconf 85' lang='lat' dir='ltr'><strong>Potest</strong></span> <span class='ocrx_word' id='word_1_347' title='bbox 1930 3651 2076 3706; x_wconf 85' lang='lat' dir='ltr'><strong>enim</strong></span> <span class='ocrx_word' id='word_1_348' title='bbox 2114 3651 2234 3706; x_wconf 86' lang='lat' dir='ltr'><strong>sine</strong></span> <span class='ocrx_word' id='word_1_349' title='bbox 2266 3651 2513 3708; x_wconf 84' lang='lat' dir='ltr'><strong>dominio</strong></span> 
     </span>
     <span class='ocr_line' id='line_1_39' title="bbox 501 3738 2513 3811; baseline 0.002 -20"><span class='ocrx_word' id='word_1_350' title='bbox 501 3738 906 3808; x_wconf 73' lang='lat' dir='ltr'><strong>possessionum</strong></span> <span class='ocrx_word' id='word_1_351' title='bbox 927 3746 1266 3796; x_wconf 84' lang='lat' dir='ltr'><strong>terrenarum</strong></span> <span class='ocrx_word' id='word_1_352' title='bbox 1290 3747 1489 3796; x_wconf 83' lang='lat' dir='ltr'><strong>natura</strong></span> <span class='ocrx_word' id='word_1_353' title='bbox 1513 3739 1822 3796; x_wconf 83' lang='lat' dir='ltr'><strong>conservari</strong></span> <span class='ocrx_word' id='word_1_354' title='bbox 1845 3753 1971 3794; x_wconf 90' lang='lat' dir='ltr'><strong>cum</strong></span> <span class='ocrx_word' id='word_1_355' title='bbox 1994 3753 2093 3811; x_wconf 85' lang='lat' dir='ltr'><strong>spe</strong></span> <span class='ocrx_word' id='word_1_356' title='bbox 2118 3738 2290 3795; x_wconf 86' lang='lat' dir='ltr'><strong>divini</strong></span> <span class='ocrx_word' id='word_1_357' title='bbox 2320 3739 2513 3796; x_wconf 78' lang='lat' dir='ltr'><strong>auxilii</strong></span> 
     </span>
     <span class='ocr_line' id='line_1_40' title="bbox 508 3823 2515 3901; baseline 0.003 -23"><span class='ocrx_word' id='word_1_358' title='bbox 508 3823 694 3878; x_wconf 87' lang='lat' dir='ltr'><strong>multis</strong></span> <span class='ocrx_word' id='word_1_359' title='bbox 746 3825 940 3893; x_wconf 79' lang='lat' dir='ltr'><strong>modis,</strong></span> <span class='ocrx_word' id='word_1_360' title='bbox 991 3829 1136 3884; x_wconf 83' lang='lat' dir='ltr'><strong>unde</strong></span> <span class='ocrx_word' id='word_1_361' title='bbox 1181 3834 1687 3901; x_wconf 81' lang='lat' dir='ltr'><strong>quantumcumque</strong></span> <span class='ocrx_word' id='word_1_362' title='bbox 1726 3829 1775 3883; x_wconf 90' lang='lat' dir='ltr'><strong>ei</strong></span> <span class='ocrx_word' id='word_1_363' title='bbox 1817 3827 2197 3896; x_wconf 84' lang='lat' dir='ltr'><strong>subtrabatur,</strong></span> <span class='ocrx_word' id='word_1_364' title='bbox 2244 3844 2351 3884; x_wconf 80' lang='lat' dir='ltr'><strong>non</strong></span> <span class='ocrx_word' id='word_1_365' title='bbox 2404 3830 2515 3885; x_wconf 78' lang='lat' dir='ltr'><strong>erit</strong></span> 
     </span>
     <span class='ocr_line' id='line_1_41' title="bbox 504 3910 2509 3990; baseline 0.004 -23"><span class='ocrx_word' id='word_1_366' title='bbox 504 3910 842 3984; x_wconf 85' lang='lat' dir='ltr'><strong>superfluum</strong></span> <span class='ocrx_word' id='word_1_367' title='bbox 877 3913 922 3969; x_wconf 86' lang='lat' dir='ltr'><strong>si</strong></span> <span class='ocrx_word' id='word_1_368' title='bbox 965 3921 1188 3986; x_wconf 86' lang='lat' dir='ltr'><strong>propter</strong></span> <span class='ocrx_word' id='word_1_369' title='bbox 1228 3917 1401 3973; x_wconf 89' lang='lat' dir='ltr'><strong>Deum</strong></span> <span class='ocrx_word' id='word_1_370' title='bbox 1448 3915 1590 3986; x_wconf 79' lang='lat' dir='ltr'><strong>fiat3</strong></span> <span class='ocrx_word' id='word_1_371' title='bbox 1633 3922 1688 3973; x_wconf 87' lang='lat' dir='ltr'><strong>et</strong></span> <span class='ocrx_word' id='word_1_372' title='bbox 1720 3917 1801 3973; x_wconf 90' lang='lat' dir='ltr'><strong>sic</strong></span> <span class='ocrx_word' id='word_1_373' title='bbox 1843 3923 1995 3989; x_wconf 88' lang='lat' dir='ltr'><strong>patet</strong></span> <span class='ocrx_word' id='word_1_374' title='bbox 2048 3916 2195 3990; x_wconf 91' lang='lat' dir='ltr'><strong>quod</strong></span> <span class='ocrx_word' id='word_1_375' title='bbox 2251 3915 2509 3976; x_wconf 82' lang='lat' dir='ltr'><strong>volunta-</strong></span> 
     </span>
    </p>
   </div>
  </div>
 </body>
</html>
