<?xml version="1.0" encoding="UTF-8"?>
<!DOCTYPE html PUBLIC "-//W3C//DTD XHTML 1.0 Transitional//EN"
    "http://www.w3.org/TR/xhtml1/DTD/xhtml1-transitional.dtd">
<html xmlns="http://www.w3.org/1999/xhtml" xml:lang="en" lang="en">
 <head>
  <title>
</title>
<meta http-equiv="Content-Type" content="text/html;charset=utf-8" />
  <meta name='ocr-system' content='tesseract 3.04.00' />
  <meta name='ocr-capabilities' content='ocr_page ocr_carea ocr_par ocr_line ocrx_word'/>
</head>
<body>
  <div class='ocr_page' id='page_1' title='image "./sthomaquinatisd01thomgoog_0323.png"; bbox 0 0 2784 4392; ppageno 0'>
   <div class='ocr_carea' id='block_1_1' title="bbox 863 251 2393 336">
    <p class='ocr_par' dir='ltr' id='par_1_1' title="bbox 863 251 2393 336">
     <span class='ocr_line' id='line_1_1' title="bbox 863 251 2393 336; baseline 0 -18"><span class='ocrx_word' id='word_1_1' title='bbox 863 271 974 330; x_wconf 62' lang='lat' dir='ltr'><strong>xv.</strong></span> <span class='ocrx_word' id='word_1_2' title='bbox 1002 287 1086 306; x_wconf 86' lang='lat'><strong>-</strong></span> <span class='ocrx_word' id='word_1_3' title='bbox 1107 272 1188 321; x_wconf 75' lang='lat' dir='ltr'><strong>ns</strong></span> <span class='ocrx_word' id='word_1_4' title='bbox 1227 270 1535 336; x_wconf 62' lang='lat' dir='ltr'><strong>anemius.</strong></span> <span class='ocrx_word' id='word_1_5' title='bbox 1576 270 1915 330; x_wconf 60' lang='lat' dir='ltr'><strong>sumturum</strong></span> <span class='ocrx_word' id='word_1_6' title='bbox 2272 251 2393 326; x_wconf 73' lang='grc'><strong>31],</strong></span> 
     </span>
    </p>
   </div>
   <div class='ocr_carea' id='block_1_2' title="bbox 387 387 2404 1974">
    <p class='ocr_par' dir='ltr' id='par_1_2' title="bbox 387 387 2402 1706">
     <span class='ocr_line' id='line_1_2' title="bbox 387 387 2399 450; baseline 0 -4"><span class='ocrx_word' id='word_1_7' title='bbox 387 388 634 450; x_wconf 81' lang='lat' dir='ltr'><strong>diversos</strong></span> <span class='ocrx_word' id='word_1_8' title='bbox 657 388 910 450; x_wconf 84' lang='lat' dir='ltr'><strong>eonsules</strong></span> <span class='ocrx_word' id='word_1_9' title='bbox 945 404 1014 449; x_wconf 82' lang='lat' dir='ltr'><strong>eo</strong></span> <span class='ocrx_word' id='word_1_10' title='bbox 1049 394 1334 450; x_wconf 78' lang='lat' dir='ltr'><strong>senatores</strong></span> <span class='ocrx_word' id='word_1_11' title='bbox 1357 389 1636 448; x_wconf 86' lang='lat' dir='ltr'><strong>Romanos</strong></span> <span class='ocrx_word' id='word_1_12' title='bbox 1678 393 1871 448; x_wconf 81' lang='lat' dir='ltr'><strong>stratas</strong></span> <span class='ocrx_word' id='word_1_13' title='bbox 1906 387 2177 450; x_wconf 70' lang='lat' dir='ltr'><strong>institutas</strong></span> <span class='ocrx_word' id='word_1_14' title='bbox 2198 395 2399 448; x_wconf 82' lang='lat' dir='ltr'><strong>exten·-</strong></span> 
     </span>
     <span class='ocr_line' id='line_1_3' title="bbox 389 476 2399 552; baseline 0 -18"><span class='ocrx_word' id='word_1_15' title='bbox 389 477 579 538; x_wconf 85' lang='lat' dir='ltr'><strong>dentes</strong></span> <span class='ocrx_word' id='word_1_16' title='bbox 603 495 663 538; x_wconf 88' lang='lat' dir='ltr'><strong>se</strong></span> <span class='ocrx_word' id='word_1_17' title='bbox 683 480 753 537; x_wconf 92' lang='lat' dir='ltr'><strong>ad</strong></span> <span class='ocrx_word' id='word_1_18' title='bbox 771 479 1018 540; x_wconf 81' lang='lat' dir='ltr'><strong>diversas</strong></span> <span class='ocrx_word' id='word_1_19' title='bbox 1032 479 1362 552; x_wconf 79' lang='lat' dir='ltr'><strong>provincias,</strong></span> <span class='ocrx_word' id='word_1_20' title='bbox 1389 493 1625 552; x_wconf 85' lang='lat' dir='ltr'><strong>quorum</strong></span> <span class='ocrx_word' id='word_1_21' title='bbox 1648 477 1825 538; x_wconf 87' lang='lat' dir='ltr'><strong>titulis</strong></span> <span class='ocrx_word' id='word_1_22' title='bbox 1846 477 2213 545; x_wconf 78' lang='lat' dir='ltr'><strong>authenticari</strong></span> <span class='ocrx_word' id='word_1_23' title='bbox 2236 476 2399 536; x_wconf 83' lang='lat' dir='ltr'><strong>vide·</strong></span> 
     </span>
     <span class='ocr_line' id='line_1_4' title="bbox 389 565 2395 635; baseline -0.001 -11"><span class='ocrx_word' id='word_1_24' title='bbox 389 576 577 626; x_wconf 89' lang='lat' dir='ltr'><strong>rentur</strong></span> <span class='ocrx_word' id='word_1_25' title='bbox 602 569 674 626; x_wconf 87' lang='lat' dir='ltr'><strong>ad</strong></span> <span class='ocrx_word' id='word_1_26' title='bbox 698 569 1007 628; x_wconf 81' lang='lat' dir='ltr'><strong>liberiorem</strong></span> <span class='ocrx_word' id='word_1_27' title='bbox 1033 585 1102 630; x_wconf 79' lang='lat' dir='ltr'><strong>uo</strong></span> <span class='ocrx_word' id='word_1_28' title='bbox 1145 569 1481 628; x_wconf 80' lang='lat' dir='ltr'><strong>securiorem</strong></span> <span class='ocrx_word' id='word_1_29' title='bbox 1522 583 1807 629; x_wconf 81' lang='lat' dir='ltr'><strong>aceessum</strong></span> <span class='ocrx_word' id='word_1_30' title='bbox 1852 567 1923 624; x_wconf 87' lang='lat' dir='ltr'><strong>ad</strong></span> <span class='ocrx_word' id='word_1_31' title='bbox 1953 567 2163 635; x_wconf 86' lang='lat' dir='ltr'><strong>urbem,</strong></span> <span class='ocrx_word' id='word_1_32' title='bbox 2194 565 2283 624; x_wconf 84' lang='lat' dir='ltr'><strong>vel</strong></span> <span class='ocrx_word' id='word_1_33' title='bbox 2322 565 2395 626; x_wconf 89' lang='lat' dir='ltr'><strong>ad</strong></span> 
     </span>
     <span class='ocr_line' id='line_1_5' title="bbox 389 655 2393 730; baseline -0 -16"><span class='ocrx_word' id='word_1_34' title='bbox 389 657 632 729; x_wconf 87' lang='lat' dir='ltr'><strong>ipsorum</strong></span> <span class='ocrx_word' id='word_1_35' title='bbox 653 659 974 719; x_wconf 79' lang='lat' dir='ltr'><strong>memoriam</strong></span> <span class='ocrx_word' id='word_1_36' title='bbox 995 657 1304 725; x_wconf 77' lang='lat' dir='ltr'><strong>clariorem,</strong></span> <span class='ocrx_word' id='word_1_37' title='bbox 1325 663 1390 716; x_wconf 85' lang='lat' dir='ltr'><strong>ut</strong></span> <span class='ocrx_word' id='word_1_38' title='bbox 1408 657 1499 716; x_wconf 85' lang='lat' dir='ltr'><strong>via</strong></span> <span class='ocrx_word' id='word_1_39' title='bbox 1526 657 1748 718; x_wconf 83' lang='lat' dir='ltr'><strong>Aurelia</strong></span> <span class='ocrx_word' id='word_1_40' title='bbox 1776 655 1847 716; x_wconf 88' lang='lat' dir='ltr'><strong>ab</strong></span> <span class='ocrx_word' id='word_1_41' title='bbox 1872 655 2097 718; x_wconf 82' lang='lat' dir='ltr'><strong>Aurelio</strong></span> <span class='ocrx_word' id='word_1_42' title='bbox 2125 655 2393 730; x_wconf 79' lang='lat' dir='ltr'><strong>principe,</strong></span> 
     </span>
     <span class='ocr_line' id='line_1_6' title="bbox 389 745 2392 822; baseline 0 -18"><span class='ocrx_word' id='word_1_43' title='bbox 389 748 480 804; x_wconf 84' lang='lat' dir='ltr'><strong>via</strong></span> <span class='ocrx_word' id='word_1_44' title='bbox 523 747 698 820; x_wconf 82' lang='lat' dir='ltr'><strong>Appia</strong></span> <span class='ocrx_word' id='word_1_45' title='bbox 751 747 821 806; x_wconf 89' lang='lat' dir='ltr'><strong>ab</strong></span> <span class='ocrx_word' id='word_1_46' title='bbox 855 748 1033 822; x_wconf 78' lang='lat' dir='ltr'><strong>Appio</strong></span> <span class='ocrx_word' id='word_1_47' title='bbox 1081 755 1356 816; x_wconf 78' lang='lat' dir='ltr'><strong>senatore,</strong></span> <span class='ocrx_word' id='word_1_48' title='bbox 1384 762 1621 821; x_wconf 87' lang='lat' dir='ltr'><strong>quarum</strong></span> <span class='ocrx_word' id='word_1_49' title='bbox 1663 747 1841 822; x_wconf 83' lang='lat' dir='ltr'><strong>prima</strong></span> <span class='ocrx_word' id='word_1_50' title='bbox 1884 745 2145 810; x_wconf 86' lang='lat' dir='ltr'><strong>tendebat</strong></span> <span class='ocrx_word' id='word_1_51' title='bbox 2197 761 2392 804; x_wconf 84' lang='lat' dir='ltr'><strong>versus</strong></span> 
     </span>
     <span class='ocr_line' id='line_1_7' title="bbox 391 835 2397 910; baseline -0.001 -16"><span class='ocrx_word' id='word_1_52' title='bbox 391 837 638 903; x_wconf 84' lang='lat' dir='ltr'><strong>Reatem,</strong></span> <span class='ocrx_word' id='word_1_53' title='bbox 669 835 763 894; x_wconf 87' lang='lat' dir='ltr'><strong>ubi</strong></span> <span class='ocrx_word' id='word_1_54' title='bbox 789 835 1037 896; x_wconf 69' lang='lat' dir='ltr'><strong>historiae</strong></span> <span class='ocrx_word' id='word_1_55' title='bbox 1062 835 1401 910; x_wconf 81' lang='lat' dir='ltr'><strong>provinciam</strong></span> <span class='ocrx_word' id='word_1_56' title='bbox 1428 835 1708 897; x_wconf 80' lang='lat' dir='ltr'><strong>Aureliam</strong></span> <span class='ocrx_word' id='word_1_57' title='bbox 1732 843 1963 909; x_wconf 82' lang='lat' dir='ltr'><strong>ponunt,</strong></span> <span class='ocrx_word' id='word_1_58' title='bbox 1992 835 2235 894; x_wconf 86' lang='lat' dir='ltr'><strong>secunda</strong></span> <span class='ocrx_word' id='word_1_59' title='bbox 2262 849 2397 894; x_wconf 85' lang='lat' dir='ltr'><strong>vero</strong></span> 
     </span>
     <span class='ocr_line' id='line_1_8' title="bbox 390 923 2397 998; baseline -0.001 -17"><span class='ocrx_word' id='word_1_60' title='bbox 390 925 446 982; x_wconf 90' lang='lat' dir='ltr'><strong>in</strong></span> <span class='ocrx_word' id='word_1_61' title='bbox 475 926 832 998; x_wconf 82' lang='lat' dir='ltr'><strong>Campaniam</strong></span> <span class='ocrx_word' id='word_1_62' title='bbox 855 941 1014 985; x_wconf 88' lang='lat' dir='ltr'><strong>suum</strong></span> <span class='ocrx_word' id='word_1_63' title='bbox 1039 924 1276 984; x_wconf 85' lang='lat' dir='ltr'><strong>habebat</strong></span> <span class='ocrx_word' id='word_1_64' title='bbox 1310 940 1679 997; x_wconf 85' lang='lat' dir='ltr'><strong>progressum,</strong></span> <span class='ocrx_word' id='word_1_65' title='bbox 1710 939 1777 982; x_wconf 83' lang='lat' dir='ltr'><strong>ae</strong></span> <span class='ocrx_word' id='word_1_66' title='bbox 1799 925 1881 984; x_wconf 83' lang='lat' dir='ltr'><strong>sio</strong></span> <span class='ocrx_word' id='word_1_67' title='bbox 1912 923 1983 981; x_wconf 90' lang='lat' dir='ltr'><strong>de</strong></span> <span class='ocrx_word' id='word_1_68' title='bbox 2016 923 2247 994; x_wconf 84' lang='lat' dir='ltr'><strong>singulis</strong></span> <span class='ocrx_word' id='word_1_69' title='bbox 2272 923 2397 983; x_wconf 81' lang='lat' dir='ltr'><strong>eliis</strong></span> 
     </span>
     <span class='ocr_line' id='line_1_9' title="bbox 389 1011 2397 1082; baseline -0.001 -13"><span class='ocrx_word' id='word_1_70' title='bbox 389 1014 508 1070; x_wconf 90' lang='lat' dir='ltr'><strong>sive</strong></span> <span class='ocrx_word' id='word_1_71' title='bbox 553 1012 886 1080; x_wconf 69' lang='lat' dir='ltr'>consulibua,</span> <span class='ocrx_word' id='word_1_72' title='bbox 931 1014 1048 1072; x_wconf 86' lang='lat' dir='ltr'><strong>sive</strong></span> <span class='ocrx_word' id='word_1_73' title='bbox 1091 1013 1457 1081; x_wconf 83' lang='lat' dir='ltr'><strong>senatoribus,</strong></span> <span class='ocrx_word' id='word_1_74' title='bbox 1500 1019 1561 1070; x_wconf 89' lang='lat' dir='ltr'><strong>ut</strong></span> <span class='ocrx_word' id='word_1_75' title='bbox 1602 1011 1889 1082; x_wconf 83' lang='lat' dir='ltr'><strong>Flaminio,</strong></span> <span class='ocrx_word' id='word_1_76' title='bbox 1934 1011 2023 1070; x_wconf 85' lang='lat' dir='ltr'><strong>vel</strong></span> <span class='ocrx_word' id='word_1_77' title='bbox 2066 1012 2307 1080; x_wconf 88' lang='lat' dir='ltr'><strong>AEmilio,</strong></span> <span class='ocrx_word' id='word_1_78' title='bbox 2363 1027 2397 1068; x_wconf 86' lang='lat' dir='ltr'><strong>a</strong></span> 
     </span>
     <span class='ocr_line' id='line_1_10' title="bbox 390 1101 2399 1177; baseline 0 -19"><span class='ocrx_word' id='word_1_79' title='bbox 390 1102 591 1177; x_wconf 88' lang='lat' dir='ltr'><strong>quibus</strong></span> <span class='ocrx_word' id='word_1_80' title='bbox 619 1107 810 1160; x_wconf 83' lang='lat' dir='ltr'><strong>stratae</strong></span> <span class='ocrx_word' id='word_1_81' title='bbox 845 1101 935 1160; x_wconf 82' lang='lat' dir='ltr'><strong>vel</strong></span> <span class='ocrx_word' id='word_1_82' title='bbox 962 1102 1260 1177; x_wconf 73' lang='lat' dir='ltr'><strong>provincius</strong></span> <span class='ocrx_word' id='word_1_83' title='bbox 1285 1109 1435 1162; x_wconf 85' lang='lat' dir='ltr'><strong>sunt.</strong></span> <span class='ocrx_word' id='word_1_84' title='bbox 1456 1102 1753 1162; x_wconf 75' lang='lat' dir='ltr'><strong>nominatae</strong></span> <span class='ocrx_word' id='word_1_85' title='bbox 1790 1109 2013 1176; x_wconf 86' lang='lat' dir='ltr'><strong>propter</strong></span> <span class='ocrx_word' id='word_1_86' title='bbox 2037 1117 2261 1161; x_wconf 84' lang='lat' dir='ltr'><strong>oausam</strong></span> <span class='ocrx_word' id='word_1_87' title='bbox 2280 1101 2399 1174; x_wconf 84' lang='lat' dir='ltr'><strong>jam</strong></span> 
     </span>
     <span class='ocr_line' id='line_1_11' title="bbox 391 1189 2400 1264; baseline -0.001 -16"><span class='ocrx_word' id='word_1_88' title='bbox 391 1191 616 1250; x_wconf 87' lang='lat' dir='ltr'><strong>dictam.</strong></span> <span class='ocrx_word' id='word_1_89' title='bbox 642 1191 852 1252; x_wconf 80' lang='lat' dir='ltr'><strong>Rursus</strong></span> <span class='ocrx_word' id='word_1_90' title='bbox 879 1200 936 1252; x_wconf 87' lang='lat' dir='ltr'><strong>ot</strong></span> <span class='ocrx_word' id='word_1_91' title='bbox 959 1191 1176 1252; x_wconf 76' lang='lat' dir='ltr'><strong>divinus</strong></span> <span class='ocrx_word' id='word_1_92' title='bbox 1203 1191 1387 1252; x_wconf 73' lang='lat' dir='ltr'><strong>uultus</strong></span> <span class='ocrx_word' id='word_1_93' title='bbox 1424 1192 1479 1250; x_wconf 90' lang='lat' dir='ltr'><strong>in</strong></span> <span class='ocrx_word' id='word_1_94' title='bbox 1508 1191 1613 1251; x_wconf 84' lang='lat' dir='ltr'><strong>hoo</strong></span> <span class='ocrx_word' id='word_1_95' title='bbox 1658 1197 1892 1264; x_wconf 86' lang='lat' dir='ltr'><strong>augetur</strong></span> <span class='ocrx_word' id='word_1_96' title='bbox 1916 1197 2203 1264; x_wconf 81' lang='lat' dir='ltr'><strong>propterea</strong></span> <span class='ocrx_word' id='word_1_97' title='bbox 2248 1189 2400 1262; x_wconf 88' lang='lat' dir='ltr'><strong>quod</strong></span> 
     </span>
     <span class='ocr_line' id='line_1_12' title="bbox 392 1279 2399 1354; baseline 0 -20"><span class='ocrx_word' id='word_1_98' title='bbox 392 1281 754 1354; x_wconf 78' lang='lat' dir='ltr'>promptiores</span> <span class='ocrx_word' id='word_1_99' title='bbox 775 1289 904 1340; x_wconf 86' lang='lat' dir='ltr'><strong>sunt</strong></span> <span class='ocrx_word' id='word_1_100' title='bbox 927 1279 1174 1340; x_wconf 84' lang='lat' dir='ltr'><strong>homines</strong></span> <span class='ocrx_word' id='word_1_101' title='bbox 1201 1281 1272 1342; x_wconf 85' lang='lat' dir='ltr'><strong>ad</strong></span> <span class='ocrx_word' id='word_1_102' title='bbox 1309 1279 1673 1344; x_wconf 82' lang='lat' dir='ltr'><strong>reverentiam</strong></span> <span class='ocrx_word' id='word_1_103' title='bbox 1697 1280 1960 1348; x_wconf 80' lang='lat' dir='ltr'><strong>divinam,</strong></span> <span class='ocrx_word' id='word_1_104' title='bbox 1986 1295 2114 1338; x_wconf 85' lang='lat' dir='ltr'><strong>oum</strong></span> <span class='ocrx_word' id='word_1_105' title='bbox 2148 1279 2287 1345; x_wconf 83' lang='lat' dir='ltr'><strong>liber</strong></span> <span class='ocrx_word' id='word_1_106' title='bbox 2312 1284 2399 1338; x_wconf 86' lang='lat' dir='ltr'><strong>est</strong></span> 
     </span>
     <span class='ocr_line' id='line_1_13' title="bbox 393 1367 2400 1442; baseline -0.002 -14"><span class='ocrx_word' id='word_1_107' title='bbox 393 1370 577 1428; x_wconf 85' lang='lat' dir='ltr'><strong>aditus</strong></span> <span class='ocrx_word' id='word_1_108' title='bbox 603 1370 816 1428; x_wconf 83' lang='lat' dir='ltr'><strong>viarum</strong></span> <span class='ocrx_word' id='word_1_109' title='bbox 839 1370 910 1429; x_wconf 85' lang='lat' dir='ltr'><strong>ad</strong></span> <span class='ocrx_word' id='word_1_110' title='bbox 951 1370 1364 1442; x_wconf 76' lang='lat' dir='ltr'><strong>indulgentiam,</strong></span> <span class='ocrx_word' id='word_1_111' title='bbox 1395 1371 1516 1430; x_wconf 90' lang='lat' dir='ltr'><strong>sive</strong></span> <span class='ocrx_word' id='word_1_112' title='bbox 1552 1371 1623 1431; x_wconf 83' lang='lat' dir='ltr'><strong>ad</strong></span> <span class='ocrx_word' id='word_1_113' title='bbox 1652 1370 1901 1430; x_wconf 86' lang='lat' dir='ltr'><strong>additum</strong></span> <span class='ocrx_word' id='word_1_114' title='bbox 1930 1369 2129 1428; x_wconf 83' lang='lat' dir='ltr'><strong>saneti.</strong></span> <span class='ocrx_word' id='word_1_115' title='bbox 2161 1367 2319 1428; x_wconf 87' lang='lat' dir='ltr'><strong>Unde</strong></span> <span class='ocrx_word' id='word_1_116' title='bbox 2342 1374 2400 1424; x_wconf 92' lang='lat' dir='ltr'><strong>et</strong></span> 
     </span>
     <span class='ocr_line' id='line_1_14' title="bbox 395 1456 2399 1529; baseline 0 -18"><span class='ocrx_word' id='word_1_117' title='bbox 395 1458 730 1529; x_wconf 85' lang='lat' dir='ltr'><strong>praecipuum</strong></span> <span class='ocrx_word' id='word_1_118' title='bbox 757 1459 1024 1514; x_wconf 86' lang='lat' dir='ltr'><strong>motivum</strong></span> <span class='ocrx_word' id='word_1_119' title='bbox 1061 1460 1433 1515; x_wconf 88' lang='lat' dir='ltr'><strong>Romanorum</strong></span> <span class='ocrx_word' id='word_1_120' title='bbox 1480 1459 1584 1514; x_wconf 76' lang='lat' dir='ltr'><strong>fuit</strong></span> <span class='ocrx_word' id='word_1_121' title='bbox 1626 1464 1831 1514; x_wconf 85' lang='lat' dir='ltr'><strong>stratas</strong></span> <span class='ocrx_word' id='word_1_122' title='bbox 1873 1456 2109 1514; x_wconf 81' lang='lat' dir='ltr'><strong>faciendi</strong></span> <span class='ocrx_word' id='word_1_123' title='bbox 2150 1471 2399 1526; x_wconf 77' lang='lat' dir='ltr'><strong>securas,</strong></span> 
     </span>
     <span class='ocr_line' id='line_1_15' title="bbox 395 1542 2402 1618; baseline -0 -18"><span class='ocrx_word' id='word_1_124' title='bbox 395 1543 613 1600; x_wconf 87' lang='lat' dir='ltr'><strong>divinus</strong></span> <span class='ocrx_word' id='word_1_125' title='bbox 638 1544 896 1602; x_wconf 83' lang='lat' dir='ltr'><strong>videlieet</strong></span> <span class='ocrx_word' id='word_1_126' title='bbox 917 1545 1186 1602; x_wconf 87' lang='lat' dir='ltr'><strong>idolorum</strong></span> <span class='ocrx_word' id='word_1_127' title='bbox 1209 1545 1409 1609; x_wconf 81' lang='lat' dir='ltr'><strong>nultus.</strong></span> <span class='ocrx_word' id='word_1_128' title='bbox 1435 1561 1537 1618; x_wconf 89' lang='lat' dir='ltr'><strong>pro</strong></span> <span class='ocrx_word' id='word_1_129' title='bbox 1560 1561 1671 1618; x_wconf 90' lang='lat' dir='ltr'><strong>quo</strong></span> <span class='ocrx_word' id='word_1_130' title='bbox 1702 1544 1937 1602; x_wconf 87' lang='lat' dir='ltr'><strong>multum</strong></span> <span class='ocrx_word' id='word_1_131' title='bbox 1963 1542 2179 1604; x_wconf 84' lang='lat' dir='ltr'><strong>zelabat</strong></span> <span class='ocrx_word' id='word_1_132' title='bbox 2203 1559 2402 1617; x_wconf 84' lang='lat' dir='ltr'><strong>respu-</strong></span> 
     </span>
     <span class='ocr_line' id='line_1_16' title="bbox 397 1630 2089 1706; baseline -0.002 -16"><span class='ocrx_word' id='word_1_133' title='bbox 397 1631 559 1700; x_wconf 83' lang='lat' dir='ltr'><strong>blica,</strong></span> <span class='ocrx_word' id='word_1_134' title='bbox 585 1639 648 1690; x_wconf 89' lang='lat' dir='ltr'><strong>ut</strong></span> <span class='ocrx_word' id='word_1_135' title='bbox 665 1632 928 1691; x_wconf 82' lang='lat' dir='ltr'>Maximus</span> <span class='ocrx_word' id='word_1_136' title='bbox 955 1632 1202 1694; x_wconf 84' lang='lat' dir='ltr'><strong>Valerius</strong></span> <span class='ocrx_word' id='word_1_137' title='bbox 1228 1633 1423 1690; x_wconf 80' lang='lat' dir='ltr'><strong>scribit</strong></span> <span class='ocrx_word' id='word_1_138' title='bbox 1446 1633 1502 1690; x_wconf 88' lang='lat' dir='ltr'><strong>in</strong></span> <span class='ocrx_word' id='word_1_139' title='bbox 1532 1632 1801 1706; x_wconf 76' lang='lat' dir='ltr'><strong>principio</strong></span> <span class='ocrx_word' id='word_1_140' title='bbox 1829 1630 1955 1688; x_wconf 81' lang='lat' dir='ltr'>libri</span> <span class='ocrx_word' id='word_1_141' title='bbox 1978 1630 2089 1694; x_wconf 77' lang='lat' dir='ltr'><strong>sui.</strong></span> 
     </span>
    </p>

    <p class='ocr_par' dir='ltr' id='par_1_3' title="bbox 397 1718 2404 1974">
     <span class='ocr_line' id='line_1_17' title="bbox 466 1718 2401 1794; baseline -0.002 -16"><span class='ocrx_word' id='word_1_142' title='bbox 466 1722 634 1784; x_wconf 76' lang='lat' dir='ltr'><strong>Sacro</strong></span> <span class='ocrx_word' id='word_1_143' title='bbox 657 1719 826 1778; x_wconf 83' lang='lat' dir='ltr'><strong>etiam</strong></span> <span class='ocrx_word' id='word_1_144' title='bbox 851 1720 1136 1794; x_wconf 73' lang='lat' dir='ltr'><strong>Scriptura</strong></span> <span class='ocrx_word' id='word_1_145' title='bbox 1172 1721 1228 1784; x_wconf 86' lang='lat' dir='ltr'><strong>in</strong></span> <span class='ocrx_word' id='word_1_146' title='bbox 1255 1720 1433 1781; x_wconf 86' lang='lat' dir='ltr'><strong>Esdra</strong></span> <span class='ocrx_word' id='word_1_147' title='bbox 1466 1720 1635 1785; x_wconf 79' lang='lat' dir='ltr'><strong>refert</strong></span> <span class='ocrx_word' id='word_1_148' title='bbox 1666 1720 2033 1781; x_wconf 75' lang='lat' dir='ltr'><strong>reverentiam</strong></span> <span class='ocrx_word' id='word_1_149' title='bbox 2076 1718 2265 1793; x_wconf 86' lang='lat' dir='ltr'><strong>templi</strong></span> <span class='ocrx_word' id='word_1_150' title='bbox 2290 1719 2401 1776; x_wconf 88' lang='lat' dir='ltr'><strong>im-</strong></span> 
     </span>
     <span class='ocr_line' id='line_1_18' title="bbox 397 1796 2404 1884; baseline 0 -18"><span class='ocrx_word' id='word_1_151' title='bbox 397 1810 637 1883; x_wconf 84' lang='lat' dir='ltr'>peditam</span> <span class='ocrx_word' id='word_1_152' title='bbox 680 1796 846 1864; x_wconf 79' lang='lat' dir='ltr'><strong>fuisse</strong></span> <span class='ocrx_word' id='word_1_153' title='bbox 874 1815 1095 1884; x_wconf 89' lang='lat' dir='ltr'><strong>propter</strong></span> <span class='ocrx_word' id='word_1_154' title='bbox 1139 1810 1322 1866; x_wconf 86' lang='lat' dir='ltr'><strong>hostes</strong></span> <span class='ocrx_word' id='word_1_155' title='bbox 1363 1809 1419 1865; x_wconf 90' lang='lat' dir='ltr'><strong>in</strong></span> <span class='ocrx_word' id='word_1_156' title='bbox 1449 1809 1701 1876; x_wconf 85' lang='lat' dir='ltr'><strong>circuitu,</strong></span> <span class='ocrx_word' id='word_1_157' title='bbox 1730 1814 1953 1882; x_wconf 84' lang='lat' dir='ltr'><strong>propter</strong></span> <span class='ocrx_word' id='word_1_158' title='bbox 1994 1807 2142 1882; x_wconf 89' lang='lat' dir='ltr'><strong>quod</strong></span> <span class='ocrx_word' id='word_1_159' title='bbox 2182 1809 2404 1866; x_wconf 85' lang='lat' dir='ltr'><strong>tardata</strong></span> 
     </span>
     <span class='ocr_line' id='line_1_19' title="bbox 398 1897 2400 1974; baseline 0.001 -20"><span class='ocrx_word' id='word_1_160' title='bbox 398 1899 500 1956; x_wconf 81' lang='lat' dir='ltr'><strong>fuit</strong></span> <span class='ocrx_word' id='word_1_161' title='bbox 525 1898 819 1958; x_wconf 71' lang='lat' dir='ltr'><strong>aedificatio</strong></span> <span class='ocrx_word' id='word_1_162' title='bbox 848 1899 1056 1972; x_wconf 82' lang='lat' dir='ltr'><strong>templi.</strong></span> <span class='ocrx_word' id='word_1_163' title='bbox 1075 1900 1242 1958; x_wconf 73' lang='lat' dir='ltr'><strong>Juxta</strong></span> <span class='ocrx_word' id='word_1_164' title='bbox 1265 1900 1414 1974; x_wconf 88' lang='lat' dir='ltr'><strong>quod</strong></span> <span class='ocrx_word' id='word_1_165' title='bbox 1436 1899 1668 1960; x_wconf 87' lang='lat' dir='ltr'><strong>Domino</strong></span> <span class='ocrx_word' id='word_1_166' title='bbox 1692 1897 1935 1958; x_wconf 85' lang='lat' dir='ltr'><strong>dieitur</strong></span> <span class='ocrx_word' id='word_1_167' title='bbox 1921 1913 1979 1958; x_wconf 85' lang='grc' dir='ltr'>ιιι·</span> <span class='ocrx_word' id='word_1_168' title='bbox 1999 1899 2159 1963; x_wconf 81' lang='lat' dir='ltr'><strong>Joan.</strong></span> <span class='ocrx_word' id='word_1_169' title='bbox 2189 1913 2255 1966; x_wconf 85' lang='lat'><strong>11,</strong></span> <span class='ocrx_word' id='word_1_170' title='bbox 2283 1901 2400 1958; x_wconf 75' lang='grc'><strong>20.</strong></span> 
     </span>
    </p>
   </div>
   <div class='ocr_carea' id='block_1_3' title="bbox 399 1985 2401 2150">
    <p class='ocr_par' dir='ltr' id='par_1_4' title="bbox 399 1985 2401 2150">
     <span class='ocr_line' id='line_1_20' title="bbox 399 1985 2401 2066; baseline 0.001 -22"><span class='ocrx_word' id='word_1_171' title='bbox 399 1987 771 2060; x_wconf 65' lang='lat' dir='ltr'><strong><em>Quadraginta</em></strong></span> <span class='ocrx_word' id='word_1_172' title='bbox 809 1993 860 2046; x_wconf 79' lang='lat' dir='ltr'><strong>st</strong></span> <span class='ocrx_word' id='word_1_173' title='bbox 893 2004 986 2048; x_wconf 65' lang='grc' dir='ltr'><strong>σιω</strong></span> <span class='ocrx_word' id='word_1_174' title='bbox 1027 1988 1190 2049; x_wconf 73' lang='lat' dir='ltr'><strong>annis</strong></span> <span class='ocrx_word' id='word_1_175' title='bbox 1221 1988 1547 2066; x_wconf 65' lang='lat' dir='ltr'><strong>edificatum</strong></span> <span class='ocrx_word' id='word_1_176' title='bbox 1581 1995 1661 2052; x_wconf 74' lang='lat' dir='ltr'><strong>est</strong></span> <span class='ocrx_word' id='word_1_177' title='bbox 1706 1987 1959 2064; x_wconf 75' lang='lat' dir='ltr'><strong>temptum</strong></span> <span class='ocrx_word' id='word_1_178' title='bbox 1992 1988 2107 2056; x_wconf 73' lang='lat' dir='ltr'><strong>hoo,</strong></span> <span class='ocrx_word' id='word_1_179' title='bbox 2133 1993 2185 2053; x_wconf 75' lang='lat' dir='ltr'><strong>ot</strong></span> <span class='ocrx_word' id='word_1_180' title='bbox 2226 1993 2289 2050; x_wconf 77' lang='lat' dir='ltr'><strong>tu</strong></span> <span class='ocrx_word' id='word_1_181' title='bbox 2338 1985 2401 2048; x_wconf 78' lang='lat' dir='ltr'><strong>in</strong></span> 
     </span>
     <span class='ocr_line' id='line_1_21' title="bbox 399 2065 1154 2150; baseline 0.001 -15"><span class='ocrx_word' id='word_1_182' title='bbox 399 2077 582 2138; x_wconf 80' lang='lat' dir='ltr'><strong>triduo</strong></span> <span class='ocrx_word' id='word_1_183' title='bbox 605 2065 951 2150; x_wconf 66' lang='lat' dir='ltr'><strong>rooedifibabis</strong></span> <span class='ocrx_word' id='word_1_184' title='bbox 977 2077 1154 2137; x_wconf 75' lang='lat' dir='ltr'><strong>illud?</strong></span> 
     </span>
    </p>
   </div>
   <div class='ocr_carea' id='block_1_4' title="bbox 1131 2255 1653 2326">
    <p class='ocr_par' dir='ltr' id='par_1_5' title="bbox 1131 2255 1653 2326">
     <span class='ocr_line' id='line_1_22' title="bbox 1131 2255 1653 2326; baseline 0 -2"><span class='ocrx_word' id='word_1_185' title='bbox 1131 2255 1415 2324; x_wconf 82' lang='lat' dir='ltr'>CAPUT</span> <span class='ocrx_word' id='word_1_186' title='bbox 1467 2257 1653 2326; x_wconf 87' lang='lat' dir='ltr'><strong>XIII.</strong></span> 
     </span>
    </p>
   </div>
   <div class='ocr_carea' id='block_1_5' title="bbox 408 2373 2404 2648">
    <p class='ocr_par' dir='ltr' id='par_1_6' title="bbox 408 2373 2404 2648">
     <span class='ocr_line' id='line_1_23' title="bbox 408 2373 2404 2492; baseline 0 -42"><span class='ocrx_word' id='word_1_187' title='bbox 408 2386 688 2464; x_wconf 76' lang='lat' dir='ltr'><strong>Qualiter</strong></span> <span class='ocrx_word' id='word_1_188' title='bbox 732 2385 799 2448; x_wconf 75' lang='lat' dir='ltr'><strong>in</strong></span> <span class='ocrx_word' id='word_1_189' title='bbox 839 2385 1100 2466; x_wconf 74' lang='lat' dir='ltr'><strong>quolibet</strong></span> <span class='ocrx_word' id='word_1_190' title='bbox 1137 2403 1317 2492; x_wconf 68' lang='lat' dir='ltr'><strong>rayno</strong></span> <span class='ocrx_word' id='word_1_191' title='bbox 1346 2373 1405 2450; x_wconf 71' lang='grc' dir='ltr'>ιτ</span> <span class='ocrx_word' id='word_1_192' title='bbox 1428 2401 1796 2470; x_wconf 75' lang='lat' dir='ltr'><strong>quocumque</strong></span> <span class='ocrx_word' id='word_1_193' title='bbox 1830 2385 2093 2449; x_wconf 77' lang='lat' dir='ltr'><strong>dominio</strong></span> <span class='ocrx_word' id='word_1_194' title='bbox 2134 2403 2404 2450; x_wconf 76' lang='lat' dir='ltr'><strong>necessa-</strong></span> 
     </span>
     <span class='ocr_line' id='line_1_24' title="bbox 475 2474 2403 2587; baseline 0.001 -51"><span class='ocrx_word' id='word_1_195' title='bbox 475 2476 642 2537; x_wconf 76' lang='lat' dir='ltr'><strong>rium</strong></span> <span class='ocrx_word' id='word_1_196' title='bbox 663 2480 750 2538; x_wconf 78' lang='lat' dir='ltr'><strong>est</strong></span> <span class='ocrx_word' id='word_1_197' title='bbox 772 2475 1072 2537; x_wconf 73' lang='lat' dir='ltr'><strong>numisma</strong></span> <span class='ocrx_word' id='word_1_198' title='bbox 1089 2477 1439 2558; x_wconf 76' lang='lat' dir='ltr'><strong>proprium,</strong></span> <span class='ocrx_word' id='word_1_199' title='bbox 1472 2481 1529 2539; x_wconf 79' lang='lat' dir='ltr'><strong>et</strong></span> <span class='ocrx_word' id='word_1_200' title='bbox 1553 2481 1701 2558; x_wconf 79' lang='lat' dir='ltr'><strong>quot</strong></span> <span class='ocrx_word' id='word_1_201' title='bbox 1730 2475 1879 2538; x_wconf 78' lang='lat' dir='ltr'><strong>bona</strong></span> <span class='ocrx_word' id='word_1_202' title='bbox 1906 2491 1977 2538; x_wconf 72' lang='lat' dir='ltr'><strong>ecc</strong></span> <span class='ocrx_word' id='word_1_203' title='bbox 2002 2474 2111 2539; x_wconf 63' lang='lat'><strong>7200</strong></span> <span class='ocrx_word' id='word_1_204' title='bbox 2139 2492 2403 2587; x_wconf 64' lang='lat' dir='ltr'><strong>sequun-</strong></span> 
     </span>
     <span class='ocr_line' id='line_1_25' title="bbox 480 2565 1979 2648; baseline -0.001 -22"><span class='ocrx_word' id='word_1_205' title='bbox 480 2569 605 2642; x_wconf 77' lang='lat' dir='ltr'><strong>tur,</strong></span> <span class='ocrx_word' id='word_1_206' title='bbox 638 2569 695 2627; x_wconf 81' lang='lat' dir='ltr'><strong>ec</strong></span> <span class='ocrx_word' id='word_1_207' title='bbox 715 2581 846 2648; x_wconf 77' lang='lat' dir='ltr'><strong>quae</strong></span> <span class='ocrx_word' id='word_1_208' title='bbox 873 2565 1242 2630; x_wconf 77' lang='lat' dir='ltr'><strong>incommoda</strong></span> <span class='ocrx_word' id='word_1_209' title='bbox 1269 2565 1327 2629; x_wconf 79' lang='lat' dir='ltr'><strong>si</strong></span> <span class='ocrx_word' id='word_1_210' title='bbox 1346 2577 1467 2628; x_wconf 74' lang='lat' dir='ltr'><strong>non</strong></span> <span class='ocrx_word' id='word_1_211' title='bbox 1493 2565 1806 2629; x_wconf 74' lang='lat' dir='ltr'><strong>habeatur.</strong></span> <span class='ocrx_word' id='word_1_212' title='bbox 1972 2579 1979 2584; x_wconf 88' lang='lat'><strong>·</strong></span> 
     </span>
    </p>
   </div>
   <div class='ocr_carea' id='block_1_6' title="bbox 400 2695 2411 3923">
    <p class='ocr_par' dir='ltr' id='par_1_7' title="bbox 400 2695 2411 3923">
     <span class='ocr_line' id='line_1_26' title="bbox 470 2695 2397 2772; baseline 0.002 -18"><span class='ocrx_word' id='word_1_213' title='bbox 470 2696 566 2754; x_wconf 86' lang='lat' dir='ltr'><strong>His</strong></span> <span class='ocrx_word' id='word_1_214' title='bbox 585 2695 750 2768; x_wconf 79' lang='lat' dir='ltr'><strong>igitur</strong></span> <span class='ocrx_word' id='word_1_215' title='bbox 765 2697 1016 2772; x_wconf 82' lang='lat' dir='ltr'><strong>expletis,</strong></span> <span class='ocrx_word' id='word_1_216' title='bbox 1033 2699 1208 2771; x_wconf 83' lang='lat' dir='ltr'><strong>agend</strong></span> <span class='ocrx_word' id='word_1_217' title='bbox 1217 2715 1306 2758; x_wconf 89' lang='lat' dir='ltr'><strong>um</strong></span> <span class='ocrx_word' id='word_1_218' title='bbox 1325 2705 1411 2760; x_wconf 86' lang='lat' dir='ltr'><strong>est</strong></span> <span class='ocrx_word' id='word_1_219' title='bbox 1430 2699 1499 2757; x_wconf 91' lang='lat' dir='ltr'><strong>de</strong></span> <span class='ocrx_word' id='word_1_220' title='bbox 1528 2699 1879 2766; x_wconf 75' lang='lat' dir='ltr'><strong>numismate,</strong></span> <span class='ocrx_word' id='word_1_221' title='bbox 1902 2698 1963 2760; x_wconf 85' lang='lat' dir='ltr'><strong>in</strong></span> <span class='ocrx_word' id='word_1_222' title='bbox 1988 2699 2147 2772; x_wconf 84' lang='lat' dir='ltr'><strong>cujus</strong></span> <span class='ocrx_word' id='word_1_223' title='bbox 2160 2713 2262 2758; x_wconf 87' lang='lat' dir='ltr'><strong>usu</strong></span> <span class='ocrx_word' id='word_1_224' title='bbox 2283 2697 2397 2758; x_wconf 85' lang='lat' dir='ltr'><strong>vita</strong></span> 
     </span>
     <span class='ocr_line' id='line_1_27' title="bbox 400 2783 2406 2862; baseline 0.003 -22"><span class='ocrx_word' id='word_1_225' title='bbox 400 2783 635 2840; x_wconf 87' lang='lat' dir='ltr'><strong>hominis</strong></span> <span class='ocrx_word' id='word_1_226' title='bbox 670 2785 972 2856; x_wconf 78' lang='lat' dir='ltr'><strong>regulatur,</strong></span> <span class='ocrx_word' id='word_1_227' title='bbox 989 2793 1048 2847; x_wconf 84' lang='lat' dir='ltr'><strong>et</strong></span> <span class='ocrx_word' id='word_1_228' title='bbox 1065 2788 1146 2848; x_wconf 86' lang='lat' dir='ltr'><strong>sie</strong></span> <span class='ocrx_word' id='word_1_229' title='bbox 1163 2805 1260 2861; x_wconf 84' lang='lat' dir='ltr'><strong>per</strong></span> <span class='ocrx_word' id='word_1_230' title='bbox 1273 2804 1615 2862; x_wconf 84' lang='lat' dir='ltr'><strong>consequens</strong></span> <span class='ocrx_word' id='word_1_231' title='bbox 1630 2804 1793 2848; x_wconf 89' lang='lat' dir='ltr'><strong>omne</strong></span> <span class='ocrx_word' id='word_1_232' title='bbox 1814 2787 2140 2857; x_wconf 86' lang='lat' dir='ltr'><strong>dominium,</strong></span> <span class='ocrx_word' id='word_1_233' title='bbox 2156 2787 2256 2846; x_wconf 88' lang='lat' dir='ltr'><strong>sed</strong></span> <span class='ocrx_word' id='word_1_234' title='bbox 2271 2804 2406 2860; x_wconf 80' lang='lat' dir='ltr'><strong>prae·</strong></span> 
     </span>
     <span class='ocr_line' id='line_1_28' title="bbox 401 2872 2401 2952; baseline 0.005 -24"><span class='ocrx_word' id='word_1_235' title='bbox 401 2872 559 2944; x_wconf 84' lang='lat' dir='ltr'><strong>cipue</strong></span> <span class='ocrx_word' id='word_1_236' title='bbox 579 2887 804 2944; x_wconf 86' lang='lat' dir='ltr'><strong>regnum</strong></span> <span class='ocrx_word' id='word_1_237' title='bbox 823 2881 1046 2946; x_wconf 88' lang='lat' dir='ltr'><strong>propter</strong></span> <span class='ocrx_word' id='word_1_238' title='bbox 1073 2878 1256 2938; x_wconf 85' lang='lat' dir='ltr'><strong>varios</strong></span> <span class='ocrx_word' id='word_1_239' title='bbox 1274 2884 1574 2952; x_wconf 83' lang='lat' dir='ltr'><strong>proventus</strong></span> <span class='ocrx_word' id='word_1_240' title='bbox 1592 2893 1735 2952; x_wconf 82' lang='lat' dir='ltr'><strong>quos</strong></span> <span class='ocrx_word' id='word_1_241' title='bbox 1752 2895 1821 2936; x_wconf 83' lang='lat' dir='ltr'><strong>ex</strong></span> <span class='ocrx_word' id='word_1_242' title='bbox 1848 2877 2178 2938; x_wconf 78' lang='lat' dir='ltr'><strong>numismate</strong></span> <span class='ocrx_word' id='word_1_243' title='bbox 2215 2879 2401 2952; x_wconf 83' lang='lat' dir='ltr'><strong>peroi-</strong></span> 
     </span>
     <span class='ocr_line' id='line_1_29' title="bbox 402 2958 2403 3037; baseline 0.004 -23"><span class='ocrx_word' id='word_1_244' title='bbox 402 2960 503 3031; x_wconf 85' lang='lat' dir='ltr'><strong>pit.</strong></span> <span class='ocrx_word' id='word_1_245' title='bbox 532 2958 687 3016; x_wconf 86' lang='lat' dir='ltr'><strong>Unde</strong></span> <span class='ocrx_word' id='word_1_246' title='bbox 711 2962 1044 3023; x_wconf 84' lang='lat' dir='ltr'><strong>etDominus</strong></span> <span class='ocrx_word' id='word_1_247' title='bbox 1059 2981 1313 3037; x_wconf 70' lang='lat' dir='ltr'><strong>quast-ens</strong></span> <span class='ocrx_word' id='word_1_248' title='bbox 1327 2983 1360 3024; x_wconf 87' lang='lat' dir='ltr'><strong>a</strong></span> <span class='ocrx_word' id='word_1_249' title='bbox 1378 2966 1669 3026; x_wconf 82' lang='lat' dir='ltr'><strong>Pharisaeis</strong></span> <span class='ocrx_word' id='word_1_250' title='bbox 1695 2966 2039 3026; x_wconf 77' lang='lat' dir='ltr'><strong>simulatorie</strong></span> <span class='ocrx_word' id='word_1_251' title='bbox 2064 2967 2403 3026; x_wconf 83' lang='lat' dir='ltr'><strong>tentantibus</strong></span> 
     </span>
     <span class='ocr_line' id='line_1_30' title="bbox 403 3047 2408 3130; baseline 0.004 -26"><span class='ocrx_word' id='word_1_252' title='bbox 403 3048 580 3120; x_wconf 86' lang='lat' dir='ltr'><strong>ipsum</strong></span> <span class='ocrx_word' id='word_1_253' title='bbox 613 3064 626 3102; x_wconf 74' lang='grc' dir='ltr'><strong>ι</strong></span> <span class='ocrx_word' id='word_1_254' title='bbox 651 3047 821 3119; x_wconf 79' lang='lat' dir='ltr'><strong>Cujus</strong></span> <span class='ocrx_word' id='word_1_255' title='bbox 841 3057 938 3117; x_wconf 69' lang='lat' dir='ltr'><strong>est,</strong></span> <span class='ocrx_word' id='word_1_256' title='bbox 965 3052 1162 3126; x_wconf 87' lang='lat' dir='ltr'><strong>inquit,</strong></span> <span class='ocrx_word' id='word_1_257' title='bbox 1185 3055 1360 3126; x_wconf 68' lang='lat' dir='ltr'><strong>imeae</strong></span> <span class='ocrx_word' id='word_1_258' title='bbox 1377 3055 1486 3110; x_wconf 76' lang='lat' dir='ltr'><strong>hoeo</strong></span> <span class='ocrx_word' id='word_1_259' title='bbox 1510 3063 1559 3112; x_wconf 81' lang='lat' dir='ltr'><strong>et</strong></span> <span class='ocrx_word' id='word_1_260' title='bbox 1588 3055 2011 3127; x_wconf 71' lang='lat' dir='ltr'><strong>suprascriptio?</strong></span> <span class='ocrx_word' id='word_1_261' title='bbox 2028 3071 2262 3130; x_wconf 80' lang='lat' dir='ltr'><strong>eumque</strong></span> <span class='ocrx_word' id='word_1_262' title='bbox 2282 3071 2408 3114; x_wconf 86' lang='lat' dir='ltr'><strong>res-</strong></span> 
     </span>
     <span class='ocr_line' id='line_1_31' title="bbox 403 3134 2406 3213; baseline 0.003 -23"><span class='ocrx_word' id='word_1_263' title='bbox 403 3134 746 3206; x_wconf 84' lang='lat' dir='ltr'><strong>pondissent:</strong></span> <span class='ocrx_word' id='word_1_264' title='bbox 762 3137 1356 3206; x_wconf 77' lang='lat' dir='ltr'><strong>Goesaris,sententism</strong></span> <span class='ocrx_word' id='word_1_265' title='bbox 1371 3142 1585 3212; x_wconf 73' lang='lat' dir='ltr'><strong>quaesiti</strong></span> <span class='ocrx_word' id='word_1_266' title='bbox 1600 3158 1761 3213; x_wconf 87' lang='lat' dir='ltr'><strong>super</strong></span> <span class='ocrx_word' id='word_1_267' title='bbox 1772 3141 1918 3213; x_wconf 78' lang='lat' dir='ltr'><strong>ipsos</strong></span> <span class='ocrx_word' id='word_1_268' title='bbox 1930 3143 2170 3208; x_wconf 77' lang='lat' dir='ltr'><strong>retorsit,</strong></span> <span class='ocrx_word' id='word_1_269' title='bbox 2186 3141 2372 3198; x_wconf 82' lang='lat' dir='ltr'><strong>dicens</strong></span> <span class='ocrx_word' id='word_1_270' title='bbox 2391 3157 2406 3196; x_wconf 70' lang='grc' dir='ltr'><strong>ι</strong></span> 
     </span>
     <span class='ocr_line' id='line_1_32' title="bbox 404 3219 2411 3300; baseline 0.001 -22"><span class='ocrx_word' id='word_1_271' title='bbox 404 3219 626 3280; x_wconf 75' lang='lat' dir='ltr'><strong>Reddite</strong></span> <span class='ocrx_word' id='word_1_272' title='bbox 646 3238 769 3295; x_wconf 67' lang='lat' dir='ltr'><strong>erqo</strong></span> <span class='ocrx_word' id='word_1_273' title='bbox 788 3239 903 3298; x_wconf 75' lang='lat' dir='ltr'><strong>qum</strong></span> <span class='ocrx_word' id='word_1_274' title='bbox 927 3233 1053 3284; x_wconf 76' lang='lat' dir='ltr'><strong>sunt</strong></span> <span class='ocrx_word' id='word_1_275' title='bbox 1077 3227 1309 3288; x_wconf 65' lang='lat' dir='ltr'><strong>caesarie</strong></span> <span class='ocrx_word' id='word_1_276' title='bbox 1333 3227 1564 3294; x_wconf 75' lang='lat' dir='ltr'><strong>Goesari,</strong></span> <span class='ocrx_word' id='word_1_277' title='bbox 1589 3234 1639 3285; x_wconf 82' lang='lat' dir='ltr'><strong>et</strong></span> <span class='ocrx_word' id='word_1_278' title='bbox 1666 3243 1781 3298; x_wconf 74' lang='lat' dir='ltr'><strong>quw</strong></span> <span class='ocrx_word' id='word_1_279' title='bbox 1802 3234 1931 3287; x_wconf 76' lang='lat' dir='ltr'><strong>sunt</strong></span> <span class='ocrx_word' id='word_1_280' title='bbox 1955 3227 2058 3284; x_wconf 80' lang='lat' dir='ltr'><strong>Dei</strong></span> <span class='ocrx_word' id='word_1_281' title='bbox 2087 3227 2217 3290; x_wconf 85' lang='lat' dir='ltr'><strong>Deo,</strong></span> <span class='ocrx_word' id='word_1_282' title='bbox 2248 3226 2411 3300; x_wconf 85' lang='lat' dir='ltr'><strong>quasi</strong></span> 
     </span>
     <span class='ocr_line' id='line_1_33' title="bbox 405 3309 2407 3387; baseline 0.005 -23"><span class='ocrx_word' id='word_1_283' title='bbox 405 3309 584 3380; x_wconf 85' lang='lat' dir='ltr'><strong>ipsum</strong></span> <span class='ocrx_word' id='word_1_284' title='bbox 609 3313 879 3374; x_wconf 81' lang='lat' dir='ltr'><strong>numisma</strong></span> <span class='ocrx_word' id='word_1_285' title='bbox 907 3315 980 3374; x_wconf 87' lang='lat' dir='ltr'><strong>sit</strong></span> <span class='ocrx_word' id='word_1_286' title='bbox 1001 3332 1189 3385; x_wconf 78' lang='lat' dir='ltr'><strong>causa,</strong></span> <span class='ocrx_word' id='word_1_287' title='bbox 1219 3325 1282 3376; x_wconf 91' lang='lat' dir='ltr'><strong>ut</strong></span> <span class='ocrx_word' id='word_1_288' title='bbox 1301 3317 1358 3374; x_wconf 87' lang='lat' dir='ltr'><strong>in</strong></span> <span class='ocrx_word' id='word_1_289' title='bbox 1373 3315 1621 3387; x_wconf 82' lang='lat' dir='ltr'><strong>pluribus</strong></span> <span class='ocrx_word' id='word_1_290' title='bbox 1641 3314 1847 3380; x_wconf 81' lang='lat' dir='ltr'><strong>tributa</strong></span> <span class='ocrx_word' id='word_1_291' title='bbox 1872 3314 2142 3374; x_wconf 86' lang='lat' dir='ltr'><strong>solvendi.</strong></span> <span class='ocrx_word' id='word_1_292' title='bbox 2174 3314 2255 3370; x_wconf 93' lang='lat' dir='ltr'><strong>De</strong></span> <span class='ocrx_word' id='word_1_293' title='bbox 2281 3329 2407 3374; x_wconf 83' lang='lat' dir='ltr'><strong>ma·-</strong></span> 
     </span>
     <span class='ocr_line' id='line_1_34' title="bbox 406 3397 2406 3478; baseline 0.003 -24"><span class='ocrx_word' id='word_1_294' title='bbox 406 3397 543 3454; x_wconf 90' lang='lat' dir='ltr'><strong>teria</strong></span> <span class='ocrx_word' id='word_1_295' title='bbox 564 3406 748 3455; x_wconf 87' lang='lat' dir='ltr'><strong>autem</strong></span> <span class='ocrx_word' id='word_1_296' title='bbox 773 3404 1134 3474; x_wconf 76' lang='lat' dir='ltr'><strong>numismatiS,</strong></span> <span class='ocrx_word' id='word_1_297' title='bbox 1168 3412 1225 3462; x_wconf 90' lang='lat' dir='ltr'><strong>et</strong></span> <span class='ocrx_word' id='word_1_298' title='bbox 1266 3403 1503 3478; x_wconf 85' lang='lat' dir='ltr'><strong>qualiter</strong></span> <span class='ocrx_word' id='word_1_299' title='bbox 1542 3405 1615 3460; x_wconf 88' lang='lat' dir='ltr'><strong>sit</strong></span> <span class='ocrx_word' id='word_1_300' title='bbox 1651 3405 1767 3475; x_wconf 85' lang='lat' dir='ltr'><strong>regi</strong></span> <span class='ocrx_word' id='word_1_301' title='bbox 1805 3403 2176 3462; x_wconf 82' lang='lat' dir='ltr'><strong>necessarium</strong></span> <span class='ocrx_word' id='word_1_302' title='bbox 2201 3401 2406 3462; x_wconf 88' lang='lat' dir='ltr'><strong>talibus</strong></span> 
     </span>
     <span class='ocr_line' id='line_1_35' title="bbox 405 3485 2407 3568; baseline 0 -22"><span class='ocrx_word' id='word_1_303' title='bbox 405 3485 702 3558; x_wconf 81' lang='lat' dir='ltr'><strong>abundare,</strong></span> <span class='ocrx_word' id='word_1_304' title='bbox 717 3505 882 3564; x_wconf 88' lang='lat' dir='ltr'><strong>supra</strong></span> <span class='ocrx_word' id='word_1_305' title='bbox 895 3493 1032 3552; x_wconf 79' lang='lat' dir='ltr'><strong>setis</strong></span> <span class='ocrx_word' id='word_1_306' title='bbox 1045 3502 1128 3553; x_wconf 85' lang='lat' dir='ltr'><strong>est</strong></span> <span class='ocrx_word' id='word_1_307' title='bbox 1144 3499 1563 3568; x_wconf 78' lang='lat' dir='ltr'><strong>pertractatum.</strong></span> <span class='ocrx_word' id='word_1_308' title='bbox 1573 3491 1681 3552; x_wconf 89' lang='lat' dir='ltr'><strong>Sed</strong></span> <span class='ocrx_word' id='word_1_309' title='bbox 1696 3507 1841 3552; x_wconf 88' lang='lat' dir='ltr'><strong>nune</strong></span> <span class='ocrx_word' id='word_1_310' title='bbox 1854 3491 2034 3566; x_wconf 87' lang='lat' dir='ltr'><strong>ipsum</strong></span> <span class='ocrx_word' id='word_1_311' title='bbox 2049 3489 2407 3565; x_wconf 81' lang='lat' dir='ltr'><strong>accipiamus,</strong></span> 
     </span>
     <span class='ocr_line' id='line_1_36' title="bbox 405 3579 2410 3656; baseline 0.003 -25"><span class='ocrx_word' id='word_1_312' title='bbox 405 3581 566 3648; x_wconf 85' lang='lat' dir='ltr'><strong>prout</strong></span> <span class='ocrx_word' id='word_1_313' title='bbox 591 3582 675 3636; x_wconf 86' lang='lat' dir='ltr'><strong>est</strong></span> <span class='ocrx_word' id='word_1_314' title='bbox 697 3593 950 3642; x_wconf 85' lang='lat' dir='ltr'><strong>mensura</strong></span> <span class='ocrx_word' id='word_1_315' title='bbox 967 3583 1240 3656; x_wconf 78' lang='lat' dir='ltr'><strong>quaeclam,</strong></span> <span class='ocrx_word' id='word_1_316' title='bbox 1261 3598 1357 3654; x_wconf 84' lang='lat' dir='ltr'><strong>per</strong></span> <span class='ocrx_word' id='word_1_317' title='bbox 1375 3597 1541 3654; x_wconf 83' lang='lat' dir='ltr'><strong>quam</strong></span> <span class='ocrx_word' id='word_1_318' title='bbox 1556 3581 2059 3654; x_wconf 76' lang='lat' dir='ltr'><strong>superabundantia</strong></span> <span class='ocrx_word' id='word_1_319' title='bbox 2083 3587 2137 3638; x_wconf 86' lang='lat' dir='ltr'><strong>et</strong></span> <span class='ocrx_word' id='word_1_320' title='bbox 2160 3579 2410 3638; x_wconf 77' lang='lat' dir='ltr'><strong>delectus</strong></span> 
     </span>
     <span class='ocr_line' id='line_1_37' title="bbox 404 3665 2409 3741; baseline 0.004 -21"><span class='ocrx_word' id='word_1_321' title='bbox 404 3665 740 3728; x_wconf 84' lang='lat' dir='ltr'><strong>reducuntur</strong></span> <span class='ocrx_word' id='word_1_322' title='bbox 763 3669 834 3726; x_wconf 89' lang='lat' dir='ltr'><strong>ad</strong></span> <span class='ocrx_word' id='word_1_323' title='bbox 863 3671 1124 3740; x_wconf 84' lang='lat' dir='ltr'><strong>medium,</strong></span> <span class='ocrx_word' id='word_1_324' title='bbox 1153 3679 1214 3730; x_wconf 82' lang='lat' dir='ltr'><strong>ut</strong></span> <span class='ocrx_word' id='word_1_325' title='bbox 1247 3669 1603 3741; x_wconf 81' lang='lat' dir='ltr'><strong>Philosophus</strong></span> <span class='ocrx_word' id='word_1_326' title='bbox 1628 3669 1687 3729; x_wconf 87' lang='lat' dir='ltr'><strong>in</strong></span> <span class='ocrx_word' id='word_1_327' title='bbox 1723 3670 1767 3727; x_wconf 85' lang='lat' dir='ltr'><strong>V</strong></span> <span class='ocrx_word' id='word_1_328' title='bbox 1792 3668 1975 3726; x_wconf 73' lang='lat' dir='ltr'><strong>Ethio-</strong></span> <span class='ocrx_word' id='word_1_329' title='bbox 2006 3669 2161 3729; x_wconf 83' lang='lat' dir='ltr'><strong>dicit.</strong></span> <span class='ocrx_word' id='word_1_330' title='bbox 2194 3669 2279 3728; x_wconf 75' lang='lat' dir='ltr'><strong>Ad</strong></span> <span class='ocrx_word' id='word_1_331' title='bbox 2304 3669 2409 3730; x_wconf 80' lang='lat' dir='ltr'><strong>hoo</strong></span> 
     </span>
     <span class='ocr_line' id='line_1_38' title="bbox 401 3751 2409 3826; baseline 0.003 -18"><span class='ocrx_word' id='word_1_332' title='bbox 401 3751 550 3810; x_wconf 86' lang='lat' dir='ltr'><strong>enim</strong></span> <span class='ocrx_word' id='word_1_333' title='bbox 576 3753 858 3819; x_wconf 85' lang='lat' dir='ltr'><strong>inventum</strong></span> <span class='ocrx_word' id='word_1_334' title='bbox 883 3765 965 3818; x_wconf 83' lang='lat' dir='ltr'><strong>est</strong></span> <span class='ocrx_word' id='word_1_335' title='bbox 982 3760 1286 3826; x_wconf 67' lang='lat' dir='ltr'><strong>numisma,</strong></span> <span class='ocrx_word' id='word_1_336' title='bbox 1315 3764 1378 3816; x_wconf 87' lang='lat' dir='ltr'><strong>ut</strong></span> <span class='ocrx_word' id='word_1_337' title='bbox 1413 3756 1693 3817; x_wconf 85' lang='lat' dir='ltr'><strong>solvantur</strong></span> <span class='ocrx_word' id='word_1_338' title='bbox 1722 3756 1847 3816; x_wconf 85' lang='lat' dir='ltr'><strong>lites</strong></span> <span class='ocrx_word' id='word_1_339' title='bbox 1878 3757 1932 3814; x_wconf 84' lang='lat' dir='ltr'><strong>in</strong></span> <span class='ocrx_word' id='word_1_340' title='bbox 1962 3757 2324 3826; x_wconf 77' lang='lat' dir='ltr'><strong>commerciis,</strong></span> <span class='ocrx_word' id='word_1_341' title='bbox 2350 3762 2409 3818; x_wconf 88' lang='lat' dir='ltr'><strong>et</strong></span> 
     </span>
     <span class='ocr_line' id='line_1_39' title="bbox 407 3838 2275 3923; baseline 0.009 -29"><span class='ocrx_word' id='word_1_342' title='bbox 407 3838 480 3896; x_wconf 86' lang='lat' dir='ltr'><strong>sit</strong></span> <span class='ocrx_word' id='word_1_343' title='bbox 511 3857 764 3905; x_wconf 86' lang='lat' dir='ltr'><strong>mensura</strong></span> <span class='ocrx_word' id='word_1_344' title='bbox 788 3847 844 3906; x_wconf 89' lang='lat' dir='ltr'><strong>in</strong></span> <span class='ocrx_word' id='word_1_345' title='bbox 873 3846 1411 3909; x_wconf 77' lang='lat' dir='ltr'><strong>commutationibus⁸</strong></span> <span class='ocrx_word' id='word_1_346' title='bbox 1444 3845 1513 3904; x_wconf 86' lang='lat' dir='ltr'><strong>Et</strong></span> <span class='ocrx_word' id='word_1_347' title='bbox 1540 3845 1666 3906; x_wconf 81' lang='lat' dir='ltr'><strong>lieet</strong></span> <span class='ocrx_word' id='word_1_348' title='bbox 1698 3845 1871 3906; x_wconf 87' lang='lat' dir='ltr'><strong>multa</strong></span> <span class='ocrx_word' id='word_1_349' title='bbox 1893 3845 2005 3912; x_wconf 84' lang='lat' dir='ltr'><strong>sint</strong></span> <span class='ocrx_word' id='word_1_350' title='bbox 2026 3863 2229 3923; x_wconf 78' lang='lat' dir='ltr'><strong>genera</strong></span> <span class='ocrx_word' id='word_1_351' title='bbox 2248 3863 2275 3888; x_wconf 78' lang='lat'><strong>¹·</strong></span> 
     </span>
    </p>
   </div>
  </div>
 </body>
</html>
