2784 4392
553 260 632 321 48
1031 276 1082 318 s.
1129 274 1361 318 ‘rnoiuAE
1402 272 1729 323 Acamans
1770 272 2083 317 croscum

553 408 752 465 nymus
782 392 1000 466 exponit
1032 407 1046 447 :
1081 389 1282 461 «Quid
1312 406 1401 447 me
1428 394 1651 463 propter
1678 388 1901 446 divitias
1926 396 1983 446 et
2011 390 2199 447 saeculi
2226 390 2377 449 lucra
2408 391 2567 465 cupis

552 482 726 555 sequi,
775 495 900 540 cum
943 488 1112 537 tantae
1152 480 1256 535 sim
1302 480 1661 552 paupertatiS‚
1704 487 1767 534 ut
1809 473 2302 552 nec'hospitiolnm
2341 481 2567 555 quidem

551 568 784 627 habeam
808 576 863 627 et
891 576 1036 626 tecto
1063 575 1186 625 utar
1211 583 1318 625 non
1345 584 1488 624 meo.
1520 587 1547 621 »
1573 569 1641 624 Et
1668 566 2090 641 chrysostomus
2114 569 2260 625 idem
2287 586 2563 643 exponens

551 656 686 715 dicit
731 678 744 713 ε
781 678 807 711 α
849 659 1045 732 Aspice
1081 657 1321 732 qualiter
1363 663 1744 729 paupertatem
1774 672 1941 729 quam
1970 658 2234 714 Dominus
2274 659 2558 726 docuerat,

550 764 648 819 per
689 762 849 821 opera
893 746 1308 804 demonstravit.
1339 748 1460 802 Non
1500 751 1621 802 erat
1664 746 1713 801 ei
1760 761 1966 815 mensa,
2015 762 2120 801 non
2151 748 2557 813 candelabrum,

551 852 654 891 non
700 837 912 903 domuS‚
951 853 1051 892 nec
1080 837 1386 923 quicquam
1406 835 1551 889 aliud
1592 833 1866 889 talium.»
1902 835 2033 891 Haec
2058 844 2240 892 autem
2268 846 2560 909 paupertas

551 926 619 979 ad
648 926 1036 997 perfectionem
1068 924 1321 997 pertinet,
1356 939 1522 995 quarn
1554 923 1816 979 Dominus
1838 930 1894 977 et
1932 922 2100 979 verbo
2134 924 2340 991 docuit,
2371 934 2427 982 et
2470 943 2560 998 per

551 1027 717 1085 opera
759 1014 1173 1069 demonstravit.
1218 1010 1459 1067 Pertinet
1494 1012 1662 1082 igitur
1710 1012 1777 1066 ad
1814 1011 2204 1083 perfectionem
2248 1013 2561 1071 christianae

551 1100 681 1157 vitae
711 1104 942 1156 terrenis
965 1098 1397 1172 possessionibus
1425 1099 1646 1153 omnino
1674 1114 1883 1154 carere.

622 1190 830 1244 Rursus
866 1187 1092 1243 ulterius
1117 1187 1494 1259 procedentes,
1521 1187 1829 1241 invenimus
1864 1188 2236 1244 testimonium
2260 1200 2556 1262 pauperta-

553 1276 622 1331 tis
660 1275 857 1331 Christi
896 1292 964 1331 ex
999 1275 1122 1343 hoc,
1167 1274 1316 1346 quod
1358 1290 1482 1329 cum
1518 1274 1587 1330 ab
1616 1290 1681 1329 eo
1714 1273 1978 1331 tributum
2011 1277 2385 1348 requireretur
2425 1280 2555 1334 dixit

553 1366 713 1419 Petro
749 1364 957 1436 (Matth.
997 1380 1142 1430 xvn,
1174 1364 1258 1434 26)
1293 1382 1304 1418 :
1339 1362 1481 1422 Vade
1518 1362 1589 1418 acl
1626 1380 1797 1429 mare,
1827 1370 1876 1420 et
1913 1364 2065 1421 mitte
2093 1366 2327 1431 hamum,
2369 1374 2419 1423 et
2442 1384 2557 1422 eum

548 1452 740 1525 piscem
764 1454 855 1525 qui
873 1453 1052 1525 primo
1094 1451 1386 1507 ascenderit
1418 1451 1581 1517 tolles,
1625 1458 1678 1507 et
1716 1458 1900 1523 aperto
1928 1468 2019 1507 ore
2046 1454 2158 1523 ejus
2186 1453 2421 1508 invenies
2444 1462 2557 1511 sta·
2602 1505 2607 1509 .

551 1548 734 1607 terem,
760 1543 913 1599 illum
940 1558 1144 1597 sumens
1173 1541 1242 1597 da
1269 1540 1345 1596 eis
1365 1556 1469 1612 pro
1501 1556 1580 1595 me
1608 1546 1658 1595 et
1688 1546 1756 1595 te.
1787 1542 1846 1595 In
1876 1542 2033 1612 cujus
2061 1543 2397 1613 expositione
2426 1544 2557 1598 Hie-

549 1644 812 1704 ronymus
839 1629 974 1687 dicit
1017 1648 1030 1689 :
1065 1651 1090 1683 «
1126 1631 1239 1686 Hoc
1267 1630 1434 1685 etiam
1465 1628 1787 1701 simpliciter
1814 1628 2149 1683 intellectum
2188 1630 2427 1685 aedificat
2458 1646 2557 1686 au-

554 1719 803 1786 ditorem,
833 1720 962 1773 dum
992 1718 1146 1775 audit
1189 1718 1481 1773 Dominum
1514 1724 1681 1776 tantae
1719 1716 1885 1772 fuisse
1923 1719 2279 1789 paupertatis,
2326 1726 2389 1773 ut
2416 1720 2563 1775 unde·

551 1806 759 1862 tribnat
791 1823 888 1879 pro
918 1822 976 1862 se
1004 1814 1061 1862 et
1101 1806 1360 1877 Apostolo
1409 1806 1681 1871 redderet,
1728 1820 1835 1861 non
1866 1805 2135 1861 habuerit.
2169 1806 2321 1876 Quod
2353 1810 2397 1863 si
2439 1810 2560 1881 quis

553 1896 789 1966 objicere
819 1894 1074 1961 voluerit,
1107 1894 1378 1965 quomodo
1418 1893 1587 1948 Judas
1638 1893 1693 1947 in
1729 1893 1917 1950 loculis
1947 1894 2201 1967 portabat
2232 1896 2561 1967 pecuniam?

551 1981 1020 2055 Respondebimus
1049 1996 1162 2037 rem
1194 1996 1493 2054 pauperum
1523 1978 1576 2035 in
1611 1996 1739 2037 usus
1768 1997 1895 2037 suos
1924 1990 2242 2039 convertere
2268 1984 2425 2039 nefas
2456 2001 2561 2057 pu·-

553 2072 711 2138 tavit,
750 2070 1013 2142 nobisque
1044 2070 1186 2125 idem
1218 2070 1410 2135 tribuit
1434 2070 1760 2141 exemplum.
1797 2089 1822 2122 »
1868 2070 2213 2126 Manifestum
2250 2077 2335 2127 est
2375 2080 2558 2127 autem

553 2174 654 2215 nec
677 2158 838 2215 alicui
865 2158 1172 2215 Christiano
1202 2156 1363 2213 debet
1389 2157 1576 2212 venire
1603 2158 1657 2211 in
1688 2156 1930 2225 dubium,
1958 2159 2103 2231 quod
2134 2159 2382 2215 Christus
2412 2173 2563 2215 sum-

555 2264 699 2304 mam
725 2247 1110 2319 perfectionem
1137 2248 1191 2301 in
1218 2262 1316 2302 sua
1341 2246 1754 2312 conversatione
1779 2247 2016 2302 servavit
2038 2265 2052 2316 3
2075 2246 2217 2302 unde
2243 2254 2299 2303 et
2322 2264 2563 2321 pauper-

554 2337 686 2393 tatis
711 2336 1098 2408 perfectionem
1129 2334 1377 2401 docebat,
1410 2334 1603 2390 Matth.
1632 2350 1759 2403 mx,
1804 2336 1864 2392 2⁴
1912 2352 1923 2389 z
1951 2335 2006 2390 Si
2035 2335 2117 2389 vis
2140 2334 2410 2407 perfectus
2433 2353 2563 2403 esse,

553 2426 681 2480 vade
723 2432 774 2481 et
812 2424 972 2480 vende
995 2426 1175 2479 omnia
1198 2439 1329 2497 quse
1356 2422 1510 2478 habes
1538 2429 1589 2479 et
1611 2422 1680 2477 da
1715 2422 2065 2495 pauperibus,
2097 2430 2147 2477 et
2174 2424 2313 2488 veni,
2349 2441 2565 2495 sequere

553 2528 651 2579 me,
679 2514 731 2569 in
755 2530 862 2587 quo
883 2520 966 2569 est
989 2513 1336 2585 perfectionis
1360 2526 1592 2575 summa,
1615 2519 1675 2566 ut
1697 2512 2057 2584 Hieronymus
2076 2511 2209 2567 dicit
2237 2529 2249 2565 ε
2273 2512 2371 2567 Est
2396 2512 2565 2583 igitur

550 2617 765 2658 summa
799 2603 1138 2674 paupertatis
1167 2600 1449 2672 perfectio,
1482 2608 1543 2655 ut
1576 2600 1643 2658 ad
1678 2599 1992 2672 exemplum·
2013 2599 2214 2655 Christi
2244 2599 2413 2672 aliqui
2457 2601 2567 2656 ho-

553 2691 726 2745 mines
752 2689 1181 2761 possessionibus
1209 2696 1451 2757 careant,
1484 2695 1538 2743 et
1566 2689 1611 2744 si
1643 2688 1824 2762 aliqua
1854 2695 2131 2746 reservent
2162 2689 2229 2745 ad
2262 2705 2564 2762 pauperum

550 2776 730 2844 usum,
764 2777 1066 2849 praesertim
1097 2793 1328 2849 quorum
1358 2777 1438 2832 eis
1470 2782 1603 2833 cura
1628 2777 1895 2833 incumbit
1924 2793 1937 2832 τ
1964 2778 2044 2833 sic
2072 2776 2335 2833 Dominus
2360 2778 2565 2849 praeci-

552 2883 657 2938 pue
682 2881 811 2921 suos
837 2866 970 2921 disci
979 2864 1129 2937 pulos
1161 2874 1379 2937 propter
1403 2865 1581 2938 ipsum
1613 2880 1877 2938 pauperes
1902 2866 2140 2933 effectOS,
2164 2865 2305 2921 etde
2328 2864 2413 2921 his
2436 2882 2566 2939 quae

553 2952 655 3007 sibi
682 2952 954 3008 dabantur
979 2968 1260 3010 reservans
1289 2953 1655 3009 sustentabat.

619 3042 768 3098 Inter
805 3048 1005 3119 caetera
1035 3056 1163 3097 vero
1193 3056 1316 3113 quae
1346 3041 1595 3097 Christus
1637 3041 1691 3095 in
1728 3039 1941 3096 mortali
1969 3042 2083 3097 vita
2110 3039 2195 3097 vel
2234 3056 2428 3114 passus
2454 3046 2560 3109 est,

547 3128 827 3203 praecipue
867 3130 1191 3187 Christianis
1243 3130 1567 3184 imitandum
1624 3130 1944 3201 proponitur
1996 3131 2323 3187 venerandae
2382 3131 2565 3185 crucis

551 3221 859 3292 exemplum
891 3237 903 3275 ε
934 3220 1076 3275 unde
1101 3226 1155 3275 et
1184 3220 1299 3292 ipse
1325 3219 1587 3273 Dominus
1610 3218 1826 3273 dicebat
1852 3219 2045 3282 Matth.
2077 3233 2199 3283 xw,
2229 3220 2296 3275 24
2321 3234 2333 3272 ε
2362 3217 2419 3273 Si
2444 3217 2566 3290 quis

547 3306 666 3363 vult
693 3314 808 3377 post
841 3323 921 3362 me
953 3307 1157 3373 venire,
1188 3306 1404 3379 abneyet
1430 3306 1780 3379 semetipsum,
1810 3314 1859 3361 et
1887 3306 2037 3363 tollat
2065 3322 2269 3361 crucem
2310 3322 2482 3371 suam,
2512 3311 2565 3361 et

548 3404 805 3468 sequatur
841 3413 937 3452 me.
977 3397 1130 3453 Unde
1171 3403 1226 3451 et
1257 3396 1549 3468 Apostolus
1591 3396 1746 3469 quasi
1779 3396 1936 3450 simul
1968 3412 2090 3450 cum
2130 3394 2343 3451 Christo
2376 3395 2569 3450 cruci-

550 3484 712 3552 fixus,
741 3494 798 3541 et
823 3485 877 3539 in
900 3485 1016 3541 sola
1043 3483 1240 3540 Christi
1269 3499 1431 3540 cruce
1456 3483 1683 3555 gloriam
1705 3482 1909 3539 habeus
1933 3483 2169 3549 dicebat,
2196 3484 2321 3541 Gal.
2348 3500 2428 3550 vr,
2456 3485 2563 3543 ⁴7:

550 3572 663 3644 Ego
693 3574 946 3645 stipulata
974 3570 1190 3629 Domini
1217 3586 1276 3628 m
1306 3588 1525 3645 corpore
1551 3588 1662 3627 meo
1681 3580 1860 3645 porte,
1892 3573 2196 3644 exemplum
2227 3572 2407 3627 crucis
2430 3571 2571 3628 dili-

549 3669 738 3730 genter
767 3666 1009 3717 secutus.
1042 3662 1190 3717 lnter
1223 3660 1332 3717 alia
1362 3676 1491 3717 vero
1525 3660 1705 3717 crucis
1738 3661 2225 3733 insignia'apparet
2250 3659 2570 3719 omnimoda

549 3758 862 3821 paupertaS,
893 3751 946 3805 in
975 3764 1080 3823 qua
1109 3748 1470 3807 exterioribus
1498 3749 1661 3806 rebus
1688 3751 1933 3822 privatus
1960 3758 2042 3803 est
2070 3764 2241 3821 usque
2270 3747 2337 3803 ad
2364 3764 2574 3821 corpo-

547 3834 996 3909 rismudstatem,
1035 3837 1176 3896 unde
1205 3854 1273 3897 ex
1304 3851 1534 3915 persona
1570 3838 1689 3913 ejus
1718 3837 1773 3893 in
1813 3836 2010 3895 Psalm.
2038 3850 2165 3907 xxr,
2197 3836 2286 3907 ¹¹9,
2312 3835 2520 3919 dicItur
2548 3855 2569 3900 a
