2784 4392
811 236 916 281 xv.
949 253 1030 269 -
1055 238 1134 281 nn
1174 236 1481 284 amomum
1524 237 1863 286 rumonim
2220 220 2338 281 379

324 352 732 409 constituerunt
755 352 974 425 politiae
993 358 1244 424 respectu
1265 352 1693 417 communitatiS,
1718 358 1777 409 ut
1798 352 2153 430 Philosophus
2172 352 2335 409 refert

325 442 384 497 in
412 456 510 496 sua
551 440 801 506 Politice,
833 440 922 497 ubi
960 441 1136 513 primo
1170 443 1356 497 n'arrat
1385 442 1692 514 opinionem
1716 441 1959 497 Socratis
1987 448 2043 497 et
2072 441 2333 507 PlatoniS,

327 531 384 585 in
411 530 458 584 11
486 529 673 595 Polit„
699 530 843 601 quod
870 530 1319 585 communitatem
1345 538 1611 601 ponerent
1634 531 1689 585 in
1720 545 1819 586 sua
1850 528 2039 599 politia
2070 537 2335 601 quantum

325 616 395 672 ad
421 617 624 683 omnia,
653 626 712 672 nt
736 616 992 672 videlicet
1021 618 1202 671 omnia
1228 626 1411 672 essent
1434 616 1764 683 communia,
1790 624 1904 673 tam
1932 604 2141 671 di'vitiae
2170 631 2335 688 quam

328 721 524 761 uxores
551 713 607 761 et
634 706 752 772 filii,
787 707 918 761 moti
950 706 1170 777 quidem
1201 722 1266 761 ex
1295 705 1437 761 bono
1469 706 1682 761 unionis
1712 706 1770 762 in.
1795 706 2208 770 communitate,
2240 720 2337 774 per

325 810 490 866 quam
514 794 820 865 respublica
851 794 1264 849 commendatur
1291 800 1347 849 et
1375 794 1595 851 crescit.

395 883 643 954 Amplius
665 889 852 939 autem
877 897 1004 936 cnm
1030 882 1232 937 bonum
1261 882 1332 937 sit
1371 882 1687 949 diffusivnm
1712 888 1768 938 et
1796 882 1880 939 sui
1910 880 2333 940 communicati-

327 986 472 1035 vum,
507 976 712 1042 quanto
751 985 840 1025 res
876 971 1216 1025 communior
1262 977 1366 1035 est,
1414 976 1567 1026 tanto
1604 970 1725 1039 plus
1753 970 1822 1027 de
1850 970 2095 1028 bonitate
2132 972 2331 1029 habere

324 1060 561 1113 videtur.
594 1060 736 1129 Ergo
763 1058 944 1115 omnia
979 1058 1384 1115 communicare
1413 1058 1535 1131 plus
1567 1058 1829 1130 habetde
1864 1063 2075 1117 ratione
2110 1060 2332 1117 virtutis

265 1164 269 1169 ·
317 1154 378 1203 et
402 1147 682 1204 honitatis·
837 1222 840 1225 ι

395 1238 683 1295 Praeterea,
728 1249 880 1291 amor
905 1242 990 1291 est
1018 1235 1193 1291 virtus
1216 1234 1447 1303 unitiva,
1481 1241 1542 1291 nt
1572 1236 1866 1308 Dionysius
1893 1236 2085 1293 tradit.
2116 1236 2217 1293 Ubi
2248 1244 2331 1293 est

323 1340 450 1395 ergo
481 1324 694 1379 unionis
721 1326 894 1395 major
927 1324 1088 1389 ratio,
1121 1324 1194 1378 ibi
1225 1323 1348 1395 plus
1372 1323 1577 1395 vigebit
1606 1325 1782 1382 virtus
1811 1326 2031 1390 amoris,
2064 1325 2157 1397 qui
2190 1325 2331 1380 civi-

322 1420 494 1470 tatem
530 1412 817 1469 constituit
852 1420 910 1467 et
933 1419 1240 1484 conservat,
1283 1419 1342 1466 ut
1367 1413 1705 1483 Augustinus
1744 1413 1879 1468 dicit
1909 1422 1963 1467 et
2000 1414 2206 1469 dictum
2246 1420 2330 1470 est

317 1518 508 1573 supra.
546 1501 688 1570 Ergo
717 1500 900 1555 omnia
943 1500 1142 1554 habere
1171 1501 1501 1565 communia,
1538 1506 1651 1555 tam
1691 1500 1914 1555 divitias
1942 1516 2106 1571 quam
2133 1516 2329 1559 uxores

321 1596 376 1644 et
399 1589 558 1655 filios,
588 1588 752 1643 habet
781 1588 1048 1643 rationem
1073 1589 1296 1657 majoris
1321 1588 1603 1642 bonitatiS.

390 1678 488 1733 11ae
514 1684 698 1732 autem
725 1676 966 1753 rationes
991 1680 1120 1730 sunt
1149 1680 1204 1729 et
1228 1674 1417 1731 multae
1446 1675 1569 1731 aliae
1602 1690 1741 1747 quas
1770 1674 2125 1745 Philosophus
2162 1676 2327 1731 refert

315 1768 470 1837 juxta
499 1764 810 1837 opinionem
845 1763 1084 1820 Socratis
1113 1768 1169 1817 et
1198 1763 1457 1829 Platonis,
1500 1762 1629 1820 licet
1658 1778 1763 1820 non
1794 1779 1889 1835 per
1916 1761 2107 1819 eadem
2137 1762 2325 1825 verba,

319 1851 415 1907 sed
463 1866 493 1906 a
537 1850 808 1905 sententia
847 1865 954 1904 non
996 1848 1296 1905 discordat.
1333 1849 1399 1905 Et
1448 1850 1493 1905 si
1534 1850 1869 1906 attendimus
1896 1850 1965 1905 ad
2004 1849 2329 1921 qualitatem

315 1939 588 1994 dictorum
624 1936 1084 2009 Philosophorum,
1118 1938 1246 2009 quia
1275 1936 1493 1993 suerunt
1533 1935 1780 1993 homines
1818 1936 2116 1992 virtutibus
2153 1936 2326 1991 dediti

318 2043 480 2097 super
512 2042 700 2104 omnes
737 2025 1108 2096 Philosophos,
1145 2041 1210 2100 eo
1239 2025 1386 2097 quod
1416 2024 1563 2082 solas
1600 2025 1832 2081 virtutes
1859 2024 2061 2081 bonum
2091 2023 2326 2081 hominis
2354 2032 2360 2036 '

317 2116 614 2187 ponebant,
637 2130 743 2170 non
764 2114 981 2169 videtur
995 2114 1274 2179 credibile,
1299 2114 1465 2169 talem
1488 2116 1935 2171 communitatem
1964 2130 2059 2169 eos
2081 2113 2326 2184 posuisse

319 2219 384 2258 eo
417 2203 579 2258 modo
618 2218 727 2273 quo
766 2200 1091 2257 Aristoteles
1118 2202 1334 2257 videtur
1370 2202 1450 2257 eis
1478 2202 1757 2275 imponere
1785 2202 1839 2257 in
1866 2202 2130 2273 praedicto
2164 2194 2322 2267 libro,

313 2290 448 2363 quia
477 2290 582 2346 hoc
611 2289 826 2345 videtur
855 2289 1025 2361 magis
1051 2288 1278 2345 bestiale
1306 2305 1471 2359 quam
1502 2290 1817 2356 humanum,
1854 2289 2085 2346 seminas
2114 2290 2324 2346 scilicet

317 2395 438 2434 esse
480 2393 797 2434 communes
839 2383 1106 2449 quantum
1147 2378 1213 2433 ad
1247 2376 1563 2433 mixtionem
1605 2380 1787 2434 carnis
1837 2396 1849 2430 ε
1891 2379 2036 2434 unde
2080 2388 2136 2435 et
2164 2394 2323 2435 sacra

318 2468 599 2539 Scriptura
644 2484 691 2520 m
704 2477 872 2519 :mtrem
917 2472 1136 2536 separat
1181 2480 1212 2519 a
1261 2465 1403 2530 filiis,
1446 2473 1501 2522 et
1532 2465 1699 2522 filiam
1740 2483 1769 2522 a
1819 2472 1992 2539 patre,
2038 2474 2093 2521 et
2146 2468 2323 2522 virum

319 2558 474 2613 uxori
501 2557 798 2627 conjungit,
826 2552 1090 2628 aceolum
1113 2569 1236 2609 cum
1262 2553 1378 2609 sola
1403 2552 1691 2626 distinguit
1720 2554 1773 2609 in
1794 2554 2048 2625 conjugio
2071 2556 2125 2609 in
2150 2555 2323 2627 primo

320 2642 552 2699 hominis
577 2650 873 2713 praecepto.
918 2642 1143 2713 Propter
1172 2641 1317 2712 quod
1348 2644 1401 2694 in
1441 2640 1639 2697 Genesi
1672 2656 1735 2710 n,
1774 2642 1859 2704 24,
1894 2641 2094 2697 dicitur
2128 2660 2139 2695 :
2176 2641 2324 2706 Qua·

320 2730 545 2786 mobrem
572 2731 830 2801 rrlinquet
855 2730 1002 2785 homo
1025 2736 1238 2801 patrem
1263 2736 1314 2785 et
1337 2735 1661 2795 matremfflt
1688 2729 1983 2786 adhoerebit
2005 2730 2167 2785 uxori
2190 2746 2319 2795 suoe,

316 2825 370 2874 et
393 2825 554 2873 erunt
579 2818 678 2871 cluo
710 2820 764 2871 in
796 2833 956 2873 carne
982 2834 1113 2873 uita.
1144 2820 1262 2874 Non
1293 2825 1477 2875 autem
1498 2818 1633 2875 dicit
1659 2818 1869 2891 plures;
1896 2818 1991 2873 sed
2022 2825 2078 2874 et
2103 2820 2170 2874 de
2198 2818 2325 2874 filiis

320 2914 403 2962 est
433 2904 786 2977 impossibile,
818 2905 948 2978 quia
973 2906 1026 2960 in
1056 2915 1183 2962 actu
1213 2906 1582 2977 generationis
1603 2907 1711 2963 duo
1740 2908 1949 2964 semina
1980 2924 2083 2962 non
2118 2922 2323 2963 conve-

320 2994 494 3059 niunt,
530 2993 636 3049 'sed
682 3007 847 3047 unum
877 2992 1052 3048 solum
1093 3009 1160 3047 ex
1202 3001 1355 3063 perte
1400 2998 1519 3049 viri.
1554 2996 1779 3065 Propter
1822 2996 1967 3067 quod
2008 2996 2125 3067 ipsa
2154 2996 2321 3051 etiam

321 3081 576 3139 animalia
604 3096 733 3137 suos
761 3087 918 3136 natos
943 3090 1295 3151 cognoscunt,
1329 3090 1535 3152 quanto
1566 3090 1807 3152 tempore
1842 3090 1925 3135 est
1954 3084 2322 3160 necessario-m

317 3171 387 3227 ad
419 3170 811 3227 nutrimentum
859 3167 1112 3233 filiorum,
1158 3176 1218 3223 ut
1257 3168 1310 3224 in
1355 3168 1516 3241 pullis
1546 3170 1729 3224 avium
1770 3170 2003 3225 maxime
2032 3171 2317 3241 contingit,

320 3262 614 3329 antequam
635 3256 890 3313 advolare
913 3262 1156 3329 possunt.
1177 3254 1332 3325 Quod
1357 3272 1487 3328 ergo
1512 3257 1759 3313 dicamus
1778 3256 1955 3313 dictos
1971 3257 2322 3329 Philosophos

319 3347 496 3400 minus
525 3348 856 3417 compositos
893 3345 1218 3401 animalibus
1259 3346 1475 3400 videtur
1512 3344 1827 3413 absurdum,
1860 3346 1951 3418 qui
1987 3346 2051 3401 ad
2093 3362 2321 3416 compo-

319 3434 525 3489 nendos
547 3448 728 3489 mores
744 3434 1198 3505 corrigendosque
1217 3440 1386 3490 totam
1402 3450 1553 3489 suam
1570 3441 1885 3491 struxerunt
1902 3432 2315 3507 philosophiam,

317 3532 378 3578 nt
403 3521 737 3595 Augustinus
760 3522 927 3578 tradit
959 3522 1026 3577 de
1053 3523 1294 3588 Socrate,
1325 3538 1431 3579 vm
1460 3522 1535 3579 De
1561 3521 1725 3579 civit.
1752 3522 1872 3589 Dei,
1895 3524 2051 3593 cujus
2070 3511 2341 3577 doctrina¹

319 3612 468 3667 Plato
511 3616 632 3681 ejus
659 3610 956 3682 discipulus
984 3610 1318 3667 fertilissimo
1362 3612 1587 3667 sortitus
1616 3615 1732 3679 est;
1771 3619 1829 3668 ut
1866 3610 2115 3668 Valerius
2142 3610 2321 3667 Maxi-

317 3716 436 3757 mus
466 3699 672 3763 scribit,
717 3700 808 3771 qui
838 3714 962 3754 cum
993 3700 1427 3772 sapientissimus
1457 3699 1699 3755 omnium
1726 3706 1870 3755 esset
1908 3698 1990 3753 sui
2034 3698 2313 3769 temporie,

317 3797 374 3843 et
398 3804 428 3845 a
449 3788 742 3860 juvenibus
769 3788 1030 3843 studiosis
1052 3788 1303 3844 certatim
1326 3796 1667 3861 qnaereretur
1684 3787 1931 3858 Athenis,
1952 3789 2005 3845 in
2022 3788 2317 3863 AEgyptum
