2784 4392
285 1771 314 1804 ἓν

373 332 380 340 ,
433 273 554 334 302
731 273 756 289 “
912 291 963 334 s.
1008 289 1240 334 'rquAE
1281 289 1607 339 Aoums‘ms
1649 284 1959 332 ornacum

1181 455 1467 565 CAPUT
1519 441 1720 562 v111s

449 629 730 704 Qualiter
776 627 856 690 ad
889 625 1148 708 reyimen
1176 629 1348 708 reyni
1375 632 1432 691 ei
1473 623 1899 707 cujuscumque
1943 623 2217 698 dominii,
2248 641 2448 688 ueces-

515 717 672 778 sarii
699 722 844 779 suni
871 719 1161 790 ministri,
1195 718 1299 778 ubi
1327 717 1655 778 incidenter
1681 717 2091 797 distinquitm·
2117 713 2187 778 de
2210 713 2450 794 duplici

519 807 802 878 dominio,
824 807 1072 884 politico
1102 812 1156 868 et
1181 806 1513 885 despotia-Q
1535 806 1839 868 ostendens
1865 805 2077 868 multis
2100 805 2446 868 rationibus

518 895 677 973 quod
694 895 1022 974 politicum
1047 900 1276 974 oportet
1299 912 1418 958 esse
1444 912 1648 957 suave.

507 1028 626 1090 Non
666 1027 838 1082 solum
884 1035 1068 1084 aut-em
1108 1029 1316 1084 divitiis
1359 1031 1575 1100 oportet
1620 1042 1802 1099 regem
1846 1041 1965 1082 esse
2012 1027 2299 1092 munitum,
2350 1025 2443 1082 sed

439 1116 605 1200 etiam
642 1116 922 1171 ministris.
958 1117 1110 1174 Unde
1139 1124 1194 1172 et
1226 1117 1314 1172 ille
1345 1133 1574 1186 magnus
1603 1131 1693 1170 rex
1724 1115 1977 1172 Salomon
2010 1115 2062 1170 in
2096 1114 2445 1187 praeallegato

441 1203 576 1257 libro
601 1203 735 1259 dicit
760 1206 828 1258 de
851 1221 908 1259 se
931 1205 1048 1276 ipso
1077 1221 1126 1259 c.
1161 1221 1222 1272 ιι,
1245 1206 1279 1259 7
1308 1205 1556 1260 :Possedi
1584 1219 1761 1260 servos
1784 1211 1834 1260 et
1858 1203 2083 1259 ancillas
2108 1211 2158 1262 et
2178 1203 2444 1273 familiam

341 1319 348 1324 ·
439 1293 660 1346 multam
703 1292 882 1347 nimis.
925 1293 1078 1360 Quod
1119 1303 1302 1349 autem
1335 1293 1663 1365 possidetur,
1704 1293 1757 1362 in
1795 1292 2043 1372 fluminio
2074 1292 2289 1347 videtur
2328 1307 2447 1346 esse

445 1381 880 1450 possidentis;·et
925 1381 1044 1436 ideo
1080 1381 1181 1437 hoc
1210 1382 1656 1453 distinguendum
1681 1373 1763 1436 e'st
1792 1380 1936 1436 circa
1977 1379 2278 1435 dominium
2307 1380 2445 1434 inci-

442 1471 648 1525 denter.
678 1471 888 1543 Duplex
905 1473 1048 1525 enim
1072 1473 1409 1544 principatus
1428 1471 1495 1526 ab
1512 1463 1803 1526 Aristotele
1822 1469 2036 1542 ponitur
2056 1469 2105 1523 in
2132 1485 2229 1524 sua
2252 1469 2392 1524 Polit
2424 1484 2443 1534 ,·

443 1575 673 1629 quorum
719 1559 948 1632 quilibet
990 1575 1117 1615 suos
1161 1559 1322 1615 habet
1371 1559 1671 1624 ministrOS,
1705 1559 1831 1614 licet
1874 1557 2052 1630 plures
2080 1565 2248 1630 ponat
2288 1557 2341 1612 in
2389 1573 2441 1612 v.

397 1660 404 1682 -·
442 1647 628 1714 Pulsi,
673 1656 729 1703 ut
758 1665 923 1721 supra
947 1657 1028 1705 est
1055 1649 1392 1713 distinctum,
1424 1655 1478 1704 et
1510 1648 1647 1704 infra
1678 1651 1845 1704 etiam
1875 1645 2261 1710 declarabitur,
2308 1647 2445 1718 poli·
2518 1687 2525 1694 .

448 1737 587 1792 licus
615 1737 866 1793 videlicet
893 1743 945 1792 et
970 1739 1300 1809 despoticus.
1329 1738 1587 1792 Politicus
1613 1737 1855 1808 quidem,
1887 1737 2105 1810 quando
2133 1735 2299 1806 regi0,
2334 1736 2447 1790 sivo

388 1814 394 1827 ¹
447 1827 743 1896 provincia,
775 1827 891 1880 sive
915 1826 1130 1892 ciyitas,
1161 1827 1278 1880 sive
1309 1832 1569 1890 castrum,
1604 1841 1699 1900 per
1729 1841 1891 1878 unum
1926 1824 2007 1878 vel
2038 1824 2217 1896 plures
2244 1826 2447 1894 regitur

447 1914 742 1969 secundum
793 1915 1298 1984 ipsorumstatuta,
1335 1922 1393 1969 ut
1436 1915 1489 1968 in
1530 1913 1840 1984 regionibus
1870 1913 2135 1983 contingit
2176 1914 2350 1968 Italiae
2394 1921 2446 1967 et

449 2001 720 2072 praecipue
750 2001 954 2065 Romae,
985 2007 1043 2056 ut
1071 2017 1165 2072 per
1194 2008 1473 2056 senatores
1500 2011 1553 2056 et
1578 2001 1829 2056 consules
1856 1989 1949 2073 p'ro
1982 2003 2169 2072 majori
2200 2007 2351 2072 parte
2382 2000 2447 2055 ab

447 2090 580 2144 urbe
610 2090 862 2145 condita:
884 2091 1085 2145 Horum
1116 2099 1299 2146 autem
1329 2091 1629 2149 dominium
1666 2091 1921 2146 convenit
1954 2091 2187 2162 amplius
2212 2090 2447 2162 quadarn

447 2179 713 2236 civilitate
753 2197 959 2252 regere,
989 2197 1051 2236 eo
1082 2181 1224 2253 quod
1259 2180 1310 2234 in
1349 2181 1467 2252 ipsa
1493 2182 1565 2236 sit
1594 2182 1850 2236 continua
1876 2181 1943 2235 de
1971 2179 2181 2234 civibus
2211 2182 2325 2235 sive
2350 2197 2448 2234 ex-

453 2270 656 2323 traneis
703 2269 1011 2347 alternatio²
1044 2272 1185 2324 sicut
1227 2270 1294 2324 de
1326 2269 1585 2326 Romanis
1602 2261 1871 2325 'scribitur
1910 2269 1961 2322 in
1992 2269 2013 2323 1
2043 2269 2287 2324 Maeliab.
2321 2283 2445 2334 vm,

454 2357 540 2411 ubi
579 2345 778 2413 dicitur·
805 2343 1073 2431 quod‘per
1113 2358 1356 2428 singulos
1393 2357 1565 2414 'annos
1594 2345 1954 2413 committunt
1976 2359 2064 2411 uni
2098 2355 2298 2412 homini
2330 2373 2452 2412 ma-

451 2447 740 2516 gistratum
788 2463 946 2502 suum
975 2447 1243 2502 dominari
1275 2446 1543 2502 universae
1592 2456 1751 2502 terrae
1782 2460 1914 2502 suae.
1960 2439 2112 2502 Unde
2141 2446 2337 2518 duplex
2368 2455 2451 2500 est

453 2537 507 2590 in
541 2536 629 2591 tali
659 2537 899 2592 dominio
929 2538 1086 2604 ratio,
1121 2551 1290 2608 quare
1321 2535 1525 2590 subditi
1560 2551 1664 2590 non
1705 2535 1876 2606 rigide
1904 2533 2111 2608 possint
2142 2545 2253 2590 cosi
2270 2534 2362 2606 igi,
2394 2541 2452 2589 ut

455 2627 504 2678 iu
539 2625 703 2694 regali
737 2625 996 2679 dominio.

521 2715 636 2768 Una
675 2715 906 2766 sumitur
937 2729 1002 2767 ex
1033 2719 1184 2784 parte
1215 2714 1473 2783 regentis,
1508 2713 1637 2784 quia
1670 2721 2075 2785 temporaneum
2103 2719 2182 2767 est
2216 2713 2337 2785 ejus
2360 2727 2453 2766 re-

452 2804 651 2872 gimen.
687 2802 763 2854 Ex
801 2801 901 2854 hoc
940 2801 1084 2854 enim
1113 2801 1433 2857 diminuitur
1462 2802 1579 2872 ejus
1621 2801 1929 2856 sollicitudo
1970 2803 2021 2856 in
2054 2801 2158 2856 sibi
2194 2801 2447 2872 subditis,

453 2891 581 2942 dum
621 2889 928 2943 considerat
966 2905 1122 2964 suum
1173 2898 1283 2946 tam
1329 2891 1476 2944 brevi
1510 2897 1751 2960 tempore
1804 2891 2102 2945 dominium
2148 2891 2448 2944 terminari.

457 2979 675 3048 Propter
715 2977 858 3049 quod
889 2986 942 3033 et
984 2978 1200 3049 judices
1241 2978 1423 3050 populi
1472 2979 1657 3044 Israel,
1706 2979 1797 3051 qui
1844 2980 2066 3053 politice
2108 2978 2447 3050 judicabant,

457 3067 844 3122 moderatiores
881 3066 1098 3123 fuerunt
1129 3068 1179 3122 in
1205 3067 1522 3138 judicandO,
1565 3083 1730 3140 quam
1770 3085 1924 3138 reges
1960 3077 2267 3140 sequentes·
2300 3066 2452 3123 Unde

451 3154 664 3211 Samuel
710 3157 801 3228 qui
841 3155 1046 3210 dictum
1081 3156 1334 3227 populum
1365 3157 1531 3210 certis
1554 3157 1824 3227 judicavit
1857 3155 2208 3228 temporibus·‚
2258 3157 2327 3211 sit
2376 3156 2452 3210 ait

453 3246 516 3298 ad
547 3245 710 3315 ipSOS,
746 3244 932 3298 volens
963 3247 1246 3298 ostendere.
1271 3260 1431 3300 suum
1463 3247 1702 3315 regimen
1733 3244 1896 3298 fuisse
1929 3246 2225 3315 politicum,
2260 3251 2317 3300 et
2346 3259 2452 3298 non

451 3333 630 3402 regale
657 3335 796 3404 quod
827 3333 1121 3402 elegerant.
1163 3333 1342 3401 lReg.
1378 3345 1525 3401 xvn,
1569 3337 1599 3387 3
1634 3349 1646 3388 ε
1676 3333 2008 3404 Loquimini,
2051 3335 2245 3406 inquit,
2280 3333 2341 3388 de
2370 3348 2452 3386 me
2534 3332 2541 3338 ’

451 3435 647 3496 corani
672 3418 899 3472 Domino
933 3423 982 3474 et
1013 3417 1227 3473 Christo
1265 3419 1395 3488 ejice,
1439 3427 1622 3474 utrum
1651 3419 1823 3474 bovem
1862 3420 2169 3490 cujusquam
2211 3419 2449 3483 tulerim,

449 3515 540 3562 aut
573 3506 802 3572 asiniani,
833 3506 880 3562 .ςὶ
905 3507 1202 3578 quempiam
1231 3507 1584 3564 calumniatus
1620 3525 1755 3573 sum,
1786 3509 1831 3562 si
1862 3509 2096 3580 oppressi
2126 3509 2371 3580 aliquem,
2402 3507 2453 3560 ai

447 3596 507 3650 de
535 3613 694 3650 marm
718 3597 942 3668 alicujus
962 3611 1150 3650 vitinus
1171 3597 1374 3667 accept]
1402 3597 1543 3668 quod
1572 3597 1790 3669 quidem
1820 3599 1909 3667 qui
1935 3596 2115 3667 regalo
2144 3597 2445 3651 dominium

449 3686 664 3748 liabent,
696 3701 797 3738 uon
829 3685 1051 3750 faciuut3
1089 3694 1145 3738 ut
1175 3683 1310 3738 infra
1339 3684 1565 3756 patebit,
1598 3691 1651 3740 et
1682 3685 1732 3738 iu
1768 3685 1907 3750 [lib.
1935 3686 2067 3756 Reg,
2104 3686 2283 3740 dictus
2316 3686 2451 3738 Pro·-

450 3773 609 3844 pheta
636 3773 894 3830 ostendit.
926 3772 1171 3843 Amplius
1195 3781 1379 3828 autem
1409 3773 1597 3829 modus
1623 3774 1839 3844 regendi
1875 3773 1926 3826 in
1958 3773 2205 3846 partibus
2238 3773 2324 3828 ubi
2354 3788 2455 3842 po-

355 3875 360 3878 ·
452 3861 659 3914 liticum
709 3867 790 3912 est
835 3857 1153 3925 dominium,
1201 3861 1565 3914 mercenarius
1609 3870 1726 3930 est3
1774 3861 2021 3915 mercede
2066 3860 2208 3914 enim
2249 3859 2455 3915 domini
