2784 4392
775 287 882 332 xv,
915 303 994 316 -
1021 286 1098 330 nn·
1141 285 1447 330 nmmum
1490 287 1824 332 Pmucu’mu
2184 274 2302 335 357

299 401 536 469 Domini,
571 417 742 478 usque
788 402 854 458 ad
902 407 1146 474 tempora
1187 399 1335 457 beati
1377 401 1640 472 Sylvestri
1685 409 1743 458 et
1784 403 2143 469 Constantini,
2194 422 2305 478 quo

299 488 521 562 quidem
551 489 734 546 saeculi
755 488 934 560 spatio
963 487 1174 542 infinita
1195 486 1374 559 populi
1406 486 1695 543 multitudo
1723 503 1816 560 per
1836 498 2068 544 mortem
2088 489 2306 550 Christo

300 579 529 634 Domino
569 593 668 634 suo
696 577 948 634 dedicata
991 584 1074 633 est
1103 582 1158 632 et
1198 577 1507 647 conjuncta,
1554 591 1617 632 ac
1642 593 1800 632 suum
1840 578 2039 646 ducem
2065 588 2119 636 et
2149 582 2305 652 prin-

300 667 473 740 cipem
499 663 583 722 e'st
609 673 816 722 secuta.
882 665 902 745 ,l
2156 722 2161 726 .
2298 721 2303 726 .

369 756 546 810 Primo
597 754 816 826 quidem
861 753 1019 824 primi
1062 745 1231 808 duces
1281 751 1527 823 Apostoli
1569 758 1625 807 et
1669 751 1759 810 alii
1808 752 2007 811 Christi
2051 755 2305 830 discipuli

297 829 486 900 omnes
531 840 748 918 Christi:
783 841 993 905 vicarii,
1047 848 1104 895 et
1149 840 1293 895 Petri
1323 843 1689 909 successoreS,
1739 842 1885 914 quod
1940 839 2056 904 suit'
2090 851 2305 917 tempus

298 933 399 987 350
430 945 714 997 annorum,
749 930 800 984 in
827 943 1060 1002 quorum
1089 929 1352 998 sanguine
1381 934 1439 983 et
1452 928 1783 999 ,corporibus
1808 946 1874 986 ac
1902 931 2145 1002 ipsorum
2176 936 2305 993 vitae
2404 941 2409 949 “

301 1021 508 1075 meritis
536 1019 762 1074 fundata
796 1027 879 1074 est
909 1016 1149 1088 Ecclesia
1177 1023 1441 1089 tanquam
1473 1016 1743 1089 lapidibus
1769 1018 1909 1076 vivis
1938 1025 1993 1076 et
2026 1021 2299 1092 pretiosis,

299 1123 364 1167 ac
394 1107 650 1162 ineffabili
677 1105 1049 1169 fundamento,
1083 1112 1272 1160 contra
1303 1105 1449 1177 quod
1479 1105 1777 1172 nec‘venti,
1811 1123 1913 1162 nec
1942 1107 2159 1179 pluviae,
2205 1127 2305 1166 nec

301 1209 667 1270 quaecumque·
697 1192 948 1264 procellae
972 1192 1310 1248 diversarum
1342 1193 1675 1263 passionum,
1709 1193 1803 1248 vel·
1836 1210 2305 1270 quarumcumque

298 1282 767 1357 perturbationum
794 1281 1041 1344 saeviant,
1071 1281 1248 1351 ipsum
1280 1285 1506 1351 possunt
1539 1279 1789 1335 obruere.
1818 1281 2100 1354 Oportuno
2120 1285 2304 1356 'igitur

301 1379 562 1446 tempore,
614 1377 674 1424 ut
719 1369 1158 1425 manifestaretur
1189 1368 1389 1421 mundo
1418 1383 1645 1438 regnum
1688 1368 1887 1425 Christi
1917 1375 2301 1442 compositum,

300 1459 473 1517 virtus
507 1457 767 1531 principis
805 1455 976 1511 nostri
1003 1456 1131 1518 Jesu
1165 1454 1365 1510 Christi
1397 1457 1699 1528 principem
1736 1456 1923 1512 mundi
1965 1459 2303 1526 sollicitavit,

300 1549 718 1604 Constantinum
760 1542 1030 1609 videlicet,
1079 1543 1391 1613 percutiens
1428 1559 1553 1597 eum
1585 1544 1753 1612 lepra,
1800 1560 1864 1599 ac
1896 1545 2070 1617 ipsum
2109 1563 2305 1606 curans

299 1651 464 1707 supra
493 1635 784 1689 humanam
815 1632 1095 1686 virtutem.
1137 1629 1254 1698 Qua
1285 1629 1514 1700 probata
1552 1630 1606 1684 in
1639 1631 1877 1686 dominio
1907 1633 2071 1687 cessit
2103 1637 2305 1691 vicario

300 1722 520 1789 Christi,
549 1721 714 1776 beato
739 1718 994 1774 videlicet
1023 1717 1320 1788 Sylvestro,
1354 1717 1443 1772 cui
1473 1717 1678 1788 dejure
1702 1717 2001 1776 debebatur
2027 1737 2093 1775 ex
2124 1725 2307 1779 causis

301 1821 355 1869 et
388 1809 693 1866 rationibus
725 1807 975 1879 superius
1011 1805 1337 1876 assignatis3
1371 1804 1423 1859 in
1456 1821 1561 1877 qua
1601 1805 1823 1878 quidem
1865 1809 2109 1880 cessione
2138 1813 2305 1884 spiri-

303 1899 435 1956 tuali
456 1885 655 1955 Christi
687 1910 854 1966 regno
874 1881 1194 1966 adjunctum
1220 1901 1305 1949 est
1332 1894 1648 1964 temporale,
1684 1894 1951 1968 spirituali
1977 1911 2230 1957 manente
2252 1889 2307 1958 iri

300 2004 400 2044 suo
430 1989 642 2058 vigore;
675 1984 801 2057 quia
828 1983 959 2038 illud
992 1997 1089 2054 per
1110 1997 1169 2037 se
1193 1983 1365 2052 quaeri
1393 1981 1556 2037 debet
1583 1998 1613 2037 a
1633 1983 1832 2040 Christi
1860 1985 2127 2055 fidelibus,
2157 1990 2305 2048 istud

301 2092 431 2134 vero
460 2073 782 2132 secundario
805 2079 1064 2144 tanquam
1087 2069 1474 2126 administrans
1498 2071 1693 2141 primo,
1720 2071 1878 2128 aliter
1907 2083 2089 2132 autem
2116 2087 2305 2136 contra

302 2166 658 2222 intentionem
703 2161 763 2217 fit
804 2159 1024 2217 Christi.
1075 2158 1227 2213 Tunc
1269 2157 1337 2213 ad
1369 2158 1649 2229 impletum
1694 2169 1776 2215 est
1817 2163 1961 2234 quod
2006 2167 2306 2236 postillam

300 2253 600 2313 clausulam
631 2248 887 2305 scribitur
929 2248 984 2304 in
1009 2249 1114 2302 Isa.
1149 2262 1231 2309 ix,
1263 2247 1297 2301 7
1341 2264 1354 2300 :
1385 2246 1847 2318 Multiplicabitur
1882 2250 1995 2322 effus
2024 2254 2307 2324 imperium

301 2349 350 2400 et
369 2340 520 2416 pacis
548 2355 654 2394 non
691 2335 800 2396 erit
825 2334 975 2410 finis.
1006 2339 1228 2404 Apertae
1257 2340 1383 2389 sunt
1412 2336 1553 2389 enim
1584 2335 1843 2392 Ecclesiae
1871 2339 1940 2394 ab
1969 2356 2033 2395 eo
2066 2351 2309 2416 tempore

185 2419 197 2430 ⁶
302 2437 358 2487 et
391 2430 559 2501 coepit
589 2426 836 2482 Christus
867 2422 1153 2495 praedicari
1181 2421 1416 2494 publice,
1450 2423 1596 2496 quod
1636 2430 1760 2479 ante
1789 2440 1895 2482 non
1936 2434 2148 2500 poterat
2189 2433 2307 2488 sine

303 2518 544 2592 periculo
572 2514 788 2570 mortis.
2188 2537 2194 2574 3

303 2579 440 2699 JEt
481 2604 672 2660 eodem
713 2616 855 2657 anno
885 2614 994 2672 quo
1032 2597 1424 2675 Constantinus
1460 2605 1685 2655 curatus
1726 2605 1812 2656 est
1840 2615 1871 2655 a
1912 2600 2059 2674 lepra
2088 2611 2143 2659 et
2172 2621 2307 2664 con·

303 2709 493 2751 versus
517 2698 601 2748 est
622 2691 688 2746 ad
718 2690 899 2754 fidem,
928 2686 1190 2759 baptizati
1217 2693 1343 2740 sunt
1362 2686 1509 2743 circa
1539 2695 1721 2759 partes
1745 2704 1997 2746 romanas
2019 2692 2307 2767 plusquam
2361 2717 2363 2719 ’

303 2789 521 2840 eentum
561 2778 729 2834 millia
758 2776 1038 2833 hominum
1066 2791 1134 2830 ex
1163 2773 1459 2830 virtutibus
1485 2779 1718 2832 ostensis
1748 2795 1842 2849 per
1870 2779 2077 2838 dictum
2107 2784 2305 2841 Christi

305 2856 603 3015 vicarium!
619 2866 714 2922 sed
750 2863 1139 2920 attendendum
1170 2863 1315 2938 quod
1346 2864 1481 2920 dicit
1518 2864 1787 2939 Propheta
1819 2884 1833 2924 ε
1866 2888 1891 2920 α
1924 2869 1992 2925 Ει
2022 2873 2172 2941 pacis
2202 2890 2307 2930 non

305 2959 413 3014 erit
453 2955 541 3010 fini
579 2993 594 3010 .
642 2971 669 3006 n
712 2953 942 3008 Constat.
987 2952 1130 3005 enim
1175 2959 1559 3020 postmortem
1605 2953 1946 3011 Constantini
1993 2958 2162 3014 filium
2191 2963 2311 3033 ejus

305 3043 501 3102 baeresi
548 3041 750 3098 Ariana
791 3038 960 3094 fuisse
1000 3037 1282 3106 infectum,
1314 3046 1369 3092 et
1416 3038 1709 3095 Ecclesiam
1738 3043 2107 3113 perturbasse.
2153 3040 2331 3106 Unde.

306 3131 410 3188 sub
435 3145 500 3187 eo
540 3128 684 3202 passi
713 3130 843 3183 sunt
869 3123 1092 3180 exilium
1121 3122 1390 3178 solemnes
1416 3124 1691 3181 Ecclesiae
1720 3129 1973 3188 doctores
2016 3146 2029 3185 t
2068 3131 2311 3190 Hilarius

307 3217 680 3284 PictavienSiS,
713 3223 768 3270 et
809 3211 1140 3270 Athanasius
1177 3210 1579 3268 Alexandrinus
1618 3212 1891 3284 Episcopi,
1930 3231 1995 3272 ac
2043 3218 2311 3278 Eusebius

307 3305 684 3370 Vercellensis,
707 3311 762 3359 et
786 3299 944 3358 multi
971 3299 1062 3355 alii
1089 3297 1457 3355 Ecclesiarum
1488 3299 1739 3358 doctores
1767 3309 1824 3356 et
1847 3305 2054 3362 clerici.
2083 3323 2184 3364 nec
2204 3325 2311 3366 non

305 3402 362 3453 et
395 3400 558 3467 caput
586 3392 846 3448 Ecclesiae
883 3403 1072 3446 sumus
1114 3386 1361 3444 Pontifex
1392 3387 1644 3446 Libertus
1675 3390 1735 3445 in
1776 3391 2011 3449 veritate
2048 3395 2173 3454 fidei
2212 3414 2312 3454 va·

305 3483 514 3542 cillavit
555 3497 622 3537 ex
669 3479 840 3536 multa
877 3477 1257 3550 persecutione
1299 3476 1625 3542 Constantii,
1668 3484 1727 3532 ut
1772 3479 2015 3538 historiae
2064 3485 2309 3544 tradunt.

306 3575 434 3631 Post
476 3570 653 3644 ipsum
695 3565 798 3624 tuit
835 3565 1083 3622 Julianus
1121 3572 1391 3637 apostata,
1433 3563 1602 3620 frater
1649 3564 1813 3633 Galli,
1858 3573 1915 3637 et
1956 3571 2313 3632 consobrinus

307 3658 632 3722 Constantii.
664 3658 765 3713 Hic
787 3654 1082 3711 secundam
1107 3652 1290 3710 intulit
1314 3652 1750 3724 persecutionem
1777 3653 2044 3724 fidelibus,
2076 3661 2181 3718 sub
2203 3678 2313 3735 quo

307 3751 453 3825 passi
482 3758 608 3806 sunt
635 3749 872 3804 loannes
894 3751 951 3798 et
980 3741 1179 3798 Paulus
1206 3739 1474 3810 germani.
1500 3739 1654 3797 Unde
1683 3757 1813 3815 ergo
1843 3745 2159 3806 verificatur
2190 3765 2315 3808 ver-

309 3840 437 3896 bum
466 3834 683 3895 Domini
711 3850 808 3910 per
833 3830 1161 3908 prophetam
1182 3831 1299 3902 jam
1323 3828 1553 3886 dictum.
1584 3826 1815 3908 Oportet
1838 3839 2021 3912 autem
2044 3838 2313 3910 praedicta
