2784 4392
808 265 915 308 xv.
947 281 1026 294 —
1053 266 1130 308 nn
1172 266 1473 309 neonium·
1517 264 1853 308 PmNcIPUM
2213 246 2333 305 375

329 376 478 433 nium
520 393 626 434 uon
664 376 912 436 laborant
953 394 1113 451 neque
1153 385 1298 436 nent.
1334 380 1527 435 Postea
1569 378 1755 435 subdit
1786 395 1799 433 z
1835 376 1966 434 Dico
2004 377 2169 445 vobis,
2198 376 2334 451 quod

333 480 426 521 nec
452 464 692 523 Salomon
720 466 780 523 in
798 466 946 523 omni
971 466 1148 539 qloria
1178 484 1278 525 sua
1315 473 1588 540 coopertus
1614 474 1689 525 est
1722 466 1858 523 sicut
1882 482 2049 530 unum
2091 483 2156 522 em
2192 465 2333 532 istie,

326 554 491 625 quasi·
518 555 740 626 majoris
769 555 932 610 fuerit
957 555 1274 627 indigentiae
1293 562 1558 627 quantum
1580 556 1649 611 ad
1675 556 1880 612 victum
1906 559 1961 611 et
1987 554 2333 619 vestimenta,

327 655 396 697 ac
424 647 756 712 tegumenta,
789 659 956 715 quam
981 642 1182 715 pla'ntae
1211 651 1269 699 et
1294 642 1577 700 animalia.

398 730 645 801 Amplius
685 740 866 787 autem
919 732 1176 787 ferocitas
1218 730 1558 800 animalium,
1589 746 1714 805 quae
1756 731 1903 788 facta
1949 734 2076 785 sunt
2127 728 2333 785 homini

330 818 522 873 nociva
547 824 668 890 post
697 818 910 889 lapsum
933 819 1069 876 Adae
1095 819 1164 877 ad
1193 819 1295 876 hoc
1317 820 1499 891 ipsum
1524 819 1754 877 inducit.
1786 819 1870 876 Ad
1897 820 2159 891 majorem
2188 818 2335 872 enim

330 907 675 962 securitatem
721 906 974 973 hominist,
1007 908 1400 980 cujuscumque
1443 908 1521 964 rei
1578 908 1835 965 timeudae
1889 906 2197 963 necessaria
2248 913 2334 962 est

325 994 692 1051 communitas
716 995 1013 1062 bominum,
1046 1011 1112 1051 ex
1140 995 1340 1069 quibus
1367 994 1565 1053 civitas
1588 995 1963 1061 constituitur,
1993 996 2134 1050 unde
2168 993 2330 1051 homo

327 1081 588 1137 reddatur
622 1097 867 1140 securus.
895 1084 962 1139 Et
992 1084 1116 1140 inde
1145 1092 1327 1141 motus
1364 1083 1468 1141 fuit
1494 1085 1625 1142 Cain
1668 1084 1951 1140 civitatem
1986 1088 2327 1149 construere,

331 1176 389 1224 ut
414 1170 466 1224 in
487 1170 629 1226 Gen.
661 1171 916 1227 scribitur
948 1190 961 1226 :
996 1172 1139 1227 unde
1166 1179 1223 1227 et
1252 1172 1308 1229 in
1339 1172 1487 1229 Eccl.
1517 1188 1609 1240 η,
1632 1175 1719 1243 19,
1751 1172 1955 1229 dicitur
1978 1170 2125 1245 quod
2154 1169 2331 1245 redifi-

325 1257 466 1316 catio
493 1258 725 1315 civitatis
749 1258 1085 1331 confirmabit
1108 1276 1314 1317 nomen.

397 1346 605 1403 Rursus
630 1354 826 1419 praeter
868 1346 1254 1405 necessitatem
1279 1349 1332 1405 iu
1362 1363 1591 1422 corpore
1626 1363 1761 1405 sano
1800 1354 1926 1405 sunt
1960 1356 2018 1403 et
2046 1345 2170 1404 aliae
2198 1360 2335 1403 con-

325 1433 564 1490 ditiones
598 1436 940 1491 necessitatis
978 1437 1315 1508 pertinentes
1353 1437 1425 1492 ad
1466 1452 1697 1507 corpora
1724 1452 1891 1507 aegra,
1930 1434 2128 1508 quibus
2174 1434 2331 1490 homo

329 1520 640 1593 frequenter
664 1522 969 1593 subjicitur.
992 1524 1075 1578 Ad
1106 1524 1187 1578 sui
1220 1532 1405 1579 autem
1434 1524 1836 1594 reparationem
1866 1522 1969 1577 sibi
1994 1522 2156 1576 homo
2184 1520 2333 1577 solus

329 1624 436 1665 non
459 1608 677 1677 sufficit,
698 1608 1154 1682 quemadmodum
1182 1609 1437 1665 animalia
1464 1626 1588 1666 cum
1610 1610 1892 1681 patiuntur
1914 1608 2114 1681 quibus
2139 1616 2335 1665 natura

328 1698 586 1767 providit,
620 1705 680 1754 ut
716 1700 834 1753 sine
875 1697 1153 1754 hominum
1181 1698 1447 1753 medicina
1489 1707 1767 1765 curentur,
1800 1696 2184 1768 cognoscentia
2238 1712 2335 1770 per

329 1784 704 1842 extimativam
729 1786 810 1841 eis
851 1786 1080 1841 inditam
1125 1785 1321 1842 herbas
1357 1785 1637 1842 sanativas
1680 1784 1995 1843 eorumdem
2032 1799 2129 1841 seu
2172 1800 2333 1857 quae-

327 1888 563 1947 cumque
585 1874 692 1931 alia
714 1874 965 1932 ordinata
995 1875 1064 1930 ad
1091 1876 1328 1947 ipsorum
1353 1875 1607 1931 satutem.

400 1963 573 2018 Homo
602 1969 787 2019 autem
808 1963 998 2019 horum
1026 1964 1247 2035 ignarus
1269 1963 1476 2033 indiget
1508 1962 1751 2027 medicis„
1768 1962 2039 2019 medicina
2063 1968 2118 2017 et
2142 1962 2331 2018 homi·-

331 2066 456 2108 num
496 2050 818 2117 ministerio,
868 2066 992 2122 quae
1028 2052 1210 2107 omnia
1251 2050 1656 2123 multitudinem
1699 2051 1983 2125 requirunt
2024 2050 2327 2118 hominum,

326 2155 454 2213 quae
479 2139 759 2194 civitatem
789 2138 937 2205 facit,
970 2145 1028 2193 et
1051 2140 1132 2194 sic
1157 2138 1302 2193 idem
1330 2139 1475 2211 quod
1505 2138 1677 2217 prius.
2073 2128 2078 2133 ⁴

400 2226 648 2298 Amplius
673 2225 856 2281 autem
880 2224 1008 2297 quia
1029 2240 1188 2281 casus
1216 2234 1342 2281 sunt
1369 2225 1543 2290 multi,
1570 2224 1624 2280 iu
1650 2240 1785 2297 quos
1812 2226 2057 2282 homines
2084 2225 2334 2282 incidunt

330 2328 430 2384 per
457 2311 796 2383 inopinatum
821 2318 1097 2377 eventum,
1118 2310 1316 2383 quibus
1346 2312 1655 2367 relevantur
1684 2313 1735 2367 in
1764 2312 2028 2369 societate
2056 2329 2071 2367 ε
2104 2313 2249 2368 unde
2278 2312 2332 2369 in

331 2399 481 2457 Ecci,
511 2415 633 2473 cap.
666 2416 744 2467 iv,
774 2402 839 2455 40
869 2398 1130 2456 scribitur
1159 2416 1174 2456 :
1215 2400 1303 2457 Voe
1347 2399 1469 2465 soli,
1489 2400 1619 2472 quia
1657 2400 1705 2455 si
1749 2400 2019 2466 ceciderit,
2046 2417 2153 2457 non
2181 2400 2339 2457 habet

329 2486 684 2544 sublevantem
708 2502 779 2541 se.
807 2485 866 2541 Si
893 2491 1070 2541 autem
1091 2485 1303 2557 tuerint
1326 2484 1453 2551 duo,
1480 2485 1802 2558 fovebuntur
1827 2492 2031 2541 mutuo.

400 2577 479 2630 Ex
523 2574 720 2647 quibus
760 2574 1013 2630 omnibus
1053 2572 1419 2644 concluditur,
1469 2574 1752 2629 civitatem
1795 2589 1915 2629 esse
1972 2573 2335 2629 necessariam

329 2662 536 2719 homini
581 2663 1017 2719 constituendam
1063 2668 1286 2736 propter
1320 2660 1770 2718 communitatem
1815 2661 2181 2719 multitudinis
2218 2662 2338 2720 sine

329 2768 442 2823 qua
470 2752 629 2807 bomo
661 2754 841 2808 vivere
869 2753 1126 2808 decenter
1163 2767 1266 2806 non
1295 2760 1495 2823 potest,
1528 2758 1584 2807 et
1616 2759 1769 2807 tanto
1796 2750 1969 2822 magis
2010 2751 2079 2806 de
2105 2749 2337 2807 civitate

329 2854 498 2911 quam
523 2839 591 2893 de
619 2846 818 2905 castro,
848 2840 933 2895 vel
976 2855 1322 2914 quacumque
1357 2839 1506 2905 villa,
1540 2848 1747 2913 quanto
1789 2840 1844 2895 in
1884 2854 1949 2895 ea
1986 2838 2170 2918 plures
2208 2845 2337 2896 sunt

335 2933 482 2984 artes
505 2932 561 2981 et
586 2926 820 2983 artifices
841 2927 910 2983 ad
935 2926 1316 2984 sufficientiam
1353 2927 1606 2985 humanae
1631 2927 1779 2995 vitae,
1812 2944 1878 2983 ex
1907 2928 2106 3001 quibus
2138 2928 2337 2985 civitas

329 3014 702 3071 constituitur.
729 3014 819 3069 Sic
860 3014 1005 3069 enim
1046 3016 1382 3085 Augustinus
1418 3015 1608 3071 definit
1648 3031 1771 3072 eam
1812 3016 1866 3070 in
1897 3016 1920 3071 1
1956 3016 2031 3072 De
2060 3015 2179 3091 Ct'v.
2207 3015 2333 3082 Dei,

329 3099 480 3175 quod
521 3123 548 3155 «.
580 3106 659 3157 est
700 3099 994 3156 multitudo
1030 3099 1306 3156 hominum
1351 3101 1407 3155 in
1445 3116 1551 3155 uno
1585 3102 1867 3157 societatis
1913 3100 2132 3158 vinculo
2174 3102 2339 3158 colli·

332 3197 481 3264 gata.
518 3210 542 3244 n

403 3277 810 3335 Advertendum
839 3283 1022 3333 autem
1051 3276 1196 3347 quod
1221 3275 1471 3348 superius
1494 3275 1549 3330 in
1580 3274 1845 3347 principio
1867 3274 2023 3347 primi
2052 3274 2175 3331 libri
2205 3290 2340 3347 pro·-

332 3367 522 3423 batum
550 3376 633 3421 est
657 3366 975 3422 societatem
1001 3364 1291 3420 humanam
1317 3378 1437 3419 esse
1462 3364 1844 3429 necessariam,
1869 3370 1923 3418 et
1948 3362 2037 3419 hic
2062 3362 2334 3431 similiter,

333 3455 428 3511 sed
463 3454 621 3511 aliter
659 3460 714 3509 et
751 3453 909 3510 aiiter
940 3451 1248 3526 utrobique,
1277 3452 1408 3526 quia
1441 3452 1515 3507 ibi
1546 3452 1847 3508 secundum
1881 3450 2027 3524 quod
2052 3450 2337 3507 ordinatur

332 3544 401 3601 ad
428 3541 747 3615 principem,
775 3542 864 3598 hic
893 3548 1074 3600 autem
1104 3540 1403 3597 secundum
1433 3541 1578 3613 quod
1616 3547 1800 3612 partes
1828 3539 2195 3596 multitudiuis
2232 3538 2336 3595 sibi

333 3632 568 3688 invicem
601 3638 727 3685 sunt
765 3630 1106 3695 necessariae,
1151 3638 1372 3701 propter
1404 3643 1569 3700 quam
1602 3642 1823 3684 causam
1862 3628 2171 3702 necessario
2209 3633 2337 3683 sunt

334 3720 605 3775 institutae
639 3718 892 3775 civitates
920 3723 974 3775 et
1014 3722 1214 3785 castra,
1243 3722 1403 3788 prout
1445 3716 1762 3773 ordinantur
1812 3715 1881 3773 ad
1913 3715 2196 3789 politicum
2242 3730 2337 3773 re·

336 3823 536 3879 gimen.
