2784 4392
460 277 592 325 xiv.
623 295 701 312 -
732 278 976 326 com-Ra
1013 281 1227 326 meua.
1275 281 1376 326 om
1418 279 1591 327 cum.
1635 278 1712 329 m·
1752 282 1959 328 name.
2100 262 2217 326 191

210 391 350 454 feste
396 400 626 470 apparet
661 396 808 470 quod
853 412 958 454 non
998 402 1118 454 erat
1161 393 1230 454 de
1276 389 1515 469 pretiosa
1573 385 1824 456 materia.
1855 397 2221 455 Nihilominus
2772 350 2784 551 ι

210 492 394 554 tamen
418 486 718 543 secundum
745 486 1000 544 Glossam
1030 487 1105 544 ibi
1135 493 1356 545 notatur
1384 497 1790 546 sacramentum
1818 483 2219 544 Ecclesiasticae

210 574 458 632 unitatis.

279 665 360 720 Ad
389 681 591 721 nonum
617 665 927 734 dicendum,
957 666 1103 739 quod
1133 664 1357 739 quidam
1395 671 1525 725 sunt
1554 673 1734 724 status
1762 665 2061 733 hominum,
2090 663 2221 738 qui-

175 820 181 824 .
207 754 311 810 bus
335 761 418 809 est
443 753 662 810 habitus
687 754 1104 824 determinatim,
1135 754 1279 812 sicut
1307 754 1567 829 quaelibet
1609 755 1800 828 religio
1828 771 1989 813 suum
2027 754 2219 812 deter-

208 844 476 899 minatum
513 843 761 900 habitum
806 843 988 900 habet.
1020 843 1103 900 lta
1133 845 1300 900 etiam
1343 845 1585 918 antiquis
1615 845 1951 918 temporibus
1980 859 2137 917 reges
2162 851 2219 902 et

209 934 262 987 in
303 931 666 1003 dignitatibus
709 931 997 989 constituti
1042 932 1439 990 determinatos
1484 931 1704 990 habitus
1744 932 2021 990 habebant
2058 933 2217 1005 quasi

208 1037 326 1078 suae
377 1019 664 1092 dignitatis
728 1020 981 1092 insignia,
1027 1027 1083 1075 et
1124 1021 1205 1076 sic
1255 1021 1425 1077 etiam
1477 1037 1621 1078 nunc
1674 1037 1923 1078 summus
1974 1021 2219 1078 Pontifex

208 1111 576 1166 determinato
616 1109 805 1165 habitu
837 1109 1029 1165 utitur.
1055 1100 1210 1166 Unde
1247 1109 1390 1166 sicut
1435 1109 1687 1182 religioso
1734 1112 1892 1166 unius
1940 1111 2219 1183 religionis

105 1234 114 1244 ·
209 1214 317 1254 non
349 1197 476 1253 licet
517 1212 795 1254 assumere
835 1196 1082 1254 viliorem
1120 1197 1386 1265 habitum,
1416 1199 1511 1272 qui
1558 1215 1676 1257 suae
1716 1199 1995 1272 religionis
2042 1209 2218 1256 metas

209 1286 517 1353 excederet,
549 1286 802 1360 quamvis
837 1286 982 1343 intra
1015 1295 1190 1343 metas
1234 1286 1455 1344 habitus
1484 1290 1603 1346 s'uae
1643 1288 1919 1361 religionis
1966 1289 2013 1344 si
2053 1288 2217 1345 vilio-

211 1376 361 1432 ribus
384 1383 590 1440 utatur,
621 1391 724 1430 non
759 1376 832 1432 sit
868 1375 1324 1448 reprehensibilis,
1354 1377 1451 1434 sed
1482 1377 1755 1445 laudetur,
1791 1378 1865 1434 ita
1915 1378 2081 1434 etiam
2112 1393 2215 1434 non

212 1465 404 1520 fuisset
431 1463 700 1520 laudabile
724 1464 778 1520 in
800 1465 1042 1536 antiquis
1067 1465 1424 1538 principibus,
1444 1482 1546 1523 nec
1571 1467 1729 1523 modo
1749 1473 1893 1522 esset
1922 1467 1974 1522 in
2002 1481 2218 1521 summo

209 1545 556 1620 Pontifiee,si
585 1553 828 1609 viliorem
856 1553 1097 1609 habitum
1123 1561 1429 1610 assumeret
1451 1559 1607 1620 extra
1637 1562 1812 1611 metas
1842 1553 2059 1610 habitus
2081 1570 2219 1610 con-

211 1644 374 1700 sueti.
405 1644 573 1700 Secus
598 1649 782 1704 autem
821 1650 905 1697 est
940 1642 1010 1698 de
1035 1642 1368 1715 principibus
1393 1649 1450 1698 et
1478 1642 1600 1699 aliis
1637 1637 1944 1698 hominibus
1984 1643 2077 1716 qui
2110 1658 2215 1698 non

213 1732 414 1788 habent
459 1739 669 1788 certum
719 1731 965 1787 habitum
1007 1738 1062 1785 et
1099 1730 1544 1787 determinatum.
1573 1731 1632 1786 In
1670 1731 1750 1786 eis
1789 1731 1936 1786 enim
1979 1746 2084 1786 non
2131 1736 2217 1786 est

2688 1293 2711 1320 *s
2690 1229 2710 1274 *ἒ
2690 1040 2711 1212 ²⁸3¹!st
2696 1000 2710 1008 ρ

2730 1121 2739 1138 .

2738 1449 2771 1662 “effi-2²4¹*-
2735 1333 2765 1430 ἶ*
2732 1291 2760 1312 ..-
2728 973 2783 1264 Ἧηὶῗὶἣῦἲέ
2744 935 2755 948 ἱ

2686 1549 2711 1722 §tma-
2686 1351 2711 1520 &mx

2746 1769 2777 1836 “z'a

211 1821 590 1894 vituperabile,
614 1820 660 1876 'si
692 1820 974 1877 vilioribus
997 1825 1221 1874 utantur
1244 1834 1409 1892 quam
1452 1820 1532 1874 eis
1575 1818 1866 1875 convenire
1914 1819 2085 1891 possit
2125 1835 2220 1875 se-

193 1897 450 1967 ‘cundum
476 1923 632 1964 suum
657 1916 882 1965 statum.
912 1908 1066 1973 Unde
1109 1907 1156 1962 11
1196 1909 1330 1979 Reg.
1363 1923 1442 1974 vt,
1472 1911 1559 1976 20,
1592 1906 1792 1964 dicitur
1830 1908 1975 1981 quod
2022 1907 2228 1984 Michol-

213 1999 468 2055 deridens
492 1997 685 2064 David,
715 1998 793 2054 ait
821 2014 834 2050 :
866 1996 1036 2063 Quam
1063 1995 1327 2068 9loriosus
1363 1996 1652 2067 taithodic
1683 2013 1783 2052 rex
1824 1997 2015 2063 Israel,
2042 1996 2217 2052 disco-

213 2088 452 2160 operiens
477 2103 530 2142 se
553 2092 677 2143 ante
705 2086 927 2142 ancillas
953 2101 1232 2141 servorum
1265 2101 1508 2150 suoram,
1540 2092 1587 2140 et
1630 2085 1861 2142 inuictus
1884 2091 1957 2140 est
1982 2086 2135 2158 quasi
2166 2099 2218 2140 ει

213 2177 447 2233 vendetur
465 2191 603 2231 anas
636 2175 697 2230 dc
715 2174 956 2231 scurris!
980 2173 1151 2230 David
1202 2173 1519 2245 respondit:
1548 2173 1759 2230 Ludam
1800 2180 1849 2229 ec
1890 2173 2059 2230 vilior
2086 2173 2216 2245 fiam

207 2265 490 2336 plusquam
531 2264 703 2334 factas
741 2279 879 2326 sam,
908 2269 960 2318 et
1001 2277 1092 2316 ero
1132 2261 1346 2318 humilia
1388 2261 1651 2318 iit-oculis
1702 2260 1877 2330 mein.
1903 2269 1956 2317 et
1999 2261 2213 2328 Esther,

213 2369 335 2418 xiv,
368 2355 434 2408 ⁴6
460 2369 473 2405 ι
503 2352 582 2407 Ta
607 2352 707 2407 scis
733 2351 1090 2408 necessitatem
1116 2367 1305 2416 meam,
1328 2350 1465 2422 quod
1491 2349 1762 2406 abominer
1789 2351 2000 2422 siynum
2022 2366 2215 2423 super-

213 2441 312 2498 bioe
331 2449 381 2514 et
407 2441 595 2513 yloriae
615 2457 758 2506 meoe,
790 2441 928 2512 qnod
965 2448 1041 2496 est
1077 2456 1237 2512 saper
1265 2445 1427 2511 caput
1455 2455 1635 2495 meum
1667 2439 1723 2495 in
1768 2437 1947 2494 diebus
1974 2446 2217 2496 ostenta-

215 2531 374 2587 tionis
397 2547 543 2595 mese,
569 2537 617 2585 ct
647 2545 750 2584 non
775 2536 982 2601 portem
1008 2528 1142 2585 illud
1164 2529 1226 2583 in
1251 2527 1432 2583 diebus
1447 2527 1649 2584 silentii
1674 2526 1798 2583 mei.
1817 2528 1893 2581 Ex
1923 2544 2031 2600 quo
2062 2534 2214 2599 patet

216 2620 358 2692 quod
389 2620 554 2674 etiam
590 2619 808 2690 regibus
848 2626 904 2673 et
943 2617 1275 2691 principibus
1317 2622 1401 2672 est
1444 2615 1717 2672 laudabile
1740 2616 1885 2690 quod
1919 2616 2214 2672 humilibus

216 2710 324 2762 sint
363 2707 626 2773 contenti,
660 2706 878 2779 quando
923 2707 1042 2762 sine
1085 2703 1343 2763 scandalo
1389 2705 1505 2762 fieri
1545 2710 1742 2778 potest,
1770 2711 1827 2780 et
1879 2704 1997 2761 sine
2037 2705 2215 2761 detri-

215 2805 396 2854 mento
421 2797 654 2870 propriae
683 2796 1046 2853 auctoritatis.

2747 1835 2784 2099 *st-2³:0⁸5,

2678 2523 2704 2572 ’ὕ
2678 2463 2704 2514 ’ἦ
2680 2185 2707 2450 *vaffiu
2680 1953 2709 2153 mma-'9‘-
2684 1865 2711 1942 E}
2686 1827 2711 1854 3

2676 2621 2703 2809 ²···=-.'÷

980 2993 1261 3098 CAPUT
1326 3032 1447 3100 IX.

377 3181 682 3258 Quomodo
709 3182 1025 3262 religiosos
1051 3183 1415 3332 iyaepuynant
1442 3187 1737 3263 quantum
1763 3181 1847 3246 ad
1873 3199 2049 3264 opera

931 3285 940 3294 ·
1037 3290 1068 3334 c
1087 3274 1381 3334 caritatis.

283 3423 437 3480 Nunc
463 3424 704 3480 secundo
729 3422 1021 3479 videndum
1052 3433 1153 3490 est,
1187 3423 1422 3496 qualiter
1454 3423 1506 3478 in
1549 3423 1950 3495 sugillationem
1991 3420 2215 3493 religio-

218 3526 394 3568 sorum
425 3523 730 3586 proponunt
757 3512 900 3585 quod
932 3512 1169 3583 religiosi
1204 3512 1272 3566 de
1297 3511 1526 3568 aliorum
1564 3511 1797 3582 negotiis
1836 3526 1897 3566 se
1930 3511 2215 3566 intromit-

219 3606 353 3668 tunt,
384 3602 704 3657 inducentes
754 3601 882 3656 illud
914 3601 1060 3672 qued
1091 3599 1319 3654 habetur
1347 3601 1370 3654 1
1402 3599 1468 3654 ad
1500 3599 1689 3655 Thess.
1722 3615 1801 3666 lv,
1833 3599 1893 3654 Η
1933 3614 1948 3652 t
1980 3598 2209 3671 Operam
2240 3629 2247 3633 -

219 3689 366 3755 decis,
396 3698 456 3746 ut
486 3690 650 3762 quieti
677 3691 818 3756 sitia,
848 3697 897 3746 et
935 3696 995 3746 ut
1021 3695 1254 3744 vestram
1281 3688 1548 3760 neyotium
1575 3687 1767 3759 aqatis,
1796 3687 1991 3744 Glossa
2020 3703 2033 3743 :
2063 3707 2089 3739 α
2118 3687 2212 3743 di-

221 3778 390 3834 missis
413 3780 624 3845 alieniS,
657 3779 804 3851 quod
836 3777 986 3835 vobis
1017 3776 1150 3834 utile
1178 3784 1260 3832 est
1285 3776 1338 3830 in
1368 3775 1801 3831 emendationem
1828 3776 1975 3833 vitae.
2007 3797 2034 3828 »

279 3868 434 3925 ltem.
467 3869 515 3924 ll
544 3869 612 3925 ad
640 3869 829 3925 Thess.
859 3883 946 3935 ιιι,
978 3869 1035 3921 Η
1078 3865 1438 3924 :Audivimus
1470 3863 1612 3922 inter
1634 3881 1723 3922 vos
1742 3865 1993 3940 quosdam
2021 3866 2214 3924 amba·-
