2784 4392
484 273 601 334 204
963 293 1014 336 s.
1060 290 1295 336 ‘monui
1335 288 1664 340 acuimus
1704 288 2019 334 croscum

488 405 721 475 locutus,
769 423 876 464 non
907 412 1167 480 tauquam
1196 406 1253 482 id
1285 411 1604 478 agnosceret
1631 403 1958 472 confitendo,
2005 403 2060 460 in
2105 418 2214 479 quo
2255 405 2497 462 ostendit

480 495 635 567 'quod
670 497 791 569 plus
818 498 1041 569 prodest
1078 496 1288 551 doctori
1317 495 1588 569 sapientia
1631 508 1797 568 quam
1825 493 2158 566 eloquentia.
2197 492 2354 552 Unde
2381 497 2498 550 Au-

486 585 737 654 gustinus
759 583 1039 656 subjungit
1067 599 1080 638 :
1112 604 1138 636 α
1166 584 1465 640 scientiam
1489 583 1647 657 plane
1673 598 1778 639 non
1803 588 2093 640 cunctatus
2117 590 2202 639 est
2226 582 2498 656 profiteri,

487 673 605 728 sine
630 689 737 744 qua
762 689 881 729 esse
909 675 1103 730 doctor
1130 673 1375 744 gentium
1408 688 1515 729 non
1542 671 1768 728 valeret.
1813 690 1839 722 n
1881 672 1939 730 Si
1967 679 2152 729 autem
2180 671 2284 728 boc
2311 687 2500 728 asser-

488 761 598 816 tive
625 762 981 833 intelligatur,
1015 777 1120 818 non
1150 770 1235 818 est
1264 760 1675 831 intelligendum
1706 759 1837 832 quin
1861 759 2156 833 Apostolus
2182 759 2499 832 eloquentia

487 854 753 916 uteretur,
785 849 883 906 sed
916 847 1047 923 quia
1085 864 1191 904 non
1222 847 1523 920 principale
1544 847 1789 904 studium
1813 848 2122 920 apponebat
2147 848 2215 904 ad
2242 855 2498 904 ornatum

488 937 795 1004 verborum,
848 945 908 993 ut
953 937 1200 993 rhetores
1237 935 1466 1002 faciunt,
1512 935 1600 990 vel
1647 936 1774 1008 quia
1817 936 1884 990 ad
1934 935 2173 992 litteram
2215 937 2500 1010 impeditas

486 1023 687 1096 linguae
722 1032 859 1083 erat.
903 1025 1059 1082 Unde
1099 1024 1295 1081 Glossa
1334 1024 1410 1079 ibi
1453 1023 1587 1080 dicit
1641 1041 1652 1077 ε
1701 1043 1726 1076 «
1757 1024 1898 1079 Nam
1936 1023 2038 1080 etsi
2076 1025 2181 1080 sim
2210 1024 2499 1098 imperitus

488 1129 757 1182 sermone,
786 1115 916 1188 quia
940 1129 1048 1171 non
1086 1128 1221 1169 orno
1255 1113 1439 1180 verba,
1476 1112 1564 1168 vel
1602 1112 1732 1184 quia
1761 1111 2040 1183 impeditae
2072 1111 2271 1184 linguae
2293 1129 2436 1170 sum.
2469 1133 2496 1166 a

488 1202 589 1258 Sed
618 1203 1057 1275 pseudoapostoli
1096 1201 1393 1274 principale
1432 1200 1674 1256 studium
1711 1201 2054 1273 apponebant
2080 1200 2150 1258 ad
2191 1203 2499 1258 ornandum

490 1291 675 1347 vei-ba.
709 1292 862 1348 Unde
886 1291 1091 1348 ibidem
1114 1290 1384 1357 subditur,
1426 1289 1571 1361 quod
1596 1289 1762 1345 verba
1795 1289 2212 1362 componebant,
2247 1297 2302 1346 et
2347 1294 2496 1362 quod

491 1380 757 1437 Corinthii
791 1397 959 1438 causa
1000 1380 1242 1437 accurati
1271 1379 1538 1436 sermonis
1571 1393 1664 1433 eos
1700 1374 1962 1448 Apostolo
1986 1377 2371 1451 praeferebant.

470 1472 485 1480 '
559 1469 645 1526 Ad
685 1477 944 1543 quartum
982 1469 1291 1536 dicendum,
1331 1468 1479 1541 quod
1523 1465 1742 1540 quando
1776 1465 1984 1536 aliquid
2024 1466 2267 1523 totaliter
2298 1470 2498 1524 transit

489 1555 545 1612 in
568 1557 820 1624 alterum,
846 1573 953 1616 non
980 1559 1181 1614 dicitur
1199 1572 1320 1612 esse
1345 1555 1536 1611 mixtio
1557 1571 1572 1624 ;
1594 1554 1690 1610 sed
1713 1553 1930 1626 quando
1943 1561 2027 1610 est
2044 1555 2252 1626 mixtio,
2279 1562 2495 1625 utrum-

490 1661 595 1718 que
634 1646 981 1705 miscibilium
1028 1645 1363 1703 convertitur
1410 1645 1467 1700 in
1522 1658 1690 1699 unum
1728 1642 1970 1708 tertium,
2017 1650 2072 1700 et
2110 1642 2232 1698 ideo
2275 1645 2492 1717 quando

489 1734 697 1805 aliquid
736 1734 1051 1808 adjungitur
1083 1748 1257 1790 sacrae
1291 1733 1589 1804 Scripturae
1625 1731 1694 1787 de
1739 1729 2009 1804 sapientia
2036 1731 2305 1800 saeculari,
2346 1733 2494 1805 quod
2555 1803 2560 1807 ι

490 1821 637 1876 cedit
664 1822 721 1877 in
751 1822 877 1879 fidei
918 1822 1223 1886 veritatem,
1250 1820 1440 1876 vinum
1467 1833 1642 1876 sacrae
1675 1819 1972 1890 Scripturae
1998 1833 2102 1874 non
2129 1826 2211 1876 est
2238 1821 2489 1890 mixtum,

468 1907 586 1965 'sed
609 1923 803 1980 purum
827 1915 1093 1964 remanet.
1112 1907 1265 1962 Tunc
1282 1913 1467 1964 autem
1492 1907 1722 1962 mixtum
1739 1906 1818 1975 fit,
1842 1907 2061 1979 quando
2078 1908 2287 1981 aliquid
2311 1910 2498 1982 adjun-

492 1996 638 2068 gitur
684 1997 833 2070 quod
868 1996 1169 2067 corrumpit
1196 2008 1371 2051 sacrae
1398 1994 1696 2066 Scripturas
1735 1995 2048 2052 veritatem.
2094 1997 2248 2053 Unde
2281 1998 2496 2071 ‚Glossa

494 2084 696 2141 ibidem
720 2085 854 2140 dicit
882 2102 895 2139 ε
930 2103 957 2137 α
981 2083 1087 2155 Qui
1111 2089 1387 2155 praecepta
1413 2097 1587 2139 sacrae
1605 2082 1901 2155 Scripturae
1924 2084 2123 2157 quibus
2145 2084 2308 2142 debet
2333 2087 2497 2143 audi-

495 2178 641 2229 tores
686 2173 977 2245 corrigere,
1025 2173 1097 2229 ad
1138 2171 1353 2228 illorum
1380 2171 1722 2228 voluntatem
1767 2171 1992 2237 emollit,
2044 2189 2208 2230 sensu
2253 2191 2353 2230 suo
2391 2176 2496 2232 ad-

495 2261 664 2319 mixto
691 2261 880 2319 vinum
902 2261 1223 2335 corrumpit.
1255 2279 1282 2314 n
1301 2261 1371 2318 Et
1395 2277 1492 2334 per
1519 2260 1622 2317 hoc
1646 2268 1794 2333 patet
1823 2261 2104 2334 responsio
2125 2263 2192 2318 ad
2219 2264 2493 2336 quintum.

562 2351 646 2407 Ad
674 2358 893 2408 sextum
934 2350 1244 2417 dicendum,
1291 2349 1436 2422 quod
1466 2348 1662 2406 Glossa
1705 2347 1797 2404 illa
1834 2348 2074 2422 loquitur
2116 2349 2184 2406 de
2225 2352 2497 2424 sapientia

492 2439 763 2509 saeculari,
798 2454 925 2513 quae
961 2439 1192 2496 adversa
1221 2444 1305 2493 est
1334 2438 1467 2502 Deo,
1506 2436 1652 2510 quod
1681 2437 1948 2509 contingit
1976 2437 2194 2509 quando
2227 2439 2498 2512 sapientia

495 2529 775 2586 saecularis
817 2529 1038 2601 ponitur
1080 2525 1418 2600 principalis.
1455 2526 1608 2582 Tunc
1635 2525 1781 2580 enim
1822 2526 2071 2598 sequitur
2107 2527 2255 2601 quod
2299 2515 2499 2602 aliqu'is

496 2617 625 2674 velit
670 2617 918 2690 regulare
966 2616 1129 2672 fidem
1169 2615 1470 2672 secundum
1515 2614 1842 2671 documenta
1870 2615 2156 2685 sapientiae
2195 2617 2494 2685 saecularis,

496 2712 551 2760 et
573 2703 769 2761 exinde
785 2712 1086 2776 sequuntur
1111 2703 1345 2760 haereses
1364 2703 1659 2760 contrariae
1682 2701 1917 2760 Christo.
1937 2703 2010 2764 Et,
2030 2703 2131 2761 hoc
2147 2706 2307 2761 modo
2329 2705 2498 2762 etiam

497 2790 738 2864 loquitur
778 2792 994 2861 Glossa,
1026 2806 1261 2866 sequens
1286 2790 1512 2849 inducta
1536 2790 1605 2848 de
1642 2793 1800 2848 Prov.
1844 2792 1999 2849 Unde
2029 2801 2182 2865 patet
2217 2795 2499 2867 responsio

496 2878 565 2934 ad
596 2879 912 2952 septimum.
2457 2943 2466 2952 ,

563 2966 934 3036 Adoctavum
970 2967 1281 3035 dicendum,
1314 2966 1458 3041 quod
1491 2982 1597 3024 non
1624 2975 1752 3024 sunt
1792 2968 2111 3041 prohibendi
2140 2970 2269 3027 honi
2308 2971 2378 3028 ab
2417 2970 2502 3028 his

496 3073 621 3130 quae
648 3055 785 3114 bene
812 3057 1021 3114 faciunt
1050 3063 1269 3131 propter
1293 3056 1399 3114 hoc
1417 3056 1564 3129 quod
1588 3073 1655 3114 ex
1684 3058 2090 3130 comparatione
2115 3073 2305 3114 eorum
2330 3058 2504 3132 aliqui

497 3160 607 3202 non
629 3152 1068 3216 contemnuntur,
1106 3146 1202 3202 sed
1229 3145 1404 3218 magis
1428 3143 1506 3200 illi
1546 3146 1643 3218 qui
1681 3144 2213 3216 se'contemptibiles
2241 3144 2502 3204 reddunt.

498 3234 651 3291 Unde
673 3233 817 3293 sicut
853 3235 1094 3308 religiosi
1129 3250 1237 3291 non
1265 3241 1393 3292 sunt
1427 3233 1746 3307 prohibendi
1775 3233 1845 3289 ab
1872 3232 2126 3305 operibus
2152 3234 2506 3305 perfectionis

499 3328 721 3396 propter
737 3323 859 3392 hoc,
881 3322 1031 3397 quod
1052 3322 1221 3396 aliqui
1246 3321 1462 3395 praelati
1481 3338 1548 3378 ex
1572 3336 1760 3377 eorum
1781 3321 2188 3393 comparatione
2209 3322 2504 3380 carnaliter

497 3410 746 3468 viventes
784 3411 1223 3486 contemptibiles
1251 3411 1581 3478 redduntur;
1624 3409 1707 3465 ita
1743 3423 1843 3464 nec
1879 3408 2258 3482 religiosorum
2287 3411 2504 3469 deserta

499 3499 817 3571 praedicatio
858 3500 1304 3576 reprehendenda
1348 3507 1454 3567 est,
1505 3497 1756 3571 quamvis
1804 3497 2111 3573 aliquorum
2154 3501 2505 3573 praelatorum

500 3587 679 3646 minus
705 3589 922 3649 deserta
949 3590 1268 3665 praedicatio
1297 3593 1699 3647 contemnatur.
