2784 4392
505 298 640 341 xm.
675 312 752 325 -
781 292 1020 339 com-m
1061 292 1246 337 nme.
1292 292 1445 335 nou.
1488 290 1583 339 AB.
1610 291 1854 339 means.
1900 292 2107 338 Reme.
2274 273 2315 337 9

301 422 406 483 ret,
441 413 740 470 secundum
771 427 936 485 quain
975 408 1218 465 homines
1247 424 1280 464 a
1307 407 1541 481 pueritia
1579 407 1921 480 applicantur
1961 410 2067 465 illis
2097 409 2308 477 officiis,

303 504 390 560 vel
431 503 661 569 artibuS,
707 501 760 557 in
809 498 1006 572 quibus
1048 499 1217 555 vitam
1260 502 1386 553 sunt
1416 498 1614 553 acturi.
1662 498 1815 554 Sicut
1852 498 1944 570 qui
1989 498 2158 555 futuri
2190 505 2317 555 sunt

303 592 510 658 clerici,
552 607 678 647 mox
721 606 752 646 a
785 589 1020 662 pueritia
1066 587 1121 642 in
1149 586 1411 643 clericatu
1468 585 1809 653 erudiuntur,
1845 588 1939 659 qui
1984 586 2152 643 futuri
2191 594 2318 644 sunt

305 683 525 748 milites,
569 686 786 753 oportet
813 677 956 751 quod
983 693 1014 733 a
1054 674 1288 747 pueritia
1314 675 1370 730 in
1401 674 1729 731 militaribus
1756 676 2033 737 exercitiis
2060 678 2317 733 nutrian-

303 777 420 838 tur,
463 772 604 825 sicut
642 768 900 839 ⁷Vegetius
940 766 1075 820 dicit
1118 764 1172 819 in
1225 763 1317 818 lib.
1347 764 1416 820 de
1467 780 1525 819 re
1567 764 1807 832 Militari,
1852 764 1946 837 qui
1990 763 2161 821 futuri
2190 775 2317 823 sunt

305 859 464 925 fabri,
501 856 746 913 fabrilem
788 862 962 911 artem
1003 870 1034 910 a
1080 852 1311 925 pueritia
1353 852 1592 908 discunt.
1642 854 1750 909 Cur
1793 853 1959 924 igitur
1987 854 2045 910 in
2072 854 2174 911 hoc
2202 856 2318 915 solo

306 946 495 1019 regula
521 945 690 1011 fallet,
717 951 774 998 ut
799 943 892 1015 qui
918 942 1084 997 futuri
1102 950 1230 997 sunt
1250 942 1510 1012 religiosi,
1540 958 1645 997 non
1667 958 1698 998 a
1724 943 1957 1015 pueritia
1983 942 2037 998 in
2059 944 2318 1015 religione

307 1033 713 1092 exerceantur?
741 1032 1050 1102 Quinimmo
1081 1026 1308 1085 necesse
1325 1037 1410 1085 est
1454 1036 1513 1085 ut
1538 1040 1742 1103 quanto
1772 1030 1977 1104 aliquid
2003 1038 2087 1087 est
2119 1033 2319 1089 diffici-

309 1126 431 1192 lius,
466 1131 617 1183 tanto
643 1122 709 1178 ad
736 1122 866 1177 illud
899 1120 1223 1193 portandum
1263 1119 1439 1189 magis
1462 1119 1625 1175 homo
1650 1136 1681 1176 a
1709 1119 1940 1192 pueritia
1972 1131 2314 1178 consuescat.

378 1215 470 1271 Sic
501 1214 663 1283 igitur
707 1208 992 1266 manifeste
1033 1214 1287 1281 apparet,
1321 1209 1466 1280 quod
1496 1197 1553 1263 in
1581 1210 1765 1281 pueris
1791 1208 1967 1266 locum
1997 1226 2101 1265 non
2131 1210 2313 1278 habet,

309 1303 456 1379 quod
487 1302 676 1357 dicunt
715 1306 966 1372 oportere
995 1298 1233 1370 aliquem
1271 1298 1421 1370 prius
1456 1297 1510 1353 in
1551 1297 1823 1357 mandatis
1852 1298 2113 1368 exerceri,
2152 1314 2317 1373 quam

311 1394 381 1451 ad
406 1390 632 1449 consilia
663 1396 906 1446 transeat
931 1386 1248 1458 religionem
1279 1385 1553 1443 intrando.

1084 1610 1366 1679 CAPUT
1431 1612 1546 1679 IV.

321 1776 502 1855 Quod
521 1773 822 1855 proedieta
849 1770 1096 1833 assertio
1127 1770 1318 1832 locam
1344 1788 1464 1832 non
1492 1768 1711 1833 habet
1684 1788 1751 1835 m
1787 1769 1883 1835 Itis
1922 1771 2033 1855 qui
2067 1772 2137 1837 de
2166 1789 2313 1837 novo

936 1864 1366 1923 convertuntur
1394 1859 1476 1922 aci
1494 1859 1692 1937 fidem.

384 2019 539 2074 Nunc
569 2014 752 2071 videre
781 2016 1013 2083 oportet,
1051 2019 1232 2066 utrum
1263 2010 1364 2067 hoc
1394 2009 1573 2067 locum
1601 2010 1803 2068 habere
1830 2012 2001 2084 possit
2027 2013 2083 2070 in
2112 2014 2196 2071 his
2226 2018 2343 2090 qui-

315 2122 484 2179 nuper
522 2104 592 2161 ad
633 2102 795 2159 fidem
841 2106 966 2157 sunt
1003 2099 1269 2166 conversi,
1302 2098 1501 2172 quibus
1529 2100 1573 2155 si
1606 2100 1729 2172 quis
1768 2100 2045 2172 religionis
2074 2102 2319 2161 habiturn

316 2195 610 2251 intercidat
639 2201 918 2263 tamquam
961 2189 1014 2247 in
1055 2189 1344 2261 praeceptis
1380 2204 1489 2245 non
1514 2189 1848 2258 exercitatis,
1882 2191 2057 2262 primo
2096 2205 2319 2267 aspectu

316 2282 616 2340 absurdum
657 2289 900 2352 apparet,
941 2292 1065 2333 cum
1106 2284 1319 2333 constat
1350 2276 1549 2333 Christi
1584 2278 1880 2352 discipulos
1920 2281 2107 2338 statim
2139 2284 2192 2338 in
2222 2300 2319 2339 sua

315 2372 670 2429 conversione
700 2368 768 2424 ad
792 2368 974 2429 fidem,
999 2378 1116 2421 esse
1141 2372 1449 2437 assumptos
1475 2365 1542 2422 ad
1568 2366 1765 2424 Christi
1796 2368 2103 2441 collegium,
2136 2372 2190 2427 in
2212 2388 2319 2444 quo
2384 2393 2392 2399 ·
2444 2388 2450 2393 ·

317 2464 552 2535 primum
599 2454 874 2529 exemplar
927 2453 1277 2511 consiliorum
1320 2453 1666 2526 perfectionis
1709 2458 1979 2529 appa-ruit,
2030 2464 2087 2514 et
2116 2460 2319 2534 absque

317 2550 484 2606 dubio
507 2549 900 2619 cujuscumque
925 2540 1201 2612 religionis
1230 2550 1435 2598 statum
1462 2544 1713 2601 excessit.
1742 2545 1863 2615 Ipse
1889 2562 2105 2619 quoque
2126 2550 2322 2606 Paulus

321 2640 462 2694 inter
518 2632 807 2707 Apostolos
860 2630 1214 2687 conversione
1264 2630 1611 2697 novissimuS,
1665 2631 2050 2703 praedicatione
2114 2637 2321 2707 primus

320 2723 610 2783 statim'ad
638 2722 802 2778 fidem
829 2733 1143 2787 conversuS,
1174 2719 1320 2776 viam
1358 2718 1705 2792 perfectionis
1738 2723 2035 2793 evangeliae
2068 2728 2319 2798 sumpsit.

321 2816 468 2873 Dicit
491 2813 636 2869 enim
665 2810 734 2867 ad
760 2808 943 2867 Galat.
965 2825 1002 2875 1,
1032 2810 1098 2863 ⁴5
1125 2825 1138 2863 :
1165 2808 1300 2868 Cum
1324 2815 1502 2864 autem
1522 2808 1725 2879 placuit
1746 2808 1794 2864 ei
1820 2810 1910 2880 qui
1934 2827 2013 2867 me
2036 2816 2324 2886 seyreyavit

323 2922 386 2964 ex
425 2909 580 2959 utero
617 2898 807 2955 matris
833 2912 978 2963 meai,
1010 2902 1071 2953 ut
1111 2903 1319 2953 vocaret
1357 2912 1460 2967 per
1485 2896 1720 2967 qratiam
1760 2914 1930 2965 suam,
1971 2908 2033 2958 ut
2068 2902 2325 2960 revelaret

323 2993 496 3063 filium
531 3004 682 3044 suum
722 2987 910 3050 inme,
938 2991 999 3042 ut
1043 2984 1459 3057 evanyelizarem
1501 2985 1742 3047 illumin
1780 2987 2039 3059 pentibus,
2079 2990 2326 3047 continuo

323 3098 430 3137 uon
453 3075 692 3149 acquievi
714 3074 868 3132 carni
900 3080 948 3130 et
976 3073 1246 3146 sanquini.
1274 3070 1395 3129 Hoc
1424 3074 1589 3129 etiam
1618 3088 1685 3129 ex
1714 3074 1883 3147 ipsius
1908 3077 2106 3134 Christi
2137 3094 2327 3135 exem-

325 3169 414 3243 plo
445 3167 602 3224 nobis
635 3163 958 3221 ostenditur.
998 3163 1221 3234 Legitur
1256 3162 1401 3217 enim
1438 3162 1678 3219 Matthaei
1712 3178 1787 3231 ιν,
1838 3175 1956 3237 post
2000 3166 2327 3238 baptismum

326 3256 547 3323 Christi,
593 3254 736 3328 quod
783 3260 913 3308 tunc
949 3253 1105 3309 Jesus
1134 3250 1330 3307 ductus
1373 3258 1456 3305 est
1499 3251 1553 3306 in
1583 3252 1858 3309 desertum
1896 3268 1927 3308 a
1972 3255 2185 3327 spiritu,
2239 3257 2329 3312 ubi

327 3348 461 3403 dicit
486 3345 665 3402 Gloss.
691 3360 704 3399 ε
733 3362 760 3395 α
783 3343 954 3409 Tunc,
977 3340 1032 3397 id
1055 3348 1158 3407 est,
1183 3345 1304 3412 post
1329 3339 1679 3412 baptismum,
1702 3340 1903 3397 docens
1930 3341 2237 3413 baptizatos
2264 3344 2333 3399 de

325 3434 532 3493 mundo
559 3432 724 3498 exire,
757 3439 813 3488 et
854 3431 908 3485 in
932 3430 1118 3507 quiete
1147 3428 1262 3484 Deo
1291 3443 1505 3484 vacare.
1536 3448 1561 3480 »
1588 3430 1703 3485 Hoc
1729 3430 1895 3484 etiarn
1925 3445 1991 3485 ex
2039 3429 2333 3489 multorum

329 3519 588 3581 laudabili
617 3519 1009 3582 consuetudine
1037 3515 1386 3589 approbatur,
1421 3517 1514 3589 qui
1545 3516 1614 3572 ab
1639 3516 1959 3572 infidelitate
1990 3531 2334 3593 quacumque

328 3614 396 3670 ad
445 3610 606 3667 fidem
650 3608 848 3665 Christi
889 3605 1158 3671 conversi,
1203 3605 1392 3659 statim
1432 3604 1678 3660 habitum
1721 3604 1998 3674 religionis
2026 3619 2333 3668 assumunt.

329 3698 464 3768 Quis
493 3702 676 3753 antem
703 3694 806 3751 erit
831 3700 944 3751 tam
969 3690 1245 3765 improbus
1275 3689 1600 3761 disputator,
1637 3689 1766 3762 quia
1796 3688 1995 3745 audeat
2025 3691 2104 3747 eis
2134 3708 2338 3753 consu-

330 3787 548 3854 lere,·ut
577 3784 756 3856 potius
787 3784 844 3841 in
867 3782 1066 3839 saeculo
1087 3784 1424 3844 remaneant,
1461 3793 1623 3851 quam
1654 3777 1707 3833 in
1736 3776 1993 3848 religione
2022 3790 2339 3855 perceptam

330 3874 589 3949 baptismi
619 3872 852 3948 gratiam
882 3870 1138 3933 studeant
1175 3867 1538 3930 conservare?
1568 3866 1701 3941 Quis
1728 3882 1877 3930 sanae
1912 3869 2111 3929 mentis
2140 3870 2210 3933 ab
2238 3873 2342 3937 hoo
