2784 4392
449 237 576 320 ‘164
936 273 991 322 s.
1033 271 1269 351 wnoufn
1309 270 1641 326 Aoununs
1678 269 1989 320 oruscum

458 391 717 448 collectas
748 407 847 465 per
883 405 1074 448 omnes
1112 391 1407 458 EcclesiaS,
1437 396 1492 447 et
1530 391 1806 465 praecipue
1842 406 1966 446 cum
2005 391 2227 465 ipsimet
2266 393 2476 451 victum

459 482 771 554 acciperent
808 479 878 536 eb
924 479 1008 536 his
1048 480 1247 552 quibus
1292 478 1685 552 praedicabant,
1734 486 1793 535 ut
1836 486 1987 552 patet
2032 481 2051 535 Ι
2098 482 2344 537 Corinth.
2385 499 2471 539 xi.

453 569 602 642 Ergo
625 569 818 625 'multo
848 569 1041 626 fortius
1068 567 1145 622 illi
1175 567 1268 641 qui
1300 567 1621 640 praedicant,
1655 569 1908 641 quamvis
1938 585 2045 625 non
2086 571 2195 624 sint
2236 571 2472 642 praelati,

457 657 554 713 sed
582 673 612 713 a
633 656 874 730 praelatis
900 656 1069 721 missi,
1098 662 1326 728 possunt
1353 657 1423 711 de
1451 655 1745 727 Evangelio
1769 656 1975 713 vivere.

527 747 685 812 Item,
718 746 889 818 Magis
917 751 1281 816 cooperantur
1305 744 1549 816 praelatis
1579 745 1649 800 ad
1677 745 2033 816 Evangelium
2061 746 2473 818 praedicandum

459 834 536 891 illi
565 837 660 907 qui
703 851 769 890 ex
810 850 998 890 eorum
1044 835 1379 906 injunctione
1419 833 1772 905 Evangelium
1816 834 2136 906 praedicant,
2184 853 2349 908 quam
2395 836 2472 893 illi

459 923 554 997 qui
585 924 639 978 in
677 923 798 979 aliis
835 924 1152 978 ministeriis
1184 924 1266 978 eis
1293 911 1688 994 obsequuntur.
1722 923 1824 978 Sed
1864 923 2072 994 praelati
2110 925 2475 996 praedicantes

459 1011 812 1082 Evangelium
840 1019 1066 1083 possunt
1085 1012 1332 1084 accipere
1355 1019 1606 1083 sumptus
1625 1025 1729 1067 non
1756 1011 1933 1066 solum
1959 1026 2055 1083 pro
2080 1028 2158 1078 se,
2187 1014 2280 1068 sed
2304 1016 2472 1071 etiam

459 1115 559 1171 pro
581 1098 786 1156 familia
811 1116 929 1168 sua,
949 1115 1075 1173 quae
1088 1101 1168 1156 eis
1189 1100 1483 1155 ministrat.
1506 1099 1647 1170 Ergo
1663 1098 1835 1154 multo
1860 1099 2055 1156 fortius
2077 1100 2154 1156 illi
2176 1101 2269 1174 qui
2288 1102 2474 1158 Evan-

459 1188 662 1259 gelinm
693 1190 1017 1246 annuntient
1041 1205 1110 1244 ex
1131 1187 1513 1244 commissione
1540 1186 1912 1260 praelatorum,
1942 1195 2171 1261 possunt
2193 1190 2261 1245 de
2291 1190 2473 1246 Evan-

460 1276 601 1346 gelio
629 1277 832 1333 vivere.
1069 1319 1076 1324 .
1194 1342 1204 1352 ,

459 1411 466 1416 .
528 1367 688 1422 ltem.
717 1365 812 1444 Ille
840 1365 933 1438 qui
961 1364 1226 1437 impendit
1258 1362 1468 1436 aliquid
1497 1364 1667 1436 gratis
1691 1365 1761 1421 ed
1789 1365 1935 1437 quod
1961 1380 2067 1422 non
2096 1373 2331 1436 tenetur,
2360 1384 2471 1426 non

455 1457 642 1514 minus
671 1461 850 1528 potest
875 1453 1116 1526 recipere
1141 1453 1337 1518 vicem,
1372 1467 1539 1525 quam
1569 1452 1659 1507 ille
1689 1454 1782 1526 qui
1810 1455 2074 1526 impendit
2096 1454 2202 1512 hoc
2224 1456 2290 1513 ed
2322 1459 2469 1530 quod

458 1550 680 1598 tenetur
713 1559 725 1595 ε
772 1541 867 1596 sed
908 1538 1119 1612 praelati
1151 1539 1374 1610 obligati
1406 1547 1533 1596 sunt
1562 1537 1813 1611 plebibus
1842 1542 1910 1596 ad
1938 1540 2041 1596 hoc
2069 1542 2215 1615 quod
2245 1544 2325 1598 eis
2352 1545 2474 1616 spi-

453 1630 684 1688 ritualia
713 1629 1042 1694 ministrent,
1076 1628 1220 1684 unde
1248 1628 1383 1684 dicit
1412 1627 1723 1701 Apostolus,
1750 1627 1795 1684 1.
1829 1629 1952 1684 Cor.
1986 1645 2067 1696 ix,
2108 1631 2174 1686 ⁴6
2204 1646 2217 1685 t
2246 1629 2389 1688 Nam
2420 1640 2471 1690 et

454 1719 511 1774 si.
537 1718 983 1789 evangelizavero,
1009 1733 1116 1772 non
1143 1723 1218 1772 est
1240 1715 1374 1772 mihi
1402 1715 1599 1787 pluria,
1630 1715 1908 1772 necessitas
1935 1716 2077 1772 enim
2104 1718 2236 1773 mihi
2258 1718 2469 1776 iuncum-

461 1806 560 1864 bic.
595 1806 684 1862 Vae
707 1804 850 1859 enim
875 1803 1010 1858 mihi
1032 1809 1129 1868 est,
1149 1804 1325 1859 sinon
1347 1804 1794 1875 evanqelizavero.
1818 1804 1958 1876 Ergo
1984 1804 2060 1860 illi
2090 1807 2181 1878 qui
2211 1823 2313 1863 non
2342 1816 2471 1864 sunt

461 1893 696 1966 praelati,
731 1907 830 1948 nec
859 1893 914 1948 in
933 1890 1119 1963 aliquo
1151 1890 1399 1963 plebibus
1420 1900 1693 1962 tenentur,
1727 1909 1834 1948 non
1860 1895 2039 1950 minus
2068 1902 2293 1966 possunt
2324 1896 2471 1953 licite

463 1983 713 2053 accipere
743 1977 1064 2052 temporalia
1093 1979 1164 2034 ab
1193 1979 1272 2034 eis
1297 1980 1496 2052 quibus
1526 1980 1849 2053 praedicant.

531 2071 688 2125 Item.
723 2068 1060 2139 Augustinus
1094 2067 1227 2122 dicit
1258 2068 1312 2122 in
1345 2067 1482 2124 libro
1514 2069 1591 2124 De
1618 2086 1773 2141 opere
1798 2083 2001 2126 monae.
2035 2087 2054 2128 .·
2088 2092 2113 2125 α
2144 2072 2201 2128 Si
2226 2089 2472 2146 evange-

461 2159 604 2215 listae
633 2155 1036 2224 sunt,'scilicet‚
1068 2156 1121 2212 hi
1152 2154 1413 2228 religiosi,
1440 2156 1634 2223 fateor,
1664 2158 1865 2215 habent
1887 2165 2236 2232 potestatem,
2260 2163 2471 2220 scilicet

461 2247 681 2311 ,vivendi
707 2248 776 2303 de
799 2245 1106 2318 sumptibus
1130 2245 1374 2301 fidelium
1406 2263 1419 2300 ε
1453 2246 1547 2302 sed
1578 2262 1684 2301 non
1710 2247 1808 2303 soli
1838 2248 2047 2319 praelati
2074 2258 2200 2304 sunt
2229 2267 2472 2322 evange-

461 2337 625 2401 listae,
653 2335 747 2391 sed
773 2349 962 2389 omnes
989 2335 1082 2408 qui
1103 2333 1479 2406 evangelizare
1502 2342 1745 2406 possunt,
1772 2335 1938 2392 etiam
1968 2337 2243 2405 diacone3‚
2273 2358 2299 2390 n
2328 2342 2470 2397 unde

460 2424 598 2496 Eph.
649 2440 727 2492 iv,
774 2424 859 2491 Η,
892 2421 1186 2495 Apostolus
1232 2422 1368 2478 dicit
1410 2439 1423 2476 ε
1458 2421 1617 2479 Dedit
1646 2422 1894 2494 quosdam
1923 2422 2129 2495 quidem
2173 2426 2467 2498 Apostolos,

461 2513 712 2586 quosdam
739 2519 916 2569 autem
941 2511 1256 2583 Prophetas,
1277 2510 1411 2568 alios
1429 2526 1554 2567 vero
1576 2511 1967 2581 Evanqelistas,
1988 2513 2120 2569 alios
2146 2523 2322 2572 autem
2335 2533 2473 2588 pas-

462 2609 603 2660 tores
625 2608 676 2658 et
704 2601 959 2666 doctores,
989 2600 1330 2670 distinguens
1366 2599 1746 2671 Evangelistas
1796 2616 1827 2656 a
1859 2602 2167 2673 pastoribus
2207 2609 2264 2659 et
2290 2607 2471 2677 Apos-

462 2689 607 2756 tolis,
641 2705 736 2760 per
764 2705 902 2761 quos
941 2687 1150 2760 praelati
1180 2686 1580 2758 intelliguntur.
1615 2689 1757 2760 Ergo
1787 2690 2121 2763 quicumque
2145 2693 2467 2764 praedicant,
2500 2727 2517 2738 ·

460 2777 578 2835 sive
606 2777 715 2833 sint
738 2776 974 2848 praelati,
1006 2775 1124 2830 sive
1151 2791 1277 2843 non,
1306 2784 1537 2848 possunt
1565 2777 1634 2832 de
1661 2778 2196 2851 Evangelio'vivere.

532 2865 688 2920 item.
719 2863 867 2920 Inter
896 2877 1087 2920 omues
1113 2865 1500 2936 occupationes
1518 2864 1919 2922 ecclesiasticas
1948 2867 2162 2938 dignior
2190 2876 2273 2925 est
2301 2885 2471 2927 occu-

459 2952 611 3026 patio
645 2966 834 3008 eorum
872 2951 967 3024 qui
1010 2951 1236 3008 verbum
1273 2951 1374 3007 Dei
1405 2954 1751 3019 annuntiant,
1797 2953 1941 3012 unde
1983 2955 2197 3024 ari-thoe
2224 2957 2473 3016 Christus

459 3041 675 3097 venisse
699 3056 760 3096 se
803 3043 1090 3107 monstrat,
1123 3041 1290 3097 Marc.
1337 3055 1356 3096 ι
1385 3039 1522 3096 :Ad
1558 3041 1651 3095 hoe
1672 3041 1861 3098 missus
1882 3031 2473 3110 sum0.:De'monstratur

460 3131 630 3187 etiam
667 3129 843 3196 lsaiae,
891 3143 1008 3196 in,
1054 3130 1076 3182 ⁴
1120 3144 1134 3184 τ
1179 3128 1268 3184 Ad
1306 3126 1800 3198 Evanyelizandum
1836 3129 2163 3205 puaperibus
2188 3130 2340 3186 misit
2368 3147 2468 3186 me.

461 3219 532 3278 Et
557 3220 625 3275 ad
656 3219 758 3274 lioc
804 3219 972 3276 etiam
1001 3215 1200 3274 Paulus
1223 3216 1457 3272 missum
1489 3231 1547 3271 se
1576 3216 1761 3280 dicit-1
1790 3217 1913 3279 Coit.
1956 3233 1999 3284 1,
2025 3219 2094 3272 ⁴7
2121 3236 2134 3272 ε
2176 3218 2301 3275 Non
2328 3218 2471 3276 enim

460 3309 608 3366 misit
636 3323 714 3363 me
743 3307 989 3364 Christus
1015 3305 1313 3378 baptizare,
1343 3303 1435 3358 sed
1460 3304 1847 3376 evangelizare.
1878 3305 1985 3362 Sed
2010 3304 2084 3360 illi
2116 3307 2208 3378 qui
2231 3321 2472 3378 occupa-

461 3396 700 3452 tionibus
726 3393 1126 3450 Ecclesiasticis
1160 3392 1533 3465 implicentur,
1560 3406 1679 3458 notk
1698 3389 1900 3458 &fient
1931 3393 2179 3448 manibus
2201 3392 2467 3461 laborare,

461 3485 560 3544 sed
602 3485 670 3540 de
720 3483 882 3539 rebus
925 3479 1186 3538 Ecclesiae
1231 3481 1439 3546 vivere,
1472 3488 1534 3537 ut
1573 3480 1707 3534 dicit
1733 3479 2070 3552 Augustinus
2116 3483 2169 3536 in
2214 3481 2351 3537 libro
2397 3483 2474 3538 De

461 3587 616 3644 opere
639 3587 780 3626 mon.
805 3571 872 3626 de
899 3587 960 3626 se
979 3570 1098 3643 ipso
1114 3568 1360 3643 loquens.
1387 3567 1527 3638 Ergo
1552 3566 1722 3623 multo
1746 3567 1943 3623 fortius
1972 3568 2048 3622 illi
2075 3570 2167 3640 qui
2194 3584 2475 3641 occupau-

461 3659 637 3715 turin
683 3659 1074 3732 praedicatione
1115 3656 1266 3712 verbi
1297 3657 1397 3712 Dei
1448 3662 1676 3729 possunt
1720 3656 1837 3712 sine
1885 3655 2070 3712 labore
2100 3671 2358 3714 manuum
2402 3655 2473 3712 de

460 3745 759 3816 Evangelio
791 3749 995 3806 vivere.

521 3832 693 3900 item.
737 3831 936 3890 Utilius
981 3842 1067 3906 est
1107 3834 1517 3906 praedicationis
1558 3833 1796 3892 officium
1821 3850 1989 3908 quam
2032 3834 2408 3894 advocationis
2452 3850 2469 3894 τ
