2784 4392
548 272 678 314 xxv.
710 285 789 300 —-
816 271 1052 314 con-riu
1094 270 1305 313 mem.
1356 271 1455 311 om
1498 269 1669 313 cour.
1717 239 1801 312 Μ’
1838 273 2037 316 nme.
2178 257 2296 318 249

294 385 378 442 cie
402 391 560 443 tenus
582 386 843 441 virtutem
873 386 990 456 ejus
1013 384 1304 456 abnegant,
1327 384 1575 440 infideles
1604 385 1920 443 existentes.
1948 388 2097 444 Multi
2130 392 2296 447 etiam

295 474 556 540 haeretici,
604 475 697 547 qui
745 489 868 529 cum
911 474 1155 529 Ecclesia
1203 473 1258 528 in
1311 475 1672 531 sacramentis
1722 478 2073 534 conveniunt.
2113 474 2295 554 Aliqui

293 564 435 618 onim
462 570 806 620 sacramenta
845 562 1104 619 Ecclesiae
1132 563 1421 635 recipiunt,
1452 562 1521 619 ad
1571 564 1747 620 minus
1790 565 1858 620 ad
1886 569 2283 638 apparentiam.

247 697 255 705 .
292 653 433 708 Dato
461 651 625 707 etiam
655 652 802 724 quod
836 659 1101 724 quantum
1133 651 1199 706 ad
1231 651 1332 706 hoc
1359 651 1807 726 per'Achitophel
1832 655 2290 726 significarentur,

293 755 400 794 non
425 748 606 796 tamen
626 747 841 812 oportet
880 748 1146 812 quantum
1172 739 1238 795 ad
1270 739 1373 795 hoc
1409 741 1555 812 quod
1595 740 1916 814 Achitophel
1958 743 2013 799 in
2056 745 2295 801 consiliis

294 829 456 886 fuerit
477 830 736 886 famosus.
760 830 862 884 Hic
890 830 1056 884 etiarn
1084 843 1272 884 eorum
1303 844 1590 900 processus
1618 846 1685 885 ex
1714 832 2027 903 conjectura
2056 832 2291 890 humana

292 918 585 990 procedere
614 925 861 990 apparet,
895 918 1037 972 sicut
1085 918 1139 971 in
1178 917 1284 972 illis
1323 917 1417 990 qui
1446 933 1542 990 per
1587 918 1775 990 plagas
1816 919 2035 992 AEgypti
2083 921 2295 978 futuras

294 1009 699 1077 persecutiones
722 1006 980 1062 Ecclesiae
1001 1005 1302 1078 praedicere
1331 1005 1640 1070 voluerunt,
1675 1014 1734 1060 nt
1759 1022 1923 1079 supra
1954 1009 2160 1065 dictum
2185 1019 2291 1067 est.

362 1096 552 1151 Adhuc
575 1095 877 1168 procedunt
907 1094 1152 1160 ulteriuS,
1177 1102 1231 1150 et
1260 1093 1547 1149 ostendere
1574 1094 1759 1151 volunt
1784 1096 1928 1169 qnod
1958 1097 2093 1154 tales
2117 1101 2289 1154 nuntii

292 1185 608 1240 Antichristi
655 1187 796 1239 inter
833 1199 926 1239 eos
960 1184 1322 1249 invenientur,
1356 1184 1448 1255 qui
1494 1190 1619 1238 sunt
1662 1185 1730 1239 ad
1770 1186 1995 1242 consilia
2039 1187 2285 1260 obligati,

289 1287 387 1345 pcr
409 1273 510 1329 hoc
547 1275 691 1346 quod
723 1273 857 1329 dicit
885 1273 1181 1344 Gregorius
1222 1289 1385 1345 super
1418 1271 1548 1327 illud
1593 1272 1695 1328 Job
1718 1289 1827 1329 xxx
1854 1291 1866 1329 ε
1896 1273 1987 1330 Ad
2018 1275 2287 1332 ‹leoeteram

289 1363 532 1428 orientis,
560 1374 668 1418 etc.
704 1381 717 1417 ε
749 1383 775 1415 α
811 1363 891 1418 Ad
930 1362 1212 1416 dexteram
1239 1361 1451 1432 (inquit)
1484 1360 1711 1414 orientis
1735 1360 2080 1419 calamitates
2105 1366 2287 1421 insur-

289 1460 443 1521 gunt,
476 1451 602 1521 qnia
633 1451 684 1504 hi
720 1466 938 1522 quoque
962 1450 1032 1504 ad
1079 1449 1510 1520 persecutionem
1559 1447 1820 1504 Ecclesiae
1860 1450 2164 1520 prosiliunt,
2194 1455 2286 1526 qui

289 1540 464 1595 electa
492 1540 729 1594 mambra
755 1539 1135 1610 Redemptoris
1162 1552 1280 1593 esse
1311 1536 1704 1604 credebantur;
1736 1556 1763 1588 »
1794 1538 1889 1593 sed
1921 1555 2016 1609 per
2046 1539 2149 1596 hoc
2183 1559 2289 1598 non

288 1633 470 1700 potest
494 1626 731 1699 probari,
769 1626 913 1696 quod
959 1625 1303 1680 inveniantur
1346 1623 1489 1676 inter
1538 1623 1732 1692 ligatos
1769 1623 1839 1678 ad
1882 1626 2125 1692 consilia,
2160 1631 2289 1700 quia

291 1731 385 1786 por
413 1715 585 1770 electa
615 1714 856 1769 membra
886 1728 1011 1785 quae
1041 1728 1134 1783 per
1164 1712 1444 1766 dexteram
1475 1710 1874 1782 significantur,
1908 1728 2095 1770 omnes
2118 1715 2290 1772 bonos

291 1804 562 1875 intelligit,
584 1805 725 1858 unde
755 1802 958 1857 ibidem
987 1801 1121 1856 dicit
1146 1818 1158 1854 :
1181 1820 1204 1851 α
1234 1800 1293 1854 ln
1320 1799 1423 1855 ho'c
1452 1798 1571 1854 loco
1591 1798 1832 1858 dexterae
1859 1803 2124 1860 vocabulo
2150 1805 2290 1862 fide-

291 1893 356 1947 lis
405 1892 636 1966 populns
681 1890 940 1946 Ecclesiae
995 1895 1200 1944 sanctae
1242 1889 1583 1958 designatur.
1634 1907 1659 1939 »
1710 1889 1816 1946 Sed
1864 1891 1911 1946 si
1968 1893 2135 1949 etiam
2193 1913 2289 1968 per

292 1982 531 2038 membra
555 1980 727 2036 electa
753 1994 859 2034 non
879 1977 1255 2049 significantur
1285 1978 1388 2034 nisi
1421 1977 1667 2048 perfecti,
1702 1977 1879 2034 adhuc
1903 1980 2152 2052 probatio
2184 2001 2287 2040 non

289 2077 370 2124 est
391 2069 600 2135 efficax,
631 2068 758 2139 quia
793 2066 960 2122 etiam
990 2065 1155 2136 aliqui
1187 2071 1315 2120 sunt
1357 2065 1584 2136 perfecti
1631 2072 1855 2139 propter
1896 2070 2287 2140 gradum'cha·

292 2159 488 2221 ritatis,
525 2155 739 2212 etiamsi
779 2156 888 2210 sint
935 2155 1282 2208 matrimonio
1328 2154 1626 2224 conjuncti.
1674 2155 1891 2211 Praelati
1946 2160 2113 2216 etiam
2162 2170 2288 2217 sunt

292 2245 513 2318 perfecti
543 2249 806 2314 quantum
830 2241 898 2295 ad
928 2248 1153 2306 statum,
1174 2240 1316 2295 unde
1335 2257 1433 2312 per
1458 2241 1632 2296 electa
1658 2242 1901 2300 membra
1928 2261 2033 2302 uon
2061 2259 2289 2328 possunt

289 2335 388 2389 soli
418 2331 652 2402 religiosi
691 2327 940 2397 intelligi,
968 2328 1064 2382 sed
1114 2328 1165 2382 in
1213 2343 1469 2400 processu
1518 2330 1826 2400 hujusmodi
1870 2333 2027 2404 plane
2066 2347 2290 2409 apparet

291 2421 503 2478 fallacia
548 2416 952 2488 consequentis.
985 2414 1220 2470 Probare
1254 2417 1423 2470 etiam
1458 2417 1705 2472 nituntur
1730 2417 1833 2474 hoc
1871 2420 2012 2476 idem
2055 2440 2151 2495 per
2188 2426 2290 2481 hoc

291 2511 433 2584 quod
460 2509 661 2565 dicitur
683 2506 874 2562 Matth.
910 2519 973 2570 11,
1006 2506 1074 2558 ⁴3
1106 2521 1117 2557 ε
1150 2503 1424 2560 Futurum
1450 2510 1607 2560 estut
1645 2505 1879 2561 Herodes
1915 2517 2126 2581 quaerat
2152 2529 2291 2584 pue-

291 2617 414 2656 rum
443 2599 513 2653 ad
536 2595 862 2669 perdendum
890 2609 1029 2659 eum,
1051 2591 1246 2649 Glossa
1269 2611 1280 2646 :
1303 2613 1327 2644 α
1358 2591 1536 2661 Quam
1562 2595 1673 2649 cito
1702 2594 1978 2654 Christum
2008 2598 2061 2654 in
2091 2603 2289 2657 mundo

292 2689 562 2762 apparuit,
602 2685 808 2754 incepit
861 2684 914 2738 in
960 2697 1086 2738 cum
1128 2683 1455 2754 persecutio,
1502 2698 1627 2755 quae
1671 2684 1984 2756 praefigurat
2031 2705 2289 2758 persecu-

294 2781 495 2834 tionem
520 2780 852 2830 sanctorum.
887 2791 912 2822 n
940 2771 1007 2827 Et
1037 2771 1160 2827 ideo
1187 2770 1538 2837 concludunt,
1574 2772 1718 2844 quod
1763 2773 1905 2831 sicut
1952 2776 2007 2830 in
2054 2777 2291 2836 adventu

294 2864 491 2922 Christi
517 2879 578 2916 se
601 2866 968 2932 opposuerunt
993 2858 1209 2915 Christo
1232 2859 1327 2932 qui
1350 2860 1689 2931 sapientores
1717 2868 1772 2918 et
1806 2865 2107 2922 sanctiores
2134 2869 2292 2924 vide-

294 2956 510 3016 bantur,
543 2949 745 3006 seilicet
781 2947 984 3003 Scribae
1013 2954 1068 3002 et
1092 2947 1370 3014 Pharisaei,
1402 2949 1480 3004 ita
1510 2950 1677 3005 etiam
1705 2965 1764 3006 se
1811 2961 2085 3026 opponent
2116 2941 2295 3012 fl‘deti-

295 3044 395 3098 bns
419 3039 617 3097 Christi
646 3038 699 3092 in
732 3037 835 3091 fine
864 3036 957 3106 qui
987 3037 1262 3107 sapientes
1289 3042 1345 3090 et
1372 3040 1549 3092 sancti
1587 3038 1859 3105 videntur,
1892 3040 2101 3099 scilicet
2141 3044 2292 3099 litte·

295 3132 399 3188 rati
449 3135 503 3185 et
541 3126 809 3197 religiosi3
855 3123 950 3178 sed
995 3123 1110 3179 haec
1149 3122 1399 3195 probatio
1435 3139 1541 3179 non
1582 3135 1668 3181 est
1710 3126 1920 3194 efficax,
1950 3131 2080 3201 quia
2128 3134 2295 3188 etiam

295 3219 570 3274 Christum
593 3231 702 3270 non
727 3211 902 3268 solum
923 3212 1195 3282 persecuti
1223 3219 1348 3266 sunt
1376 3211 1582 3268 Scribae
1614 3219 1668 3267 et
1710 3213 1988 3283 Pharisaei,
2017 3218 2112 3272 sed
2144 3221 2297 3291 prin-

296 3310 446 3378 cipes
473 3303 836 3367 sacerdotum,
873 3307 928 3354 ut
961 3303 1114 3354 Anna
1139 3307 1194 3353 et
1220 3298 1473 3369 CaiphaS,
1503 3306 1558 3354 et
1585 3300 1857 3373 principes
1899 3303 2209 3372 saeculareS,
2237 3318 2297 3365 ut

297 3393 540 3450 Herodes
571 3396 626 3444 et
653 3388 880 3445 Pilatus.
911 3388 1025 3444 Nec
1071 3387 1146 3442 illi
1192 3387 1282 3459 qui
1328 3387 1601 3443 Christum
1647 3392 1917 3459 persecuti
1966 3401 2110 3460 sunt,
2144 3407 2299 3453 erant

297 3480 458 3538 simul
491 3494 681 3537 omnes
718 3476 922 3533 Scriboe
965 3483 1019 3531 ot
1055 3473 1333 3541 Pharisaei,
1368 3475 1465 3529 sed
1507 3475 1731 3548 quidam
1774 3478 2031 3536 Pharisaei
2065 3488 2296 3542 tantum.

299 3572 450 3630 Unde
479 3585 547 3624 ex
565 3567 670 3622 hoc
699 3580 805 3620 non
837 3570 1014 3636 potest
1041 3553 1394 3635 haberi'quod
1420 3563 1729 3630 intendunt,
1748 3566 1879 3637 quia
1892 3567 2012 3625 haec
2031 3573 2173 3629 ratio
2198 3591 2301 3630 non

301 3659 473 3731 magis
504 3657 678 3727 tangit
708 3653 992 3725 religiosos
1021 3652 1294 3708 litteratos
1321 3666 1490 3723 quam
1514 3651 1847 3722 illitteratos,
1880 3673 1983 3714 nec
2010 3674 2103 3716 eos
2125 3664 2301 3734 magis

300 3764 463 3823 quam
494 3746 749 3820 praelatos
775 3749 829 3798 et
859 3741 1130 3815 principes
1155 3746 1212 3796 et
1229 3740 1491 3818 ‘doctores
1516 3741 1827 3801 saeculares·

369 3837 450 3894 Ex
479 3835 566 3894 his
607 3841 797 3892 autem
839 3828 1092 3889 omnibus
1138 3828 1419 3904 praedictis
1466 3829 1548 3888 sic
1592 3830 1897 3907 colligendo
1946 3837 2298 3913 concludunt,
