2784 4392
464 297 584 359 214
942 317 995 361 s.
1039 315 1270 360 mouns
1311 313 1636 365 Aoumms
1676 310 1988 359 croscum

470 431 807 489 scandalum.
844 450 871 485 ι)
906 431 1011 489 Sed
1040 432 1239 504 aliquis
1282 436 1462 502 potest
1502 416 1780 484 dimittere
1818 442 1934 483 rem
1975 438 2133 483 suam
2171 425 2242 482 de
2279 440 2390 500 qua
2416 424 2475 481 in

464 521 673 594 judicio
722 522 1023 589 contendit,
1055 520 1207 577 salva
1252 513 1452 592 tri'plici
1499 518 1752 574 veritate.
1793 517 1938 588 Ergo
1983 517 2030 571 si
2067 515 2355 587 injudicio
2381 531 2480 570 re-

472 614 623 680 petat
660 624 786 665 cum
816 607 1125 664 turbatione
1152 613 1208 663 et
1232 605 1489 664 scandalo
1515 605 1904 677 proximorum,
1932 608 2122 660 contra
2145 601 2476 658 charitatem

472 697 625 754 facit.
656 699 803 754 Inter
831 697 1011 754 omnia
1051 695 1369 768 temporalia
1416 694 1650 750 maxime
1691 701 1775 748 est
1811 691 2123 748 necessaria
2159 690 2371 762 corpori
2406 690 2474 744 ad

474 787 644 845 vitam
670 785 1084 842 sustentandam
1110 800 1269 854 esca;
1300 785 1397 840 sed
1431 799 1557 840 esca
1583 781 1880 838 dimittitur
1908 785 2130 852 propter
2155 777 2477 834 scandalum

475 847 725 946 proximi.
752 875 924 932 ICor.
956 889 1083 941 vm,
1117 876 1233 930 ⁴3.
1257 873 1317 928 Si
1350 887 1466 928 esca
1508 869 1840 926 scandalizat
1881 867 2136 940 fratrem
2151 883 2346 932 meum,
2367 882 2479 921 non

472 958 795 1014 manducabo
836 975 1049 1016 carnem
1089 959 1149 1016 in
1190 967 1470 1017 oeternum.
1499 957 1638 1028 Ergo
1667 955 1838 1012 multo
1891 955 2086 1012 fortius
2136 953 2319 1009 omnia
2366 951 2480 1009 alia

475 1044 794 1118 temporalia
826 1053 953 1102 sunt
982 1049 1163 1118 potius
1203 1047 1550 1112 dimittenda,
1583 1061 1750 1118 quam
1793 1043 1994 1117 aliquis
2033 1041 2354 1100 scandalum
2389 1040 2478 1099 vel

371 1176 376 1181 .
479 1133 845 1190 turbationem
873 1135 1142 1191 sustineat
1170 1136 1586 1206 proximorum.

544 1217 650 1275 Sed
678 1222 822 1292 quod
868 1223 1073 1278 sanctis
1108 1222 1241 1278 viris
1272 1223 1436 1278 liceat
1473 1237 1532 1278 se
1569 1237 1666 1294 per
1696 1219 1967 1293 judicium
2006 1219 2169 1288 tueri,
2199 1227 2348 1292 patet
2381 1237 2479 1292 per

478 1307 624 1377 quod
650 1307 897 1376 habetur,
924 1312 1048 1366 Act.
1083 1325 1223 1376 xxv,
1248 1310 1336 1366 ubi
1365 1309 1564 1366 Paulus
1606 1326 1671 1365 ne
1699 1308 1902 1364 Judaeis
1932 1309 2258 1372 traderetur,
2291 1309 2481 1364 Caesa-

479 1411 593 1451 rem
620 1397 934 1470 appellavit.
959 1399 1264 1472 Appellatio
1289 1405 1474 1455 autem
1501 1397 1568 1454 ad
1601 1397 1870 1470 judicium
1912 1397 2172 1470 pertinet.
2201 1397 2346 1512 Ergo
2375 1397 2478 1452 viri

480 1483 704 1556 perfecti
731 1493 956 1559 possunt
983 1503 1041 1544 se
1068 1503 1161 1560 per
1180 1487 1447 1559 judicium
1470 1486 1782 1542 defendere.

551 1575 708 1630 Item.
740 1575 894 1645 Quod
934 1576 1143 1650 possint
1182 1591 1492 1648 procurare,
1529 1575 1674 1648 quod
1713 1575 1882 1630 armis
1917 1573 2294 1640 defendantur,
2328 1578 2481 1646 patet

480 1663 729 1734 exemplo
754 1665 998 1735 ejusdem
1026 1664 1291 1736 Apostoli,
1319 1664 1387 1720 de
1425 1680 1533 1737 quo
1561 1665 1763 1719 dicitur
1804 1665 1930 1719 Act.
1952 1677 2129 1732 xxm,
2161 1662 2305 1736 quod
2347 1677 2482 1734 pro-

483 1753 697 1806 curavit
737 1758 797 1807 ut
836 1753 1195 1808 deduceretur
1236 1769 1360 1809 cum
1409 1752 1658 1810 custodia
1697 1752 1931 1809 militum
1976 1759 2330 1852 armatorum,
2384 1751 2482 1824 qui

486 1851 609 1894 cum
636 1838 986 1894 defenderent
1011 1839 1080 1895 ab
1108 1840 1538 1897 insidiatoribus.

554 1927 711 1982 Item.
736 1927 889 1998 Quod
914 1927 1075 1983 liceat
1095 1928 1348 1999 perfectis
1367 1929 1500 1985 viris
1529 1927 1836 1985 libertatem
1859 1929 1941 1985 sui
1962 1935 2142 1986 status
2165 1929 2479 1998 defendere,

487 2015 760 2087 praecipue
786 2016 839 2070 in
860 2015 1067 2087 judicio
1096 2015 1498 2084 Ecclesiasti00‚
1516 2022 1670 2090 patet
1696 2033 1792 2089 per
1817 2017 1919 2074 hoc
1934 2017 2080 2090 quod
2107 2017 2335 2074 habetur
2352 2020 2479 2074 Act.

486 2119 565 2158 xv
603 2121 619 2156 -ε
655 2104 800 2176 quod
840 2104 1039 2160 Paulus
1064 2113 1118 2160 et
1146 2100 1421 2162 Barnabas
1449 2111 1640 2162 contra
1666 2120 1776 2172 eos»,
1811 2106 1902 2178 qui
1923 2106 2180 2163 volebant
2197 2106 2483 2164 credentes

488 2207 553 2246 ex
578 2192 829 2263 gentibus
859 2194 913 2249 in
942 2193 1262 2250 servitutem
1298 2192 1544 2266 redigere
1569 2195 1723 2264 legiS,
1757 2195 2191 2268 Hierosolymam
2217 2195 2482 2251 ascende-

494 2288 620 2336 runt
652 2281 721 2336 ad
745 2281 1012 2353 judicium
1051 2282 1452 2355 Apostolorum,
1495 2284 1562 2338 de
1604 2298 1713 2357 quo
1745 2283 1910 2338 etiam
1941 2283 2074 2338 dicit
2099 2283 2281 2340 Galat.
2305 2299 2366 2350 11,
2400 2285 2431 2338 4
2465 2301 2478 2338 ε

488 2368 721 2440 Propter
746 2369 1168 2427 subintroductos
1192 2372 1353 2443 salsos
1384 2370 1611 2442 fratreri,
1633 2371 1726 2442 qui
1752 2370 2176 2428 subintroiemnt
2203 2371 2482 2443 explorare

492 2458 784 2515 libertatem
812 2466 1067 2526 nostram,
1090 2477 1245 2532 quam
1266 2459 1510 2516 habemus
1534 2460 1592 2514 in
1623 2459 1834 2516 Christo
1859 2461 2004 2525 Jesu,
2031 2466 2093 2515 ut
2116 2475 2210 2514 nos
2229 2459 2284 2514 in
2309 2460 2484 2515 servi-

492 2553 655 2602 tutem
685 2547 1004 2620 redifferent,
1022 2547 1208 2620 quibus
1228 2564 1389 2618 neque
1415 2549 1485 2603 ad
1511 2548 1697 2603 horam
1721 2549 1966 2605 cessimus
1989 2547 2318 2619 subjectioni.
2341 2549 2484 2620 Ergo

490 2650 611 2689 cum
639 2635 806 2708 aliqui
836 2636 1023 2692 volunt
1064 2639 1116 2691 in
1142 2637 1464 2692 servitutem
1501 2633 1768 2708 redigere'-
1793 2638 2074 2708 religiosos
2119 2643 2175 2693 et
2216 2637 2485 2710 perfectos

492 2721 655 2788 virm,
689 2729 914 2794 possunt
940 2739 997 2778 se
1020 2722 1312 2778 defendere·
1330 2723 1540 2795 judicio
1566 2725 1966 2781 EcclesiasticO.
2346 2764 2351 2769 -

562 2809 719 2864 Item.
746 2809 897 2878 Quod
932 2811 1137 2883 possint
1162 2827 1260 2866 sua
1286 2812 1608 2882 temporalia
1639 2813 1931 2884 aliquando
1961 2829 2055 2885 per
2081 2813 2349 2885 judicium
2383 2814 2484 2869 de-

492 2895 728 2962 fendere,
759 2913 1009 2968 expresse
1047 2898 1277 2954 habetur
1311 2915 1405 2972 per
1443 2901 1787 2972 Gregorium,
1821 2903 1876 2956 in
1920 2903 2114 2958 XXX-1
2158 2902 2253 2957 lib.
2285 2903 2482 2961 Morul.

492 3002 654 3059 super
694 2985 825 3041 illud
864 2987 982 3042 Job.
1012 3002 1159 3044 xxix
1193 3003 1205 3043 ε
1240 2987 1475 3044 Frustra
1520 2990 1802 3054 laboravit,
1835 2989 2212 3046 sic'dicentem
2242 3007 2255 3044 ε
2289 3010 2314 3042 α
2349 2992 2482 3048 Cum

492 3091 680 3133 curam
730 3091 910 3130 rerum
962 3076 1339 3148 temporalium
1394 3076 1548 3134 nobis
1598 3078 1808 3134 itineris
1855 3079 2154 3135 necessitas
2205 3080 2434 3151 imponit
2467 3098 2480 3135 ε

492 3164 715 3238 quidam
742 3164 869 3220 dum
898 3181 993 3221 eas
1020 3165 1258 3238 rapiunt,
1282 3165 1620 3222 solummodo
1648 3166 1912 3222 tolerandi
1939 3173 2084 3232 sunt,
2104 3167 2324 3238 quidam
2353 3183 2483 3223 vero

491 3259 707 3310 servata
744 3253 1011 3311 charitate
1049 3253 1406 3328 prohibendi;
1439 3271 1545 3310 non
1573 3260 1685 3310 tam
1726 3254 1841 3311 sola
1873 3271 2002 3312 cura
2033 3272 2100 3311 ne
2135 3262 2322 3311 nostra
2349 3256 2484 3312 sub-

494 3343 736 3412 trahant;
764 3343 968 3399 scd-ne
1006 3344 1279 3416 rapientes
1320 3359 1430 3413 non
1475 3359 1576 3403 sua
1621 3345 1942 3416 semetipsos
1994 3343 2242 3416 perdant.
2293 3362 2318 3395 ιι
2361 3343 2481 3400 Plus

490 3433 688 3506 quippe
718 3434 847 3506 ipsis
874 3433 1182 3506 raptoribus
1210 3433 1470 3490 debemus
1494 3437 1754 3501 metuere,
1787 3449 1956 3506 quam
1989 3433 2151 3490 rebus
2190 3432 2484 3490 irrationa-

489 3520 687 3576 bilibus
714 3521 1066 3578 defendendis
1092 3523 1321 3579 inhiare.
1701 3547 1704 3552 ·

558 3611 714 3666 item.
740 3610 1037 3683 Gregorius
1067 3612 1118 3666 in
1150 3612 1341 3669 eodem
1357 3627 1521 3684 super
1551 3611 1680 3666 illud
1709 3610 1810 3667 Job
1841 3629 1853 3666 :
1887 3611 1954 3667 In
1997 3625 2268 3668 occursum
2302 3612 2484 3685 peryit

488 3698 757 3753 armmis:
806 3719 831 3750 α
875 3699 1194 3772 Plerumque
1231 3701 1403 3771 quieti
1452 3707 1618 3772 atque
1665 3699 1996 3756 inconcussi·
2023 3699 2402 3772 relinquimur,
2436 3702 2481 3758 si

488 3783 705 3836 obviare
733 3787 914 3856 pravis
949 3801 1044 3857 pro
1066 3788 1283 3859 justitia
1321 3803 1736 3856 non-curamus,
1770 3789 1866 3846 scd
1898 3789 1943 3844 si
1973 3789 2043 3844 ad
2087 3797 2311 3846 aeternae
2350 3790 2481 3846 vitae

485 3869 811 3923 ‹insisterium
842 3872 1053 3926 animus
1094 3875 1390 3943 exarsit3si
1423 3890 1607 3932 vorum
1641 3875 1818 3933 lumen
1857 3877 2185 3936 intrinsecus
2222 3878 2478 3954 respicit;
