2784 4392
586 329 717 375 x1v.
748 345 829 360 —
854 327 1093 376 comm
1133 329 1351 376 ωηο.
1397 329 1501 376 nm
1541 327 1715 376 oum.
1758 325 1838 375 κω
1877 325 2083 375 numa.
2218 307 2338 376 199

332 451 462 504 sunt
490 447 797 519 proecordia
826 447 1173 505 mulsi-ium
1211 447 1520 505 doctorum.
1551 447 1614 505 In
1654 447 1804 506 vasis
1832 447 1999 520 igitur
2035 445 2230 520 papyri
2254 445 2338 502 le·-

326 543 485 608 gatos
506 551 671 610 super
694 553 869 611 aquas
896 537 1116 595 mittere
1138 544 1239 608 est,
1266 537 1720 611 praedicationem
1745 551 1902 595 suam
1922 536 1980 593 in
2005 536 2336 608 sapientium

327 624 631 683 carnalium
658 626 907 682 sensibus
936 641 1155 701 ponere,
1183 633 1239 684 et
1276 627 1571 684 refluentes
1601 625 1830 701 populos
1863 626 1934 683 ad
1963 625 2183 700 culpam
2229 640 2333 684 vo-

328 728 479 771 care.
514 734 542 768 n

396 803 479 860 Ad
509 797 655 861 aliud
680 803 992 872 dicendum,
1025 803 1172 879 quod
1210 802 1305 862 illa
1338 803 1536 862 Glossa
1566 801 1806 878 loquitur
1844 803 1913 862 de
1947 803 2336 880 praedicatori-

326 892 448 962 bus,
470 905 607 966 quos
636 889 1006 952 Antichristus
1030 897 1154 968 post
1177 904 1339 950 suum
1364 893 1663 952 adventum
1689 907 1784 966 per
1805 891 2068 950 mundum
2092 900 2333 966 sparget,

328 982 469 1038 siout
491 999 587 1054 per
606 981 777 1039 multa
803 997 927 1055 quae
951 981 1025 1038 ibi
1056 983 1333 1048 dicuntur,
1362 987 1612 1056 apparet.
1643 982 1760 1039 Nee
1789 988 1970 1040 tamen
1989 989 2213 1056 propter
2233 982 2338 1038 hoo

326 1075 413 1124 ost
439 1068 669 1126 seientia
697 1069 929 1126 duorum
958 1065 1412 1126 testamentorum
1442 1068 1784 1142 reprobanda
1805 1069 1862 1126 in
1889 1069 2176 1140 religiosis,
2206 1069 2338 1142 quia

328 1155 405 1212 illi
440 1173 508 1214 os
547 1157 865 1226 abutuntur,
893 1157 1000 1214 nisi
1038 1155 1276 1226 dicatur,
1302 1157 1452 1232 quod
1495 1157 1808 1216 innocontis
1851 1163 1908 1216 et
1952 1158 2164 1232 puritas
2203 1159 2338 1216 vitae
2449 1188 2454 1194 ·

328 1253 457 1304 sunt
478 1246 837 1320 reprobanda,
872 1246 1002 1321 quis
1024 1247 1102 1304 illi
1126 1259 1193 1304 ea
1216 1245 1574 1314 simulabunt,
1601 1246 1750 1320 quod
1775 1253 1860 1304 est
1889 1245 2207 1305 absurdum.

398 1335 483 1393 Ad
506 1335 641 1393 illud
682 1336 829 1410 quod
858 1335 1143 1410 obJ'iciunt,
1176 1336 1323 1410 quod
1365 1335 1593 1394 scientio
1628 1335 1811 1408 inflat,
1841 1335 2156 1400 dicendum,
2189 1337 2338 1409 quod

329 1424 739 1497 intelligendum
784 1432 887 1494 est,
932 1426 1155 1498 quando
1210 1425 1440 1482 scientis
1491 1432 1578 1482 ost
1625 1425 1744 1482 sine
1799 1425 2071 1482 charitate
2130 1441 2144 1480 ι
2196 1427 2338 1482 undo

330 1513 525 1571 Glossu
565 1514 769 1572 ibidem
809 1513 945 1571 dicit
985 1530 1057 1570 :o
1098 1511 1341 1572 Soiontia
1382 1511 1558 1580 inflat,
1599 1513 1648 1569 si
1691 1512 1809 1570 sols
1843 1517 1949 1568 ost.
1991 1531 2018 1564 r
2047 1511 2118 1568 Et
2145 1512 2287 1568 infra
2321 1529 2336 1568 z

332 1622 359 1657 ι
390 1603 593 1660 Addite
616 1619 746 1676 ergo
774 1602 1021 1659 scientim
1056 1601 1406 1666 charitatem,
1438 1607 1496 1656 et
1525 1599 1674 1656 utilis
1709 1600 1816 1655 erit
1843 1598 2096 1679 scientis.
2133 1617 2159 1652 »
2183 1600 2338 1656 Unde

332 1692 387 1748 in
428 1691 537 1748 illis
582 1692 675 1764 qui
724 1689 1013 1747 eharitatis
1046 1689 1305 1762 operibus
1350 1688 1632 1756 insistunt,
1679 1688 1862 1746 minus
1899 1694 1984 1744 est
2031 1688 2339 1761 periculosa
2433 1759 2443 1768 ἱ

329 1781 579 1848 scientie,
606 1780 655 1836 si
696 1785 883 1836 tamen
910 1785 1133 1853 proptor
1161 1777 1265 1834 hoo
1294 1777 1518 1836 vitanda
1547 1785 1692 1834 osset
1719 1777 1852 1851 quis
1879 1777 2054 1845 inflat,
2084 1777 2340 1850 quando-

331 1885 440 1944 que
467 1870 583 1942 pari
614 1869 827 1926 ratione
852 1868 993 1924 bona
1023 1881 1189 1942 opera
1225 1869 1452 1925 vitanda
1480 1873 1683 1932 essent,
1712 1867 1843 1940 quia
1885 1866 2224 1939 Augustinus
2246 1867 2340 1924 di·-

216 2005 226 2012 ,
330 1959 426 2023 eit,
458 1956 602 2030 quod
630 1975 659 2010 ι
690 1955 945 2030 superbia
971 1955 1127 2011 bonis
1151 1955 1410 2028 operibus
1434 1953 1744 2028 insidiatur,
1779 1961 1840 2010 ut
1867 1960 2115 2026 pereant.
2147 1973 2174 2008 a

400 2045 483 2101 Ad
528 2045 582 2100 id
628 2045 776 2119 quod
821 2049 1021 2119 quarto
1060 2037 1321 2116 objicitur
1348 2043 1419 2100 do
1455 2045 1618 2100 beato
1660 2042 1976 2110 Benedicto,
2021 2043 2334 2115 dicendum,

332 2133 478 2207 quod
506 2135 623 2206 ipse
645 2149 751 2188 non
778 2133 1031 2190 discessit
1052 2149 1085 2188 a
1108 2132 1293 2189 studio
1318 2133 1478 2206 quasi
1502 2133 1789 2188 scientiam
1813 2131 2058 2199 hortem,
2092 2139 2188 2189 sut
2213 2140 2340 2189 stu·

333 2223 503 2289 dium,
534 2223 630 2276 sed
660 2220 978 2278 saecularem
1010 2222 1182 2276 vitam
1216 2229 1273 2277 et
1299 2221 1623 2278 sociotatem
1661 2220 1980 2278 formidans.
2008 2221 2162 2278 Unde
2191 2222 2338 2278 Gre-

332 2312 521 2384 gorius
542 2310 611 2365 do
638 2309 831 2366 eodem
856 2309 1159 2381 promittit,
1192 2309 1337 2381 quod
1361 2327 1387 2362 α
1411 2309 1602 2366 Romae
1630 2306 1944 2365 liberalibus
1959 2309 2338 2366 studiislitte-

334 2397 773 2456 rarumtraditus
800 2397 997 2463 fuerat,
1016 2396 1113 2452 sed
1128 2411 1255 2452 oum
1283 2397 1339 2452 in
1357 2395 1444 2452 his
1473 2396 1672 2454 multos
1691 2413 1786 2469 per
1811 2398 2046 2470 obrupta
2075 2399 2334 2455 vitiorum

334 2504 560 2562 pergere
586 2493 855 2554 cerneret,
886 2501 1011 2542 eum
1054 2501 1217 2558 quem
1260 2486 1419 2558 quasi
1451 2486 1506 2540 in
1549 2485 1799 2556 ingressu
1838 2487 2025 2542 mundi
2054 2494 2332 2560 posuerat,

335 2578 563 2634 retraxit
592 2575 805 2649 pedem,
830 2591 895 2632 ne
924 2575 1125 2648 siquid
1146 2573 1466 2631 descientia
1489 2575 1608 2645 ejus
1629 2575 1942 2644 attingeret,
1973 2574 2090 2646 ipse
2117 2588 2338 2646 quoque

337 2667 681 2739 postmodum
720 2665 875 2739 quasi
920 2667 975 2719 in
1019 2665 1255 2719 immane
1299 2663 1664 2734 praecipitium
1695 2669 1843 2718 totus
1872 2663 1997 2718 iret.
2039 2682 2065 2714 ³>
2105 2662 2174 2718 Et
2211 2662 2336 2720 ideo

333 2757 499 2810 otiam
528 2769 672 2810 nuno
696 2752 1039 2808 laudabiliter
1064 2751 1291 2816 faciunt,
1318 2751 1414 2823 qui
1441 2750 1690 2809 saeoulari
1710 2751 1826 2808 vita
1851 2751 2214 2810 studientium
2237 2767 2331 2808 re-

335 2843 465 2900 licto
493 2844 563 2900 ud
590 2842 905 2914 religionem
934 2847 1238 2906 transeunt,
1273 2839 1329 2894 in
1353 2855 1464 2912 qua
1489 2831 1674 2897 st'ndio
1696 2853 1892 2898 vocare
1917 2847 2168 2914 possunt.

405 2933 487 2989 Ad
545 2931 798 2987 ultimum
852 2921 1163 2998 direntium,
1220 2928 1367 3003 quod
1421 2929 1714 2987 curiositas
1764 2930 2096 3002 superfluam
2145 2941 2337 2988 curam

335 3022 599 3095 importat
627 3027 685 3076 ot
711 3019 1097 3086 inordinatam,
1138 3019 1283 3075 undo
1324 3033 1432 3074 uon
1478 3017 1652 3076 solum
1681 3016 1737 3074 in
1778 3017 1962 3076 studio
2007 3019 2334 3086 litterarum,

334 3111 431 3168 sed
482 3110 538 3166 in
590 3107 841 3166 omnibus
896 3107 1096 3164 studiis
1134 3109 1205 3164 od
1257 3121 1381 3181 quae
1427 3107 1644 3164 animus
1693 3113 2011 3180 occupatur,
2061 3107 2339 3180 superflua

334 3212 488 3270 euro,
544 3213 668 3272 quae
711 3197 1087 3254 curiositatem
1134 3195 1285 3264 fucit,
1328 3194 1774 3270 reprehensibilis
1817 3204 1920 3253 ost.
1967 3195 2028 3252 In
2071 3196 2338 3268 proediota

336 3297 519 3344 tamen
558 3286 887 3344 auctoritate
928 3285 1173 3360 Apostoli
1216 3285 1631 3360 reprehenditur
1675 3299 1865 3342 eorum
1890 3284 2202 3350 curiositas,
2239 3285 2336 3358 qui

334 3377 481 3435 soedu
504 3391 638 3433 curs
664 3375 857 3434 olienis
882 3377 1119 3448 negotiis
1140 3389 1202 3432 ss
1235 3373 1574 3449 ingerebant,
1624 3379 1686 3432 ut
1726 3379 1974 3433 ventrem
2023 3383 2332 3446 pascerent,

336 3474 395 3523 ut
436 3473 591 3540 patet
637 3477 734 3536 per
778 3464 1032 3524 Glosssm
1079 3462 1303 3523 ibidem.
1354 3465 1546 3522 Dioore
1581 3470 1767 3522 autom
1807 3479 1904 3520 eos
1940 3463 2054 3520 otio
2093 3462 2334 3530 deditos,

336 3556 430 3630 qui
476 3553 660 3611 studio
708 3566 883 3611 saorae
918 3553 1231 3626 -Soripturae
1284 3561 1504 3622 vacant,
1557 3559 1642 3610 est
1681 3559 1875 3611 eontra
1919 3553 1994 3621 id,
2043 3553 2188 3626 quod
2227 3553 2338 3610 ba·

336 3647 497 3702 betur
536 3643 592 3700 in
620 3643 815 3700 Glosss
848 3657 1013 3716 supra
1040 3643 1173 3702 illud
1216 3643 1359 3700 Psnl.
1399 3654 1581 3700 oxvm
1613 3657 1627 3698 t
1666 3641 1988 3718 Deseror-unt
2027 3641 2166 3698 oculi
2207 3642 2335 3710 mei,

336 3749 462 3808 qooe
506 3729 643 3790 dicit
696 3749 710 3788 ε
771 3749 799 3785 α
836 3730 993 3789 Siout
1035 3745 1142 3788 non
1184 3737 1270 3789 est
1308 3731 1546 3800 otiosus,
1595 3731 1691 3806 qui
1747 3731 1914 3789 verbo
1962 3733 2061 3788 Dei
2117 3736 2334 3790 tantum

336 3824 539 3892 studet,
584 3837 683 3878 nec
726 3821 895 3894 pluris
940 3831 1022 3879 est
1064 3823 1159 3896 qui
1195 3827 1352 3880 extra
1402 3827 1680 3896 oporatur,
1733 3834 1899 3896 quam
1949 3822 2044 3896 qui
2091 3821 2334 3880 studium

336 3909 730 3983 eognosooudae
782 3909 1088 3969 divinitatis
1144 3915 1381 3968 exercet.
1435 3909 1560 3983 Ipsa
1605 3907 1774 3968 etism
1827 3909 2098 3984 sapientis
2143 3908 2336 3967 mexi-
