2784 4392
787 320 898 363 xv.
925 332 1008 349 ·--
1031 318 1114 365 nn
1153 318 1459 365 nnemmn
1500 319 1837 367 ramorruu
2195 304 2317 365 393
2390 306 2421 345 ⁴>

311 446 452 491 unus
475 448 543 490 ex
565 432 746 502 mille,·
756 434 918 506 juxta
942 434 1087 508 quod
1113 434 1378 508 scriptum
1408 434 1597 492 volens
1640 433 2025 492 commendare
2065 440 2318 493 sanctum

312 521 487 597 David
513 522 594 579 de·
611 524 921 601 constantia
961 522 1383 580 et-fortitudine
1426 540 1441 579 ε
1486 523 1745 589 Dilectae,
1772 524 1971 597 inquit,
2014 540 2161 581 meus
2185 541 2321 581 can-

309 610 466 667 didus
501 618 555 667 et
595 612 922 677 rubicundos
963 611 1155 668 electus
1199 628 1268 667 ex
1305 612 1561 679 millibtw,
1600 620 1660 668 ut
1706 612 1788 669 sic
1822 612 2083 686 importet
2120 629 2321 687 quam-

309 702 436 758 dam
478 703 855 777 excellentiam
895 701 953 759 in
982 702 1294 775 pugnand0,
1325 717 1465 775 quos
1510 702 1794 775 Scriptura
1834 702 2320 787 sacra-expeditos

309 788 630 851 vernaculos
664 790 904 865 appellat
927 790 984 848 in
1029 790 1251 847 Genesi.
1277 791 1368 847 Sic
1408 790 1555 847 enim
1596 790 1856 848 scribitur
1900 790 1969 847 de
2018 790 2316 859 Abraham,

309 881 454 953 quod
477 887 670 937 contra
698 885 937 953 quatuor
964 894 1120 953 reges
1144 879 1412 952 processit
1440 894 1567 937 cum
1610 880 1872 937 trecentis
1901 880 2092 937 decem
2116 884 2173 935 et
2194 886 2321 937 octo

308 968 576 1041 expeditis
618 964 947 1043 vernaculis,
977 969 1074 1041 qui
1116 968 1358 1041 quinque
1408 983 1567 1039 reges
1609 967 1929 1025 devicerant
1973 976 2137 1041 capto
2180 968 2323 1025 Loth

308 1065 506 1129 nepote
542 1056 786 1128 ejusdem
813 1054 1050 1113 Abrahae
1090 1071 1216 1111 cum
1255 1060 1372 1112 tota
1414 1055 1664 1112 familia:
1694 1057 1841 1113 unde
1884 1056 2023 1113 satis
2057 1056 2321 1113 credibile

308 1145 544 1212 videtur,
577 1144 722 1218 quod
755 1145 1018 1216 majorem
1053 1143 1683 1219 babuitmultitudinem
1714 1132 1801 1201 ad:
1828 1146 2204 1218 pugnandum,
2224 1144 2323 1201 sed

309 1235 399 1291 isti
429 1234 781 1290 nominantur
810 1240 1030 1305 propter
1058 1233 1301 1305 ipsorum
1337 1232 1673 1306 probitatem
1696 1229 1787 1290 'ad
1812 1234 2200 1291 invadendum.
2232 1234 2322 1291 Sic

309 1330 362 1379 et
387 1322 609 1380 Gedeon
648 1329 920 1377 trecentos
968 1321 1133 1392 elegit
1177 1320 1246 1376 de
1287 1320 1487 1393 populo
1530 1321 1833 1378 israelitico
1861 1322 1931 1379 ad
1964 1323 2321 1395 pugnandum

309 1420 498 1467 contra
545 1416 728 1467 castra
778 1408 1221 1475 Madianitarum,
1251 1415 1312 1464 ut
1347 1409 1405 1463 in
1451 1408 1547 1465 lib.
1584 1410 1839 1466 Judicum
1878 1410 2137 1477 traditur,
2182 1425 2323 1484 quos

309 1498 559 1570 probavit
595 1499 782 1554 divino
820 1498 1079 1553 mandato
1121 1511 1240 1551 esse
1284 1496 1524 1567 aptiores
1567 1497 1637 1551 ad
1680 1512 1939 1570 pugnam,
1968 1513 2037 1552 ex
2077 1513 2143 1553 eo
2171 1499 2321 1569 quod

311 1586 580 1642 transiens
605 1584 834 1657 populus
853 1584 1118 1655 quasdam
1136 1599 1324 1654 aquas,
1345 1584 1599 1638 omnibus
1618 1600 1686 1639 ex
1706 1584 1904 1657 populo
1926 1584 2238 1642 bibentibus
2252 1603 2323 1643 ex

311 1676 468 1748 aquis
498 1674 774 1747 praedictis
804 1682 859 1728 et
883 1670 1449 1744 genua-flectentibus,
1476 1670 1555 1725 illi
1583 1671 1685 1728 soli
1705 1671 2055 1729 lambuerunt
2075 1680 2137 1729 ut
2156 1690 2323 1731 canes

309 1779 418 1820 non
444 1762 646 1836 poplite
681 1761 840 1817 flexo.
873 1759 1035 1817 Tales
1074 1759 1243 1831 igitur
1289 1761 1370 1815 sic
1412 1759 1619 1817 electos
1660 1776 1769 1816 non
1803 1760 2023 1817 videtur
2063 1764 2321 1836 possibile

312 1852 456 1907 mille
500 1852 554 1906 in
591 1850 818 1906 civitate
852 1849 1098 1922 reperiri,
1127 1855 1182 1903 et
1225 1847 1397 1903 multo
1426 1848 1607 1903 minus
1644 1842 1887 1929 quinque
1926 1850 2117 1919 millia,
2145 1859 2203 1909 et
2240 1853 2321 1908 sic

313 1956 441 1997 vera
469 1947 553 1995 est
582 1938 852 1995 sententia
878 1937 1188 1993 Aristotelis
1223 1944 1417 1993 contra
1445 1937 1725 1995 Socratem
1750 1945 1806 1994 et
1829 1926 2129 2007 Platonem,
2164 1940 2209 1997 si
2238 1940 2321 1997 sic

312 2028 617 2084 intendant.
665 2026 974 2084 Secundum
1013 2042 1144 2083 vero
1191 2025 1340 2099 quod
1386 2026 1710 2083 Aristoteles
1758 2028 2049 2099 improbat,
2110 2036 2194 2085 est
2248 2030 2316 2085 de

311 2117 660 2174 distinctione
682 2116 1028 2181 bellatorum,
1056 2114 1212 2187 quasi
1240 2114 1333 2169 alii
1362 2114 1513 2171 cives
1541 2113 1651 2171 sint
1698 2116 1967 2173 immunes
1997 2133 2030 2175 a
2066 2116 2227 2187 bello,
2261 2126 2323 2175 ut

311 2206 608 2263 consiliarii
640 2210 711 2259 et
756 2202 1014 2269 artificem,
1057 2202 1202 2276 quod
1247 2217 1357 2257 non
1399 2207 1483 2259 est
1520 2219 1731 2273 verum,
1765 2204 1858 2261 ubi
1906 2207 1981 2263 sit
2033 2221 2322 2279 aggressus

314 2294 679 2353 multitudinis
707 2297 900 2349 contra
923 2291 1092 2347 cives,

385 2382 644 2452 Quamvis
667 2386 854 2436 autem
876 2378 1169 2435 bellatores
1191 2377 1301 2435 sint
1331 2378 1573 2452 aptiores
1597 2378 1667 2435 ad
1691 2394 1951 2453 pugnam,
1982 2380 2114 2454 quia
2152 2398 2321 2454 expe·-

313 2473 567 2529 rientiam
591 2470 811 2535 habent,
843 2476 898 2524 et
927 2467 1203 2542 pugnandi
1231 2475 1424 2534 artem,
1454 2475 1509 2523 et
1541 2473 1599 2523 ut
1640 2467 1722 2523 ait
1759 2467 2119 2540 Vegetius1«
2148 2472 2322 2528 Nemo
2352 2524 2355 2527 ⁴

314 2561 494 2619 facere
529 2559 742 2625 metuit,
781 2557 930 2631 quod
972 2572 1030 2611 se
1069 2556 1207 2612 bene
1250 2556 1507 2613 didicisse
1552 2555 1808 2625 confidit3
1834 2556 2101 2630 impetum
2138 2564 2324 2615 tamen

315 2649 676 2707 multitudinis
716 2647 986 2703 sustinere
1028 2660 1136 2702 non
1185 2651 1427 2715 possent,
1460 2642 1565 2699 nisi
1600 2658 1727 2699 cum
1770 2642 2143 2701 multitudine.
2175 2664 2210 2697 ι»
2233 2646 2324 2701 Sic

315 2741 458 2795 enim
484 2739 652 2793 Judas
677 2735 1022 2793 Machabaeus
1049 2732 1271 2813 defecit,
1299 2733 1433 2805 quia
1458 2746 1584 2787 cum
1624 2721 1815 2803 paucis
1842 2733 2107 2807 pugnavit
2131 2739 2324 2790 contra

316 2826 719 2884 multitudinem
755 2824 1042 2881 Bacchidis
1100 2822 1361 2896 principis
1411 2822 1673 2879 Demetrii
1716 2822 1880 2894 regiS,
1925 2825 2216 2881 recedente
2254 2824 2326 2881 ab

320 2917 435 2989 ipso
463 2912 813 2969 multitudine
848 2928 963 2969 suae
985 2913 1184 2983 geum,
1216 2912 1361 2968 sicut
1382 2916 1533 2983 patet
1553 2911 1609 2966 in
1633 2910 1657 2965 1
1683 2910 1778 2967 lib.
1806 2910 2052 2968 Machab.
2072 2914 2211 2969 Hinc
2234 2922 2319 2971 est

321 3006 486 3061 etiam
515 3000 664 3075 quod
707 2999 958 3071 quamvis
995 2998 1124 3055 Saul
1165 2998 1391 3069 elegerit
1423 2999 1531 3055 tria
1562 2998 1734 3055 millia
1762 3001 2003 3057 virorum
2032 2999 2103 3057 ad
2130 3001 2324 3057 desen-

317 3094 526 3151 sionem
549 3090 632 3146 sui
660 3089 811 3159 regni
841 3088 967 3159 (duo
993 3085 1138 3141 enim
1166 3085 1334 3141 millia
1355 3093 1515 3140 erant
1536 3102 1663 3141 cum
1689 3088 1825 3155 ipse,
1846 3088 1937 3142 ubi
1968 3088 2083 3161 ipse
2112 3091 2323 3147 curiam

317 3180 558 3245 tenebat,
589 3177 730 3231 utin
759 3175 1002 3245 Magmas
1039 3178 1096 3228 et
1136 3172 1193 3226 in
1238 3170 1445 3237 Bethel,
1472 3170 1622 3225 mille
1662 3180 1792 3227 vero
1838 3189 1965 3229 cum
1992 3176 2228 3233 Jonatha
2268 3179 2323 3234 in

317 3270 478 3327 domo
507 3265 744 3339 propria,
781 3270 838 3318 ut
867 3262 924 3317 in
954 3259 1146 3317 Gabaa
1173 3256 1491 3330 Benjamin),
1525 3258 1876 3315 nihilominus
1916 3269 2108 3320 contra
2133 3265 2327 3321 multi-

319 3356 564 3412 tudinem
583 3354 821 3409 hostium
850 3349 1199 3406 multitudine
1229 3362 1362 3403 usus
1403 3355 1488 3403 est
1518 3347 1701 3403 :unde
1742 3364 1867 3428 cum
1908 3351 2056 3407 Naas
2097 3356 2328 3411 Ammo-

319 3444 462 3499 nites
511 3458 608 3497 rex
667 3440 910 3512 ejusdem
968 3436 1204 3508 regionis
1255 3434 1532 3491 obsideret
1583 3451 1708 3492 cum
1763 3438 2115 3497 multitudine
2163 3442 2326 3499 Jabes

318 3530 548 3597 Galaad,
579 3536 822 3585 trecenta
865 3524 1032 3582 millia
1081 3526 1148 3581 de
1189 3523 1314 3580 filiis
1350 3524 1519 3580 lsrael
1556 3528 1906 3597 congregavit
1936 3530 1991 3583 in
2028 3532 2245 3597 castriS,
2270 3540 2327 3589 et

320 3621 545 3693 triginta
573 3617 743 3675 millia
771 3617 840 3673 de
872 3616 1015 3673 tribu
1045 3615 1183 3671 Juda
1215 3613 1280 3668 ad
1309 3613 1731 3725 expugnandum
1752 3618 2095 3731 Ammonitas
2124 3620 2325 3691 praefa-

320 3717 423 3777 toS,
459 3714 518 3763 ut
539 3706 797 3763 scribitur
820 3706 846 3761 1
871 3706 1006 3775 Reg.
1070 3704 1098 3729 '

389 3795 495 3854 Sed
522 3793 916 3851 advertendum
946 3790 1091 3863 quod
1123 3786 1377 3842 militaris
1405 3786 1693 3860 disciplina
1726 3790 1985 3862 vegetii
1972 3810 2027 3850 m
2054 3795 2140 3871 111·
2165 3796 2321 3869 libro,

322 3882 623 3943 secundum
660 3880 988 3940 sententiam
1017 3874 1573 3945 Lacedaemoniorum‚
1601 3878 1717 3936 sive
1747 3879 2179 3955 Atheniensium,
2207 3903 2329 3945 res-
