2784 4392
459 250 580 315 1120
939 268 992 313 s.
1037 264 1273 311 meum
1311 262 1643 316 sommus
1684 263 1993 309 croscum

458 400 560 459 pro
589 382 866 458 republica
907 396 1020 441 non
1058 387 1379 439 recusantes
1421 388 1675 447 mortem,
1708 386 1770 436 ut
1816 380 1871 436 in
1902 378 2176 439 Policrato
2212 379 2478 447 traditur,

459 474 552 529 ubi
583 475 652 529 de
681 478 1025 530 sacramento
1053 471 1244 527 militis
1285 471 1490 541 agitur.
1519 470 1619 525 Est
1662 483 1791 541 ergo
1835 468 2067 526 bellator
2096 470 2152 526 in
2194 468 2481 543 republica

461 563 824 627 necessariu3‚
871 570 927 617 et
979 575 1109 633 pars
1145 560 1422 633 praecipua
1468 556 1710 630 politiae;
1768 557 1897 630 quia
1945 559 2065 629 ejus
2111 556 2353 613 officium
2392 562 2482 612 est

461 652 720 708 assistere
749 649 979 724 principi
1010 664 1106 721 pro
1135 646 1457 720 exequenda
1479 646 1800 718 justitia.ut
1821 645 2026 702 dicitur
2053 644 2109 701 in
2138 660 2485 702 commemo·

465 749 586 797 rato
617 738 775 805 libro,
822 745 879 794 et
907 736 1144 795 fideliter
1183 744 1240 792 et
1279 740 1599 791 constanter
1622 739 1816 791 contra
1865 734 2051 790 hostes
2088 750 2333 807 pugnare
2372 734 2483 807 'pro

459 826 838 885 conservanda
860 826 1061 901 patria,
1081 834 1136 882 et
1161 826 1242 881 sic
1270 839 1377 882 non
1406 822 1583 880 solum
1613 823 1757 895 parti
1784 822 2008 894 politiae,
2041 822 2139 879 sed
2170 823 2292 889 toti,
2322 808 2479 879 mili'-

462 915 602 971 taris
630 916 836 986 gradus
864 915 918 969 in
948 913 1226 987 republica
1255 912 1607 985 singulariter
1631 918 1717 967 est
1734 910 2068 967 fructuosus.

533 1004 614 1058 Ex
642 1003 842 1077 quibus
868 1003 1120 1060 omnibus
1143 1001 1432 1058 manifeste
1466 1006 1617 1073 patet
1646 998 1971 1058 sufficientia
1996 998 2205 1071 politiae
2226 1000 2478 1059 Socratis

463 1095 522 1145 et
545 1091 786 1148 Platonis
808 1098 1078 1167 quantum
1097 1080 1170 1149 ⁴ad
1203 1096 1389 1165 partes
1416 1091 1555 1162 ejus.

1190 1319 1475 1389 CAPUT
1527 1314 1750 1388 XXV.

557 1446 686 1539 fiis
711 1471 973 1537 ostendit
991 1470 1409 1550 sufficientiam
1427 1471 1705 1551 partium
1731 1470 2127 1551 integralium
2143 1468 2379 1551 politice

841 1576 998 1643 quas
1023 1560 1449 1655 Hippodomus
1472 1560 1667 1623 tradit
1692 1564 1752 1621 et
1773 1559 2096 1623 Romulus,

536 1714 641 1771 Sed
667 1719 726 1770 et
750 1712 820 1770 de
842 1711 1056 1769 duobus
1091 1710 1216 1767 aliis
1246 1709 1421 1766 modis
1442 1711 1561 1782 jam
1598 1709 1762 1765 dictis
1799 1708 1979 1767 adhuc
2006 1706 2205 1767 diiaeisio
2246 1710 2475 1770 tolerari

465 1808 667 1875 potest,
699 1802 830 1874 quia
871 1798 1407 1873 comprehenduntur
1434 1813 1561 1853 cum
1596 1798 1792 1871 prima,
1821 1799 1979 1870 cujus
2024 1797 2353 1858 sufficientia
2390 1808 2477 1857 est

461 1893 578 1963 jam
609 1896 850 1945 ostensa.
879 1888 944 1944 Et
972 1886 1196 1961 quidem
1230 1887 1285 1942 in
1323 1885 1592 1942 divisione
1621 1884 1836 1942 Romuli
1866 1900 1992 1942 cum
2027 1886 2097 1943 de
2130 1890 2477 1945 senatoribus

468 1978 670 2050 agitur,
704 1985 944 2033 rectores
989 1975 1290 2048 accipimus
1338 1973 1593 2045 politicos
1628 1982 1685 2030 et
1734 1974 2013 2046 sapientes
2051 1976 2132 2032 eis
2160 1977 2471 2050 adjunctos,

466 2070 584 2123 sive
627 2079 952 2130 assessores,
995 2064 1112 2118 sive
1157 2072 1534 2136 quoscumque
1580 2061 1717 2119 alios
1745 2063 2118 2134 jurisperitos·
2162 2064 2288 2123 Plus
2327 2068 2476 2124 enim

466 2154 740 2229 principes
776 2152 983 2226 politici
1015 2154 1142 2207 sunt
1185 2150 1518 2208 consiliativi
1547 2166 1713 2223 quam
1760 2148 2093 2223 regales'vel
2142 2153 2473 2226 imperiales·

465 2244 621 2301 Sicut
661 2248 718 2299 et
751 2242 820 2298 de
861 2239 1122 2298 Romanis
1163 2239 1470 2295 scribitur!
1508 2238 1755 2295 machab.
1784 2254 1913 2306 vm,
1946 2240 2093 2313 quod
2138 2243 2477 2301 consulebant

469 2329 706 2406 quotidie
730 2334 989 2388 trecentos
1007 2328 1205 2401 viqinti
1227 2326 1290 2383 de
1305 2326 1676 2392 multitudine,
1696 2334 1758 2383 ut
1778 2342 1895 2399 quoe
1913 2327 2079 2399 digna
2105 2336 2232 2385 sunt
2258 2340 2475 2401 yet-ant.

467 2423 637 2493 Cujus
673 2420 816 2476 ratio
857 2434 976 2475 esse
1003 2423 1204 2491 potest,
1245 2416 1376 2490 quia
1422 2414 1662 2487 regimen
1706 2415 1991 2487 politicum
2028 2417 2160 2473 solis
2188 2418 2480 2477 roboratur

401 2560 406 2565 .
469 2511 698 2582 legibus,
733 2517 794 2566 at
832 2508 1040 2565 dictum
1084 2514 1170 2563 est
1213 2520 1403 2579 supra.
1442 2502 1647 2576 Regale
1684 2518 1834 2572 vero,
1867 2504 1985 2560 sive
2028 2505 2329 2579 imperiale,
2372 2510 2475 2565 etsi

469 2599 680 2669 legibus
701 2596 1054 2669 gubernetur,
1087 2594 1142 2650 in
1167 2592 1387 2651 casibus
1416 2600 1602 2649 tamen
1634 2592 1957 2664 opportunis
1982 2598 2047 2649 ac
2069 2596 2325 2665 gerendis
2348 2598 2478 2669 qui-

471 2687 810 2760 boscumque
844 2684 1078 2755 negotiis
1108 2682 1349 2752 regimen
1388 2680 1642 2736 consistit
1670 2680 1726 2735 in
1767 2680 1997 2738 arbitrio
2037 2684 2317 2756 principis,
2346 2686 2477 2759 quia

467 2790 568 2847 pro
602 2775 717 2843 lege
750 2772 984 2827 habetur
1005 2771 1150 2843 quod
1177 2769 1410 2841 principi
1428 2768 1727 2841 placuerit,
1766 2775 1825 2824 ut
1849 2771 1976 2841 jura
2012 2769 2300 2828 definiunt.
2329 2775 2481 2830 Con·

470 2860 800 2916 cludendum
817 2867 900 2914 est
925 2858 1112 2928 igitur,
1131 2857 1185 2911 in
1211 2855 1453 2912 dominio
1484 2856 1707 2928 politico
1732 2857 2073 2915 consiliarios
2097 2862 2333 2917 maxime
2362 2863 2479 2920 fore

469 2944 827 3013 necessarios,
850 2960 990 3018 quos
1011 2945 1068 3001 in
1089 2945 1306 3025 nomine
1330 2950 1645 3001 senatorum
1667 2944 1997 3002 includimus
2027 2964 2042 3003 ε
2072 2949 2213 3004 unde
2238 2951 2478 3008 Isidorus

468 3036 604 3094 dicit
633 3037 687 3093 in
717 3036 764 3091 11
791 3034 1108 3107 Etymoloy„
1137 3032 1283 3105 quod
1321 3040 1545 3089 senator
1570 3049 1602 3089 a
1633 3034 1966 3091 consulendo
1994 3042 2050 3091 et
2075 3039 2365 3095 tractando
2392 3047 2478 3098 est

467 3127 668 3196 dictae,
702 3125 796 3199 qui
826 3126 906 3180 sic
935 3139 996 3180 se
1025 3122 1188 3180 habet
1215 3128 1276 3178 ut
1305 3122 1574 3184 consulat,
1604 3128 1659 3177 et
1690 3122 1821 3178 nulli
1848 3130 2075 3193 noceat3
2109 3127 2251 3182 unde
2276 3137 2333 3186 et
2360 3132 2480 3185 Au·-

469 3214 738 3287 gustinus‚
776 3213 851 3269 De
889 3210 1008 3269 Civ.
1053 3210 1174 3275 Dei,
1205 3224 1362 3266 senes
1412 3211 1553 3266 inter
1582 3216 1867 3278 senatores
1906 3219 2283 3269 connumerat.
2310 3216 2482 3273 Com·-

468 3301 859 3377 prehendimus
907 3299 1075 3354 etiam
1123 3299 1180 3353 in
1231 3296 1449 3354 nomine
1500 3298 1772 3354 senatoris
1822 3304 2083 3367 rectoreS‚
2136 3302 2282 3359 sicut
2332 3305 2481 3362 idem

469 3391 711 3448 Isidorus
735 3388 905 3444 tradit
925 3388 980 3443 in
1003 3386 1402 3461 praenominato
1426 3387 1543 3458 jam
1572 3384 1709 3441 libro
1734 3402 1801 3442 ex
1823 3386 2007 3444 verbis
2030 3388 2215 3445 salutii
2244 3391 2483 3449 dicentis

471 3479 617 3553 quod
645 3478 940 3534 Senatores
958 3484 1142 3549 patres
1166 3474 1348 3532 vocati
1374 3481 1502 3530 sunt
1528 3480 1750 3547 propter
1773 3473 2091 3547 diligentem
2110 3493 2301 3535 curam
2330 3484 2483 3553 regi-

471 3568 656 3624 minis.
682 3567 822 3622 Nam
851 3565 995 3620 sicut
1031 3572 1218 3637 patres
1247 3563 1408 3629 ίὶΙίοε,
1434 3564 1516 3620 ita
1551 3561 1625 3618 illi
1658 3563 2048 3637 rempublicam
2076 3566 2479 3637 gubernabant.

471 3658 630 3712 Patet
657 3656 824 3727 igitur
852 3652 1000 3727 quod
1026 3654 1079 3708 in
1104 3653 1322 3709 nomine
1351 3658 1686 3717 senatorum,
1712 3664 1857 3725 'quos
1882 3653 2145 3711 Romulus
2170 3655 2423 3714 distinxit
2448 3674 2481 3716 a

472 3743 740 3799 militibus
764 3748 821 3798 et
849 3742 1074 3814 plebeis„
1107 3743 1274 3799 etiam
1315 3747 1559 3797 rectores
1596 3746 1653 3795 et
1680 3741 2027 3799 consiliarios
2043 3744 2477 3819 comprehendit,

473 3843 614 3898 quos
639 3830 896 3887 Socrates
921 3838 978 3885 et
1015 3829 1174 3889 Plato
1203 3831 1258 3883 in
1287 3840 1385 3887 sua
1410 3829 1575 3889 Polit.
1602 3836 1900 3901 posuerunt
1929 3831 2259 3903 distincto&
2302 3835 2400 3907 sed
2426 3838 2483 3893 in
