2784 4392
709 209 841 255 xv1.
872 222 952 243 —
975 210 1045 255 m
1085 206 1495 257 uncam-Ama
1534 205 1561 256 1
1598 206 1916 257 nxrosmo
2192 189 2317 253 435

316 326 498 379 tarum
523 325 808 383 secundum
829 334 1156 400 proeceptum
1179 326 1371 385 aeterni
1403 326 1522 384 Dei.
1556 326 1806 383 Secundo
1836 323 2143 382 ostenditur
2174 322 2323 397 quod

277 411 429 483 -2ejus
471 415 790 486 magnitudo
833 416 1046 473 excedit
1083 414 1583 490 incomparabiliter
1616 415 1857 473 omnium
1887 412 2321 486 magnitudinem

313 502 707 572 creaturarum,
736 520 860 561 cum
889 506 1091 561 dicitur
1125 523 1137 560 :
1186 528 1209 559 (ι
1254 508 1576 563 Immensus.
1606 526 1632 558 »
1664 505 1801 561 Illud
1831 505 1979 560 enim
2016 502 2320 559 mensurari

312 599 490 663 potest
519 608 614 665 per
644 592 847 667 aliquid
876 594 1042 662 aliud,
1077 596 1220 666 quod
1252 596 1295 651 si
1325 596 1549 651 excedat
1597 594 1650 650 in
1690 592 2084 666 magnitudine,
2130 599 2316 648 tamen

311 695 564 738 excessus
592 691 675 738 est
701 682 996 737 secundum
1024 681 1263 755 aliquam
1293 682 1721 758 proportionem.

381 768 532 825 Sicut
569 768 813 827 binarius
848 779 1125 827 mensurat
1153 774 1451 841 senarium,
1486 772 1541 827 in
1570 776 1835 846 quantum
1862 778 1945 827 ter
1972 771 2079 827 duo
2109 767 2315 826 faciunt

311 872 425 913 sex.
471 858 728 915 Senarius
773 866 956 915 autem
998 860 1213 916 excedit
1252 861 1525 917 binarium
1564 861 1866 917 secundum
1912 858 2318 932 proportionem

313 945 572 1017 aliquam,
612 948 911 1003 secundum
953 964 1116 1022 quam
1151 949 1394 1005 binarius
1433 958 1712 1007 mensurat
1750 949 2042 1015 senarium,
2076 947 2206 1020 quia
2236 953 2320 1002 est

313 1034 533 1107 triplum
575 1037 712 1107 ejuS.
758 1038 903 1092 Deus
943 1047 1128 1094 autem
1174 1028 1388 1093 excedit
1443 1036 1819 1110 magnitudine
1846 1034 1975 1093 'suae
2034 1034 2323 1107 dignitatis

311 1138 526 1179 omnem
573 1131 879 1195 creaturam
913 1126 966 1180 in
1004 1126 1296 1193 infinitum,
1332 1133 1386 1182 et
1431 1126 1555 1183 ideo
1584 1126 1785 1183 dicitur
1831 1126 2146 1191 immensus,
2188 1125 2319 1196 quia

312 1212 459 1267 nulla
481 1219 562 1269 est
586 1214 1045 1271 commensuratio
1065 1215 1147 1271 vel
1175 1215 1453 1288 proportio
1474 1215 1704 1287 alicujus
1724 1221 1993 1271 creaturae
2009 1214 2077 1269 ad
2101 1214 2278 1286 ipsum
2302 1229 2318 1267 ε

211 1358 216 1363 ,
312 1300 454 1356 unde
483 1301 685 1357 dicitur
716 1302 767 1357 in
799 1302 998 1359 Psalm.
1031 1319 1219 1370 cxmv,
1261 1308 1291 1359 3
1339 1321 1350 1357 t
1383 1302 1616 1375 Maynus
1652 1303 1913 1359 Dominus
1948 1308 1999 1358 et
2038 1300 2322 1359 laudabilis

312 1388 492 1454 nimis,
522 1395 572 1446 et
598 1390 988 1462 maynitudinis
1017 1392 1128 1463 ejus
1166 1408 1270 1447 non
1296 1398 1368 1446 est
1392 1392 1553 1462 finis5
1586 1397 1641 1446 et
1665 1390 1904 1456 namen:
1932 1405 2021 1457 111,
2056 1392 2142 1456 25,
2176 1390 2321 1445 dici·

314 1490 400 1531 tur
428 1494 441 1531 :
475 1477 702 1549 Maynus
727 1486 822 1542 est,
849 1485 898 1533 et
923 1494 1028 1533 uon
1054 1478 1243 1533 habens
1264 1478 1446 1548 finem,
1473 1478 1705 1533 excelsus
1724 1482 1774 1533 et
1801 1477 2103 1533 immensus.
2132 1477 2317 1533 Tertio

312 1564 619 1619 ostenditur
657 1566 801 1637 quod
855 1566 1068 1621 excedit
1111 1581 1326 1621 omnem
1377 1566 1821 1629 mutabilitatem,
1876 1580 2000 1620 cum
2058 1563 2260 1619 dicitur
2303 1580 2317 1617 ε

317 1672 342 1705 «
377 1651 843 1708 Incommutabilis
876 1672 902 1704 ι)
951 1652 1080 1725 quia
1125 1652 1335 1709 scilicet
1377 1652 1526 1710 nulla
1555 1660 1639 1709 est
1680 1652 1823 1726 apud
1856 1652 2031 1726 ipsum
2064 1651 2319 1720 variati0‚

236 1753 242 1759 ·
314 1740 610 1796 secundum
636 1739 766 1797 illud
794 1742 933 1807 lac„
965 1757 1003 1808 1,
1049 1742 1116 1796 ⁴7
1151 1758 1164 1797 z
1199 1742 1360 1813 Apud
1392 1758 1541 1815 quem
1569 1758 1675 1798 non
1698 1748 1775 1798 est
1798 1740 2201 1805 transmutatae,
2226 1756 2322 1796 nec

312 1828 696 1885 vicissitudinis
747 1828 1098 1886 obumbratio.
1145 1829 1355 1899 Quarto
1400 1830 1707 1886 ostenditur
1746 1829 1892 1903 quod
1936 1845 2035 1885 sua
2078 1834 2322 1901 potestas

318 1918 650 1974 transcendit
675 1918 877 1983 omnia,
911 1934 1036 1976 cum
1061 1917 1262 1975 dicitur
1295 1934 1308 1973 z
1338 1939 1364 1971 «
1394 1919 1753 1992 Omnipotens
1787 1937 1813 1969 2>
1845 1918 1973 1990 quia
1999 1916 2321 1989 simpliciter

317 2007 496 2062 omnia
524 2013 704 2080 potest
737 2024 750 2061 t
783 2006 927 2063 unde
963 2008 1079 2080 ipse
1107 2005 1240 2064 dicit
1265 2009 1489 2077 Genes.,
1517 2023 1662 2076 xvn,
1700 2007 1722 2062 l
1778 2024 1791 2063 ε
1820 2008 1935 2079 Eyo
1973 2006 2114 2064 Deus
2140 2004 2323 2063 omiti-

315 2100 514 2167 potens.
1496 2088 1501 2093 ’

387 2184 456 2238 Et
486 2185 528 2238 si
561 2183 686 2255 quis
713 2183 937 2254 objiciat
968 2183 1022 2238 id
1051 2183 1194 2255 quod
1225 2182 1519 2257 Apostolus
1556 2182 1690 2239 dicit
1718 2184 1765 2239 H
1805 2184 2063 2250 Timoth.,
2108 2198 2171 2251 ιι,
2206 2182 2273 2239 ts
2300 2197 2315 2237 z

317 2274 414 2332 Ille
439 2270 610 2342 fidelis
645 2278 945 2343 permanet,
975 2268 1168 2343 ue‘9are
1207 2288 1260 2327 sc
1288 2272 1462 2344 ipsum
1500 2288 1607 2327 uon
1640 2278 1833 2343 potest,
1876 2279 1933 2327 et
1976 2272 2053 2328 ita
2092 2286 2196 2329 non
2235 2274 2325 2327 est

317 2361 678 2431 omnipotens,
710 2360 1013 2415 Dicendum
1043 2358 1186 2432 quod
1213 2374 1415 2431 negare
1443 2376 1501 2415 se
1528 2361 1727 2433 ipsum,
1764 2369 1847 2417 est
1882 2357 2117 2415 deficere
2150 2376 2183 2417 a
2212 2376 2317 2415 se<

318 2466 422 2505 non
453 2463 612 2521 posse
640 2457 824 2504 autem
853 2447 1084 2503 deficere
1109 2463 1215 2503 non
1236 2455 1320 2503 est
1344 2465 1411 2504 ex
1440 2448 1657 2504 defectu
1682 2449 1959 2522 potentiae,
1986 2450 2081 2503 sed
2113 2464 2181 2503 ex
2218 2463 2323 2519 po·-

321 2540 507 2595 tentiae
531 2536 880 2610 perfectione,
910 2537 1051 2593 sicut
1072 2537 1238 2592 etiam
1259 2537 1403 2608 apud
1431 2534 1675 2593 homines
1694 2553 1762 2593 ex
1778 2551 1975 2607 magna
2000 2535 2322 2593 fortitudine

317 2636 399 2685 est
429 2626 573 2702 quod
615 2626 814 2700 aliquis
849 2626 994 2682 vinci
1032 2640 1138 2681 non
1168 2626 1358 2696 possit.
1395 2624 1457 2680 In
1486 2625 1589 2682 hoc
1630 2640 1757 2696 ergo
1796 2640 1926 2682 vere
1964 2626 2109 2680 Deus
2138 2625 2321 2679 omni·

320 2724 510 2789 potens
551 2716 874 2784 ostenditur,
919 2715 1064 2788 quod
1107 2713 1288 2771 omnia
1329 2719 1508 2787 potest
1537 2712 1737 2783 facere,
1782 2718 1839 2769 et
1873 2712 1926 2769 in
1966 2712 2113 2769 nullo
2141 2718 2322 2785 potest

319 2804 570 2859 deficere.

389 2892 592 2959 Quinto
611 2890 917 2945 ostenditur
936 2891 1079 2962 quod
1092 2892 1312 2948 excedit
1335 2892 1575 2948 omnium
1598 2892 1866 2948 rationem
1882 2896 1936 2947 et
1958 2889 2317 2961 intellectum,

319 2995 441 3037 cum
463 2978 700 3033 dicitur:
736 2997 762 3029 α
790 2978 1375 3049 Incomprehensibilis.
1408 3000 1433 3030 »
1465 2979 1558 3035 Illa
1590 2980 1734 3035 enim
1760 2978 2219 3052 comprehendere
2244 2981 2319 3036 di·

320 3070 512 3134 cimur,
547 3082 670 3139 quae
711 3064 949 3138 perfecte
995 3066 1391 3135 cognoscimus,
1437 3074 1701 3138 quantum
1744 3065 2129 3136 cognoscibilia
2168 3076 2315 3123 sunt.

320 3157 478 3213 Nulla
508 3162 689 3212 autem
719 3162 969 3210 creatura
1001 3160 1210 3209 tantum
1251 3159 1428 3224 potest
1464 3154 1634 3207 Deum
1672 3168 2019 3223 cognoscere,
2052 3162 2318 3227 quantum

320 3243 700 3316 cognoscibilis
737 3248 838 3309 est,
871 3248 926 3297 et
967 3248 1183 3315 propter
1214 3242 1315 3297 hoc
1343 3240 1489 3297 nulla
1517 3247 1769 3297 creatura
1800 3248 1977 3314 potest
2006 3258 2130 3301 eum
2162 3258 2319 3299 com-

322 3332 670 3407 prehendere.
698 3331 852 3388 Unde
879 3330 1081 3386 dicitur
1104 3330 1223 3386 soh.
1253 3345 1334 3397 xi,
1368 3331 1403 3384 7
1426 3346 1441 3385 ε
1472 3328 1735 3387 Forsitan
1762 3330 1981 3403 vestiqia
2019 3330 2141 3397 Dei,
2172 3348 2320 3388 com·

319 3420 622 3495 prehendes,
667 3426 718 3475 et
760 3435 920 3491 usque
961 3419 1032 3474 ad
1064 3418 1357 3491 perfectum
1404 3417 1819 3491 Omnipotentem
1862 3420 2115 3492 reperies,
2159 3422 2321 3495 quasi

321 3512 486 3575 dicat,
534 3524 638 3564 non
683 3516 736 3562 et
763 3508 984 3573 iorem„
1019 3522 1234 3573 xxxin,
1281 3510 1366 3573 48,
1400 3507 1643 3564 dicitur:
1689 3508 1947 3564 Dominus
1984 3508 2319 3567 exercituum

320 3615 502 3655 nonum
533 3596 652 3663 tibi,
681 3611 902 3669 mayuus
935 3597 1170 3662 consilia,
1199 3604 1252 3653 et
1286 3596 1825 3669 incomprehensibilis
1861 3597 2111 3669 copitatu.
2149 3600 2316 3656 Sexto

319 3686 626 3745 ostenditur
655 3686 797 3758 quod
823 3685 1036 3743 excedit
1063 3700 1278 3742 omnem
1303 3684 1647 3753 locutionem,
1672 3702 1797 3741 cum
1819 3685 2020 3743 dicitur
2046 3704 2059 3742 ε
2086 3708 2111 3740 «
2132 3687 2317 3748 lneffa·

321 3776 464 3845 bilis,
495 3793 520 3829 ι)
552 3776 680 3848 quia
705 3773 910 3831 scilicet
933 3773 1108 3833 nullus
1133 3781 1310 3848 potest
1339 3773 1669 3835 sufficienter
1696 3774 1848 3833 effari
1874 3772 2090 3836 laudem
2112 3777 2315 3852 ipsius;
