2784 4392
464 231 588 295 2⁷6
945 246 1000 295 s.
1044 244 1282 291 *ruoim
1319 242 1652 297 neumare
1689 242 2001 291 orvedum

467 366 675 423 ralibue
717 365 880 423 bonis
925 364 1162 421 maxima
1203 366 1260 419 et
1299 362 1633 435 sempiterna
1677 359 1908 434 perdere
1950 356 2115 431 bona,
2156 360 2341 421 nullus
2376 360 2493 421 nisi

471 454 674 514 stultus
698 462 795 512 eut
823 452 1058 510 infidelis
1083 451 1317 524 ignorat.

536 544 864 603 Addendum
893 548 979 599 eet
1015 542 1185 609 etlam
1220 540 1524 615 quodheee
1554 538 1877 613 temporalia
1916 541 2225 609 commoda,
2256 548 2485 616 propter

469 648 596 709 quae
626 633 850 707 tyranni
869 632 1146 705 justitiam
1169 630 1451 695 deserunt,
1478 628 1652 702 magis
1682 628 1753 687 a'd
1779 628 1995 687 lucrum
2025 632 2356 703 proveniunt
2388 648 2489 689 re·-

469 726 648 798 gibus,
668 724 798 779 dum
816 720 1093 795 justitiam
1115 728 1356 777 servant.
1377 720 1559 775 Primo
1573 732 1809 792 namque
1832 718 1976 775 inter
1998 718 2272 777 mundane
2296 722 2485 779 omnia

470 813 606 869 nibil
663 818 747 869 eet
806 810 954 885 quod
1001 808 1261 866 amicitiae
1316 808 1499 880 dignm
1561 806 1961 881 praeterendum
2022 808 2300 866 videatur.
2354 810 2483 882 Ipsa

472 914 710 975 namque
738 908 842 971 eet,
871 914 998 971 quea
1019 896 1292 955 virtuosos
1317 896 1373 953 in
1400 909 1566 953 unum
1595 894 1871 963 conciliat,
1902 898 2161 953 virtutem
2186 904 2484 957 conservat

471 994 641 1060 atque
677 992 984 1059 promovet.
1014 985 1138 1059 Ipsa
1172 990 1258 1041 eet
1297 998 1409 1057 qua
1446 996 1635 1040 omnes
1674 980 1920 1055 indigent
1954 982 2011 1039 in
2039 984 2483 1059 quibuscumque

469 1076 705 1147 negotiis
734 1074 1078 1147 peragendi&
1105 1089 1232 1147 quae
1257 1088 1358 1129 nec
1387 1071 1663 1147 prosperis
1688 1072 2001 1145 importune
2034 1088 2095 1129 ee
2124 1073 2345 1145 ingerit,
2375 1088 2481 1131 nec

469 1166 676 1221 deserit
705 1165 760 1220 in
791 1162 1055 1231 adversiS,
1086 1163 1211 1235 Ipsa
1233 1168 1318 1219 eet
1341 1174 1469 1237 quae
1506 1162 1773 1218 maximae
1798 1160 2193 1221 delectationes
2214 1164 2393 1231 affert,
2421 1164 2480 1221 in

467 1256 688 1311 tantum·
724 1260 786 1309 ut
823 1262 1186 1326 quaecumque
1231 1250 1581 1307 delectabilia
1618 1248 1674 1306 in
1703 1248 1926 1309 taedium
1953 1250 2073 1307 eine
2115 1252 2309 1309 amicis
2348 1268 2481 1309 ver·
2554 1250 2571 1267 ‘

468 1348 676 1400 tantur.
708 1340 978 1413 Quaelibet
1005 1346 1190 1397 autem
1215 1352 1433 1413 aepera,
1466 1337 1649 1397 facilia
1676 1350 1733 1397 et
1762 1340 2105 1412 properantia
2132 1339 2265 1399 facit
2288 1354 2476 1413 amor;

469 1446 572 1487 nec
596 1439 680 1488 est
715 1431 948 1503 alicujus
985 1428 1206 1503 tyranni
1234 1434 1392 1485 tanta
1424 1425 1743 1495 crudelitas,
1769 1434 1839 1485 ut
1869 1428 2113 1487 amicitia
2142 1444 2249 1487 non
2291 1426 2478 1487 delec-

451 1518 636 1577 tetur.
686 1519 982 1593 Dionysius
1019 1518 1163 1575 enim
1201 1518 1480 1591 quondam
1520 1518 1990 1591 Syracusanorum
2038 1526 2305 1589 tyrannus
2351 1534 2479 1579 cum

467 1610 702 1667 duorum
746 1608 1068 1674 amicorum,
1108 1607 1205 1679 qui
1242 1607 1454 1683 Damon
1492 1612 1547 1663 et
1586 1602 1811 1678 Pythiae
1848 1604 2200 1675 dicebantur,
2242 1606 2493 1665 alterum·

470 1698 722 1754 occidere
751 1696 932 1763 vellet,
977 1696 1026 1753 ie
1063 1694 1158 1769 qui
1191 1684 1523 1754 occidendus
1569 1702 1709 1760 erat,
1740 1692 1989 1751 induciae
2036 1694 2372 1767 impetravit,
2414 1706 2477 1755 ut

471 1786 693 1841 domum
740 1785 1018 1858 profectus
1063 1796 1152 1841 ree
1178 1781 1659 1851 euae'ordinaret3
1688 1780 1827 1839 alter
1857 1798 1987 1839 vero
2020 1775 2321 1843 amicorum
2356 1800 2479 1843 sese

470 1883 707 1949 tyranno
734 1872 808 1928 ob
835 1870 998 1929 fidem
1035 1872 1298 1945 pro'ejue
1335 1868 1515 1928 red-itu
1556 1869 1728 1929 dedit.
1768 1872 2255 1945 Approplnquante
2291 1881 2478 1933 autem

471 1961 739 2033 promisso
765 1958 876 2027 die,
909 1972 1010 2016 nec
1036 1959 1132 2015 illo
1161 1958 1445 2027 redeunte,
1487 1959 1863 2033 unusquisque
1894 1958 2290 2033 fideijussorem
2332 1964 2478 2020 etul-

471 2050 614 2106 titiae
638 2048 924 2119 arguebat.
953 2052 1026 2105 At
1051 2046 1142 2103 ille
1174 2045 1308 2103 nihil
1331 2060 1392 2103 ee
1431 2054 1675 2103 metuere
1698 2046 1767 2103 de
1798 2049 1961 2105 amici
1990 2050 2303 2109 constantia
2330 2068 2477 2124 pree-

471 2134 714 2193 dicabat.
746 2134 948 2191 Eadem
975 2142 1160 2193 autem
1183 2132 1318 2193 hora
1342 2149 1453 2209 qua
1482 2134 1660 2191 fuerat
1688 2135 2039 2204 occidendae,
2066 2138 2251 2195 rediit.
2281 2140 2477 2197 Admi-

469 2236 604 2281 rans
637 2228 821 2281 autem
843 2224 1127 2282 amborum
1153 2224 1415 2291 animum,
1440 2224 2057 2297 tyrannus-supplicium
2073 2232 2293 2300 propter
2312 2228 2475 2285 fidem

475 2312 738 2371 amicitioe
784 2312 1014 2381 remleit,
1064 2311 1283 2385 insuper
1323 2326 1527 2385 rogans
1568 2320 1629 2369 ut
1656 2326 1783 2369 eum
1825 2314 2051 2370 tertium
2088 2316 2394 2388 reciperent
2421 2318 2475 2373 in

473 2402 735 2461 amicitiae
758 2401 953 2475 gradu.
979 2402 1096 2459 Hoc
1125 2408 1311 2460 autem
1333 2402 1597 2465 amicitiae
1620 2401 1844 2467 bonum,
1873 2404 2125 2475 quamvis
2167 2404 2477 2463 desiderent

470 2494 714 2567 tyranni,
739 2492 999 2564 consequi
1022 2499 1204 2549 tamen
1227 2508 1332 2549 non
1359 2496 1607 2563 possunt.
1627 2492 1767 2547 Dum
1788 2491 1935 2547 enim
1958 2506 2247 2550 commune
2273 2492 2475 2551 honum

469 2598 582 2637 non
609 2590 882 2655 quaerunt,
911 2581 1008 2637 sed
1030 2580 1331 2654 proprium,
1358 2580 1421 2634 fit
1448 2594 1617 2647 parva
1644 2578 1731 2635 vel
1772 2578 1919 2637 nulla
1948 2582 2259 2639 communio
2290 2598 2477 2639 eorum

471 2670 546 2726 ad
583 2669 852 2725 subditos·
903 2668 1096 2725 Omnis
1147 2675 1328 2725 autem
1372 2666 1619 2725 amicitia
1664 2683 1829 2741 super
1868 2668 2054 2741 aliqua
2098 2673 2477 2728 communione

471 2757 744 2812 firmatur.
775 2756 882 2811 Eos
909 2756 1054 2811 enim
1079 2756 1174 2829 qui
1211 2756 1561 2823 conveniunt,
1595 2754 1680 2812 vel
1707 2773 1807 2830 per
1831 2763 2045 2813 naturae
2074 2760 2360 2831 originem,
2390 2760 2477 2819 vel

471 2856 572 2915 per
598 2850 808 2897 motum
854 2839 1286 2906 similitudinem,
1316 2842 1403 2898 vel
1440 2858 1539 2915 per
1573 2843 1969 2917 cujuscumque
2004 2846 2287 2904 societatis
2324 2864 2477 2905 com-

471 2928 805 2996 munionem,
838 2924 1087 2986 vldemus
1117 2926 1358 2985 amicitia
1407 2930 1685 3003 conjungi.
1730 2928 1906 2990 Parva
1947 2928 2134 3005 igit-ur,
2170 2934 2260 2994 vel
2299 2934 2479 3011 potius

469 3012 624 3076 nulla
652 3020 738 3089 est
765 3012 1009 3074 amicitia
1049 3014 1266 3091 tyranni
1303 3020 1360 3075 et
1383 3015 1604 3090 ·eubiti;
1648 3016 1921 3095 simulque
1963 3018 2095 3078 dum
2132 3020 2340 3083 subditi
2384 3042 2481 3101 per

470 3106 820 3180 tyrannicam
856 3103 1182 3177 injustitiam
1226 3104 1625 3179 opprimuntur,
1672 3110 1729 3166 et
1767 3121 1826 3165 se
1855 3108 2031 3167 amari
2075 3125 2181 3169 non
2210 3110 2473 3183 sentiunt,

469 3196 571 3272 sed
609 3194 904 3264 contemni,
951 3195 1300 3269 nequaquam
1337 3204 1547 3256 emant.
1588 3198 1703 3255 Nec
1740 3197 1947 3255 habent
1977 3202 2199 3278 tyranni
2236 3204 2381 3261 unde
2412 3204 2480 3261 de

468 3282 710 3341 subditis
733 3292 1159 3357 conquerantur,
1182 3282 1231 3340 si
1255 3282 1327 3341 ab
1343 3284 1425 3341 eie
1450 3298 1561 3343 non
1579 3285 1902 3358 diliguntur,
1929 3288 2061 3361 quia
2085 3304 2189 3348 neo
2215 3290 2321 3365 ipsi
2346 3292 2481 3352 tales

473 3388 534 3431 se
555 3374 690 3445 ipsis
711 3374 989 3451 exhibent,
1015 3378 1076 3429 ut
1095 3372 1250 3445 diligi
1277 3372 1350 3431 ab
1371 3372 1454 3430 eie
1480 3372 1741 3431 debeant.

543 3460 650 3519 Sed
678 3460 807 3518 boni
838 3452 994 3533 reg‘ee
1015 3461 1147 3519 dum
1187 3462 1462 3518 communi
1492 3462 1761 3534 profectui
1802 3464 2051 3523 studiose
2087 3466 2399 3539 intendunt,
2426 3479 2483 3529 et

472 3563 664 3608 eorum
696 3549 889 3611 ,studio
917 3549 1121 3607 subditi
1158 3548 1316 3623 plura
1355 3551 1643 3610 commoda
1686 3568 1749 3611 ee
1776 3555 1997 3629 assequi
2042 3557 2309 3627 sentiunt,
2354 3560 2484 3617 dili·-

471 3646 676 3712 guntur
699 3634 732 3697 a
758 3638 1029 3713 plurimis,
1058 3638 1192 3696 dum
1220 3636 1467 3698 subditos
1509 3655 1570 3697 ee
1608 3656 1796 3699 amare
1829 3644 2231 3715 demonstrant,
2264 3648 2399 3721 quia
2428 3658 2484 3706 et

471 3731 580 3784 boc
605 3734 689 3803 est
711 3728 940 3799 majoris
965 3727 1210 3797 malitiae,
1231 3744 1402 3801 quam
1420 3729 1567 3802 quod
1591 3727 1648 3787 in
1673 3731 2028 3791 multitudiue
2048 3734 2236 3805 cadat,
2268 3742 2330 3793 ut
2356 3737 2485 3796 odio

472 3812 778 3883 habeantur
807 3815 968 3885 amici
1008 3822 1066 3885 et
1097 3814 1538 3887 benefactoribus
1568 3820 1901 3906 rependatur
1939 3823 2142 3893 malum
2182 3838 2283 3914 pro
2318 3824 2481 3903 bono,
