2784 4392
458 295 537 366 46
934 317 987 365 s.
1031 309 1262 364 'mount
1302 264 1630 371 sommus
1671 304 1980 362 croscum

364 444 369 449 ·
451 433 800 508 perfeetionis
848 435 1195 496 aemulatores
1240 434 1389 493 nullo
1441 433 1602 494 modo
1653 431 1929 503 fecissent,
1981 430 2031 490 si
2085 426 2462 508 possessiones

450 541 766 582 communes
790 526 844 584 in
868 526 1053 599 aliquo
1092 524 1423 600 Apostolicae
1457 532 1514 581 et
1539 521 1882 596 Evangelicae
1918 521 2241 596 perfectioni
2289 521 2462 579 dero-

450 620 662 685 gerent.
690 615 761 671 Et
794 629 861 672 ex
901 614 1007 671 hoc
1042 613 1367 670 concludere
1389 612 1580 670 volunt
1607 629 1620 667 ε
1654 627 1760 670 nou
1785 611 2061 686 pertinere
2087 609 2158 668 ad
2191 611 2460 683 majorem

452 703 859 774 perfectionem,
888 703 1035 776 quod
1060 702 1227 776 aliqui
1254 701 1688 775 possessionibus
1715 707 1960 760 careant.

522 792 743 850 Addunt
774 793 943 850 etiam
967 792 1114 866 quod
1162 791 1410 864 Apostoli
1455 789 1654 864 quibus
1697 790 1960 848 Dominus
1991 789 2366 856 mandaverat,
2397 793 2462 844 ut

449 881 581 936 nihil
602 881 959 954 possiderent,
979 897 1081 938 nec
1108 879 1317 954 aliquid
1336 879 1614 938 deferrent
1635 881 1694 937 in
1711 879 1820 946 via,
1843 887 2086 952 tempore
2109 877 2462 936 necessitatis

388 972 393 976 '
455 966 637 1038 aliqua
682 967 1051 1038 possidebant.
1103 967 1255 1024 Unde
1293 983 1458 1042 super
1501 966 1636 1026 illud
1676 967 1810 1025 Luc.
1853 981 1940 1024 xu
1975 983 1988 1021 :
2029 964 2128 1020 Sed
2171 981 2312 1022 nunc
2357 961 2456 1036 qui

460 1052 609 1109 habet
633 1054 893 1120 saeculum,
926 1054 1075 1110 tollat
1102 1054 1354 1113 similiter
1382 1061 1438 1112 et
1459 1070 1670 1127 peram,
1689 1052 1826 1111 dicit
1855 1053 2070 1118 messa,
2100 1052 2244 1125 quod
2279 1071 2304 1103 α
2336 1051 2459 1106 ins-

457 1146 607 1196 tante
640 1141 827 1207 mortis
856 1140 1107 1210 articu10,
1140 1149 1197 1204 et
1226 1148 1341 1201 tota
1390 1142 1482 1202 illa
1527 1150 1689 1215 gente
1735 1149 2010 1214 pastorem
2037 1139 2198 1196 simul
2237 1153 2461 1212 gregem

457 1236 818 1303 persequente
854 1245 1155 1302 congruam
1199 1233 1433 1304 tempori
1479 1231 1725 1303 regulam
1749 1231 2016 1298 decernit,
2048 1224 2368 1300 permittens
2397 1235 2462 1284 ut

460 1317 653 1374 tollant
698 1318 866 1376 victui
914 1319 1241 1378 necessari-a.
1272 1339 1299 1372 n
1346 1321 1464 1376 Non
1517 1327 1704 1376 autem
1745 1317 2141 1392 persecutionis
2189 1323 2458 1388 tempore,

452 1407 701 1479 Apostoli
732 1407 957 1463 minoris
987 1407 1584 1480 perfectionis-fuerunt
1613 1423 1626 1462 t
1653 1407 1818 1479 igitur
1849 1407 2125 1480 possidere
2149 1403 2462 1462 communia

458 1496 847 1570 perfectionem
873 1513 981 1553 non
1006 1495 1279 1553 diminuit.

531 1586 733 1643 Dicunt
758 1588 999 1660 insuper,
1026 1588 1169 1660 quod
1212 1585 1461 1644 Christus
1491 1585 1740 1643 ordinem
1779 1584 2168 1658 discipulorum
2199 1582 2457 1650 instituit,

460 1675 658 1749 quibus
698 1677 999 1732 succedunt
1036 1677 1285 1750 Episcopi
1324 1681 1380 1732 et
1423 1676 1606 1732 clerici
1648 1673 2015 1748 possessiones
2051 1673 2334 1740 habenteS,
2365 1688 2464 1728 or·

462 1765 616 1819 dines
654 1771 836 1822 autem
884 1765 1259 1834 religiosorum
1298 1765 1506 1837 absque
1552 1763 1992 1834 possessionibus.
2031 1762 2090 1818 in
2137 1767 2464 1834 paupertate

462 1852 761 1907 viventium
792 1859 981 1922 postea
1007 1851 1076 1906 ab
1106 1851 1225 1906 aliis
1252 1858 1379 1918 sunt
1397 1851 1654 1906 instituti.
1677 1850 1834 1918 Quod
1857 1857 2042 1906 autem
2071 1849 2320 1904 Christus
2350 1852 2464 1905 ins·

466 1938 619 1995 tituit
662 1937 955 2012 perfectius
1010 1944 1111 1994 est.
1161 1938 1460 1994 Perfectius
1507 1938 1674 2008 igitur
1713 1953 1834 1994 esse
1887 1936 2104 1994 videtur
2147 1951 2464 2004 communes

464 2026 835 2100 possessiones
858 2025 1077 2093 habere,
1108 2041 1276 2098 quam
1303 2024 1514 2098 absque
1542 2024 1972 2098 possessionibus
1999 2025 2202 2082 viver-e.

533 2121 781 2188 Arguunt
811 2116 1049 2188 insuper,
1086 2114 1231 2186 quod
1262 2129 1369 2170 non
1397 2121 1484 2171 est
1509 2114 1787 2182 credibile,
1825 2114 1970 2189 quod
2007 2114 2266 2187 perfectio
2295 2130 2464 2188 quam

462 2205 709 2264 Christus
737 2204 991 2271 instituit,
1024 2203 1385 2263 obdormisset
1411 2203 1720 2262 intermissa
1749 2220 1780 2260 a
1809 2210 2054 2276 tempore
2079 2203 2462 2277 Apostolorum

464 2311 635 2368 usque
664 2295 732 2352 ad
760 2293 879 2352 baec
910 2299 1171 2366 tempera,
1206 2292 1260 2350 in
1289 2292 1490 2367 quibus
1520 2293 1690 2367 aliqui
1717 2293 1935 2350 ordines
1976 2293 2317 2366 incoeperunt
2345 2293 2462 2350 sine

462 2383 840 2442 communibus
866 2383 1297 2457 possessionibus
1322 2385 1527 2442 vivere.
1556 2384 1712 2441 'Unde
1735 2383 2057 2442 concludere
2081 2382 2288 2450 volunt,
2315 2381 2462 2456 quod

463 2473 839 2532 communibus
882 2473 1312 2547 possessionibus
1338 2489 1528 2532 carere
1571 2472 1640 2529 ad
1677 2472 2064 2545 perfectionem
2091 2471 2461 2543 evangelicam

463 2580 567 2620 non
597 2565 889 2636 pertineat.

530 2653 731 2707 Dicunt
752 2651 939 2717 etiam,
967 2651 1111 2722 quod
1142 2649 1307 2723 siqui
1338 2655 1460 2722 post
1483 2650 1864 2724 Apostolorum
1888 2656 2131 2723 tempora
2159 2650 2462 2722 possessio-

462 2737 619 2794 nibus
642 2747 957 2806 caruerunt,
980 2738 1239 2798 vivebant
1265 2735 1337 2794 de
1356 2753 1520 2810 opere
1540 2740 1798 2806 manuali,
1827 2741 1967 2796 sicut
1991 2739 2190 2811 legitur
2214 2738 2282 2796 de
2297 2755 2463 2797 sanc·

464 2827 534 2882 tis
562 2827 811 2884 Patribus
845 2827 901 2882 in
928 2821 1181 2900 AEgypto.
1213 2821 1367 2886 Unde
1397 2827 1476 2882 illi
1505 2829 1600 2900 qui
1630 2827 2060 2902 possessionibus
2089 2827 2462 2886 communibus

460 2921 667 2981 carent,
700 2921 755 2971 et
796 2922 978 2971 tamen
1010 2915 1080 2972 de
1110 2931 1271 2989 opere
1301 2915 1544 2972 manuali
1577 2933 1685 2977 non
1719 2917 1931 2986 vivunt,
1963 2917 2218 3012 videntur
2243 2917 2462 2978 omnino

462 3004 533 3061 ab
556 3004 867 3076 evangelica
892 3003 1223 3077 perfectione
1250 3005 1506 3065 deficere.

532 3093 801 3150 Inducunt
842 3095 1027 3162 etiam,
1068 3095 1215 3167 quod
1250 3094 1565 3154 divitiarum
1593 3095 1996 3156 abrenuntiatio
2037 3097 2348 3158 introducta
2377 3103 2462 3156 est

461 3182 532 3241 ad
571 3181 863 3241 tollendam
896 3183 1320 3242 sollicitudinem
1349 3185 1726 3259 temporalium
1761 3201 1964 3254 rerum,
2005 3187 2304 3242 secundum
2332 3186 2462 3243 illud

460 3273 591 3330 Luc.
623 3287 732 3342 xn,
778 3277 846 3332 22
894 3291 907 3331 ε
945 3273 1131 3332 Nolite
1157 3274 1371 3331 solliciti
1407 3291 1511 3332 esse
1539 3275 1732 3332 animoe
1767 3283 1977 3342 vestrm,
2009 3275 2172 3346 quid
2153 3275 2463 3332 manduce-

463 3361 551 3428 tis,
595 3369 726 3433 etc.,
774 3370 829 3420 et
868 3365 909 3432 1,
956 3363 1203 3420 Corinth.
1242 3380 1343 3430 vn,
1376 3367 1501 3422 92·
1540 3363 1664 3422 Volo
1700 3383 1789 3422 vos
1819 3365 1933 3421 sine
1959 3363 2313 3422 sollicitudine
2339 3381 2460 3422 esse.

458 3453 564 3509 Sed
594 3454 767 3525 major
790 3451 1100 3510 sollicitudo
1125 3453 1372 3510 imminet
1401 3453 1578 3509 victus
1601 3454 1882 3526 quaerendi
1903 3452 2008 3521 his,
2035 3455 2128 3526 qui
2161 3453 2464 3527 possessio-

458 3555 555 3597 nes
583 3557 690 3597 non
718 3541 939 3610 habent,
962 3558 1134 3615 ⁴quam
1157 3541 1241 3598 his
1265 3541 1359 3615 qui
1388 3541 1771 3599 sufficientiam
1797 3543 1974 3599 victus
1995 3543 2111 3614 jam
2142 3541 2342 3600 babent
2372 3557 2466 3613 per

459 3631 827 3700 possessiones
860 3647 1177 3690 communes
1206 3648 1221 3688 t
1254 3647 1385 3704 ergo
1415 3631 1790 3688 communibus
1817 3631 2249 3706 possessionibus
2275 3642 2465 3692 carere

458 3717 715 3773 diminuit
742 3720 1111 3791 evangelicam
1144 3720 1552 3793 perfectionem.
2265 3745 2270 3750 ·

528 3805 685 3861 Circa
714 3806 815 3860 hoc
840 3809 1006 3863 etiam
1030 3810 1259 3875 addunt,
1292 3808 1422 3881 quia
1449 3809 1589 3864 tales
1625 3808 1866 3880 religiosi
1894 3827 2118 3870 necesse
2158 3811 2362 3869 habent
2389 3811 2459 3868 de

460 3891 696 3965 negotiis
738 3893 1029 3977 multorum
1060 3910 1120 3953 se
1152 3896 1538 3964 intromittere,
1568 3896 1662 3969 qui
1697 3896 1776 3954 eis
1816 3899 2124 3958 necessaria
2150 3899 2330 3960 victus
2356 3900 2460 3956 mi-
