2784 4392
454 237 564 301 32.
808 233 815 239 ’
932 252 985 298 s.
1026 252 1277 326 mcum·
1300 249 1625 304 Aemi-utrm
1671 211 1984 298 ornacum.

459 369 699 442 probate,
722 367 855 424 dicit
874 367 1101 426 Glossa:
1136 367 1301 428 carta
1324 383 1430 423 non
1454 373 1603 439 cqent
1628 365 1966 433 discussione,
1990 364 2254 424 incertum
2281 360 2458 425 autem

452 466 756 532 potestesse
792 459 875 512 his
903 457 1087 529 quibus
1124 457 1255 513 ulios
1296 455 1366 512 ad
1415 455 1718 528 reliqiouem
1758 456 1990 528 recipere
2032 455 2310 522 incumbit,
2357 473 2458 529 quo

458 547 659 622 spiritu
690 547 761 602 ad
792 546 1094 618 νοῑὶρίοηωη
1119 545 1347 610 veniam,
1376 551 1562 602 utrum
1602 545 1800 602 scilicet
1846 545 2106 600 desiderio
2147 545 2459 617 spiritualis

451 635 745 707 profectus,
774 649 847 689 au
887 635 1049 690 etiam
1076 640 1210 690 sicut
1239 633 1545 705 quandoque
1591 633 1783 690 accidit
1825 632 1897 688 ad
1936 633 2339 704 explorandum,
2379 635 2460 691 vet

458 723 529 778 ud
552 723 687 779 mule
718 722 1021 796 faciendum
1054 740 1071 778 .·
1098 723 1179 778 vel
1202 723 1363 780 eifum
1405 730 1591 778 utrum
1613 721 1725 777 sint
1767 722 1838 777 ad
1871 722 2176 793 reliyionem
2221 721 2338 794 apti
2364 722 2458 795 qui

456 811 694 868 venium.
728 813 793 868 Et
834 812 957 867 ideo
988 811 1245 868 indicitur
1281 811 1361 867 eis
1395 818 1506 866 tam
1535 827 1629 884 per
1673 817 1942 867 statutum
1983 811 2262 880 Ecclesiae,
2291 829 2457 886 quam

459 917 553 973 per
587 901 835 972 regulare
867 901 1105 956 edictum
1154 915 1359 966 eorum,
1390 901 1484 972 qui
1522 908 1649 955 eunt
1676 900 1990 972 recipiendi,
2027 901 2278 974 probatio
2307 919 2321 957 ε
2359 904 2455 960 sed

456 991 539 1045 his
570 990 661 1062 qui
685 990 1021 1062 propositum
1043 989 1319 1061 religionis
1340 989 1680 1045 assumendas
1703 998 1917 1060 gerunt,
1947 989 2173 1046 dubium
2201 1007 2319 1047 esse
2347 1007 2456 1052 non

456 1085 655 1152 potest,
684 1093 791 1150 qua
828 1077 1127 1134 intentione
1157 1077 1211 1133 id
1237 1076 1458 1133 faciant.
1488 1078 1642 1133 Unde
1675 1077 1755 1132 eis
1783 1075 2120 1134 deliberandi
2159 1082 2457 1137 necessitas

450 1183 562 1222 -non
596 1166 877 1233 incumbit,
912 1167 1183 1238 praecipuo
1207 1167 1251 1221 si
1286 1165 1354 1222 de
1392 1166 1506 1220 suis
1539 1164 1912 1237 corporalibus
1939 1167 2148 1223 viribus
2175 1183 2282 1225 non
2309 1169 2451 1227 diffi-

459 1255 609 1318 dant,
644 1256 713 1311 ad
752 1271 889 1329 quas
925 1254 1313 1312 examinandas
1341 1254 1658 1326 religionem
1697 1255 2028 1313 intrantibus
2057 1271 2231 1315 annus
2255 1259 2456 1331 proba-

461 1345 625 1401 tionis
654 1344 990 1417 conceditur.
1020 1381 1024 1386 ,

530 1431 686 1500 Quod
715 1447 843 1488 vero
872 1437 1067 1504 quarto
1093 1431 1432 1504 proponitur,
1462 1431 1608 1504 quod
1649 1433 1883 1493 satanae
1913 1435 2270 1506 transfigurat
2297 1453 2356 1492 se
2397 1437 2454 1495 in

459 1520 711 1592 angelum
749 1518 903 1588 lucie,
958 1529 1013 1576 et
1054 1521 1332 1576 multoties
1384 1520 1526 1577 bonu
1569 1523 1811 1592 suggerit
1857 1522 2160 1580 intentione
2193 1512 2450 1596 'saltendi,

461 1627 649 1668 verum
690 1617 789 1680 est,
822 1611 917 1667 sed
948 1611 1091 1666 sicut
1136 1601 1331 1668 Glossa
1376 1609 1578 1666 ibidem
1617 1613 1752 1667 dicit
1798 1629 1812 1667 :
1853 1631 1880 1665 α
1931 1612 2159 1685 Quando
2209 1615 2456 1671 diabolus

459 1716 649 1756 sensus
686 1701 929 1772 corporis
970 1699 1129 1766 fallit,
1168 1709 1405 1756 mentem
1430 1713 1560 1756 vero
1608 1716 1714 1756 non
1752 1708 1935 1756 movet
1965 1715 1997 1756 a
2041 1716 2168 1758 vera
2194 1713 2456 1778 rectaque

462 1789 752 1853 sententia,
785 1789 913 1858 qula
958 1787 1191 1860 quisquo
1218 1788 1385 1842 vitam
1427 1787 1642 1842 fidelem
1679 1789 1838 1858 gerit,
1867 1791 2078 1844 nullum
2107 1798 2191 1845 est
2237 1793 2294 1848 in
2323 1793 2456 1849 reli-

462 1879 621 1949 gione
651 1875 969 1948 periculum,
998 1875 1081 1929 vel
1108 1889 1231 1929 cum
1256 1883 1315 1929 se
1344 1874 1544 1932 bonum
1590 1874 1798 1945 fingens
1826 1891 1890 1930 ea
1915 1875 2000 1932 vel
2025 1877 2174 1944 facit,
2209 1881 2290 1935 vel
2321 1883 2458 1938 dicit

462 1983 586 2040 quae
604 1965 759 2020 bonis
782 1963 988 2034 angelis
1007 1968 1329 2033 congruunt,
1346 1963 1514 2017 etiam
1542 1961 1588 2016 si
1604 1963 1858 2018 credatur
1873 1964 2066 2034 bonus,
2085 1981 2188 2021 non
2205 1975 2288 2024 est
2305 1985 2456 2028 error

461 2053 797 2128 periculosus
820 2060 915 2108 aut
944 2051 1243 2108 morbidus·
1268 2069 1293 2101 ι)
1320 2051 1455 2106 Cum
1486 2059 1614 2106 vero
1639 2062 1733 2123 per
1749 2050 1864 2108 haec
1889 2051 2064 2110 aliena
2090 2055 2229 2112 bona
2258 2058 2324 2113 ad
2357 2075 2455 2116 sua

462 2143 661 2200 ducere
686 2141 895 2212 incipit,
936 2156 1004 2194 ne
1034 2141 1158 2211 quis
1184 2145 1303 2211 post
1342 2155 1468 2194 eum
1493 2144 1600 2206 cat,
1634 2155 1769 2212 opus
1797 2147 1880 2196 est
1923 2158 2118 2214 magna
2149 2144 2452 2216 vigilantia.

533 2234 703 2287 Detur
726 2243 875 2301 erge,
918 2227 1063 2301 quod
1110 2225 1357 2282 diabolus
1394 2227 1632 2301 aliquem
1669 2223 1860 2285 incitet
1903 2231 1971 2286 ad
2015 2231 2330 2304 religionem
2369 2237 2458 2292 in-

465 2319 739 2386 trandum,
766 2319 868 2375 boc
895 2332 1031 2390 opus
1072 2317 1273 2372 bonum
1296 2324 1399 2386 est,
1434 2323 1489 2372 et
1535 2317 1690 2374 bonis
1720 2319 1927 2390 angelis
1961 2335 2284 2392 congruum,
2314 2328 2456 2384 unde

464 2427 569 2466 non
598 2415 683 2465 est
709 2407 1009 2481 periculum
1048 2405 1095 2462 si
1135 2406 1258 2479 quis
1286 2407 1334 2461 ei
1374 2406 1430 2462 in
1477 2406 1580 2462 hoc
1617 2409 1940 2474 consentiat,
1981 2409 2075 2464 sed
2121 2413 2457 2483 vigilandum

462 2501 585 2569 erit,
616 2505 675 2556 ut
720 2497 770 2554 ei
808 2498 1095 2554 resistatur
1124 2511 1249 2552 cum
1296 2496 1363 2552 ad
1394 2495 1710 2567 superbiam
1734 2495 1818 2552 vel
1857 2497 1961 2553 alia
1995 2498 2130 2556 vitia
2171 2501 2458 2575 incoeperit

462 2589 681 2646 ducere.
709 2587 1039 2665 Frequenter
1069 2585 1214 2640 enim
1241 2584 1528 2655 contingit,
1561 2583 1702 2656 quod
1732 2587 1876 2640 Deus
1901 2587 2072 2642 utitur
2100 2589 2309 2648 malitia
2339 2593 2457 2650 dae-

464 2691 684 2734 monum
717 2676 772 2730 in
812 2675 1013 2730 bonum
1042 2678 1374 2738 sanctorum,
1421 2672 1619 2744 quibus
1645 2681 1914 2745 praeparat
1956 2689 2185 2733 coronas
2213 2679 2454 2752 invictis,

464 2773 518 2820 et
548 2765 627 2820 sic
656 2763 735 2819 eis
759 2778 790 2819 a
815 2762 1020 2818 sanctis
1048 2760 1314 2816 illuditur.
1348 2759 1640 2816 Sciendum
1671 2767 1872 2830 tamen,
1905 2765 2050 2836 quod
2085 2767 2128 2821 si
2160 2769 2246 2822 cui
2279 2785 2310 2826 a
2335 2771 2456 2827 diu-

466 2853 587 2908 bolo
630 2857 973 2922 suggeratur,
1019 2848 1106 2904 vel
1144 2849 1310 2904 etiam
1356 2847 1427 2904 ab
1469 2847 1688 2904 homine
1729 2850 2006 2922 religionis
2045 2853 2316 2926 introituS,
2361 2875 2462 2933 per

466 2957 629 3014 quem
670 2939 868 3010 aliquis
920 2937 1135 2994 accedit
1186 2937 1254 2993 ad
1298 2935 1572 2994 Christum
1619 2939 1975 3010 sequendum,
2028 2943 2152 2998 talis
2179 2950 2460 3018 suggestio

466 3027 759 3085 efficatiam
781 3042 885 3084 non
909 3025 1075 3081 babet
1102 3025 1205 3080 nisi
1236 3025 1465 3081 interius
1489 3025 1798 3083 attrahatur
1819 3043 1851 3084 a
1868 3030 1998 3084 Deo.
2020 3029 2162 3085 Dicit
2189 3037 2334 3091 enim
2360 3041 2464 3093 Au·
2530 3044 2538 3052 “

465 3119 716 3188 gustinus
755 3117 808 3171 in
842 3115 980 3170 libro
1021 3115 1099 3170 De
1140 3113 1624 3170 Praedestinatione
1661 3121 1993 3181 sanctorum,
2043 3122 2234 3191 quod:
2275 3124 2464 3182 Omnes

465 3205 787 3262 sanctisunt
822 3200 1063 3258 docibiles
1088 3201 1208 3266 Dei,
1226 3217 1335 3256 non
1364 3201 1492 3274 quia
1518 3218 1692 3257 omncs
1719 3203 1790 3259 ud
1809 3204 2082 3262 Christum
2105 3210 2347 3277 veniant,
2373 3214 2465 3270 ced

465 3295 594 3367 quia
620 3309 767 3348 nemo
806 3292 973 3348 aliter
1008 3291 1174 3356 venit,
1204 3296 1256 3359 ct
1288 3291 1365 3347 cic
1403 3290 1676 3362 raimonis
1715 3295 2050 3366 propositum
2081 3311 2114 3351 u
2146 3313 2464 3374 quocumque

464 3389 807 3456 myqerutur,
832 3397 866 3436 α
894 3381 999 3437 Deo
1027 3388 1121 3437 est.

536 3471 695 3542 Quod
717 3485 848 3530 vero
872 3471 1065 3543 quinto
1094 3469 1432 3541 proponitur,
1460 3469 1606 3542 quod
1634 3469 1688 3525 in
1704 3467 1790 3526 bis
1809 3477 1892 3527 est
1912 3473 2296 3547 requirendum
2327 3493 2464 3534 con-

465 3561 667 3627 silium,
700 3576 825 3634 quae
854 3551 1055 3616 malum
1080 3558 1289 3614 exitum
1328 3565 1554 3630 possunt
1583 3559 1787 3627 sortiri,
1829 3560 2180 3620 distinctione
2210 3565 2418 3637 indiget
2447 3586 2463 3625 x

466 3658 561 3707 aut
592 3651 737 3704 enim
762 3649 935 3705 malus
961 3648 1139 3703 exitus
1169 3652 1346 3719 potest
1376 3647 1694 3719 contingere
1717 3665 1784 3703 ex
1825 3656 1982 3720 parte
2009 3652 2180 3723 ipsius
2211 3656 2307 3721 rei,
2339 3673 2466 3729 quae

449 3737 793 3810 ‚assumenda
840 3737 1109 3803 imminet,
1161 3742 1255 3791 aut
1310 3753 1377 3792 ex
1425 3743 1579 3808 part-e
1627 3736 1861 3792 bominis
1884 3743 2253 3798 assumentis.
2295 3745 2348 3800 Si
2399 3763 2468 3802 ex

464 3832 623 3908 parte
649 3796 731 3888 ἧί
758 3837 886 3906 quae
912 3823 1240 3886 assumenda
1276 3829 1361 3884 est
1401 3823 1706 3898 periculum
1744 3823 2012 3896 imminet,
2037 3833 2095 3885 ct
2117 3829 2220 3888 boc
2241 3831 2467 3904 quidem
