2784 4392
757 280 868 329 xv.
897 296 979 313 —
1003 279 1083 329 nn
1122 277 1429 329 arcemur.
1470 279 1812 335 emereretur
1979 238 1988 248 ’
2168 265 2293 335 409

356 399 419 457 In
463 396 652 457 multis
693 396 864 472 igitur
897 392 1288 468 convenientes
1321 394 1488 456 dictae
1524 396 1796 471 regiones,
1830 404 1891 455 ut
1934 398 2289 471 Philosophus

281 488 471 556 tradit,
517 487 573 545 in
601 486 894 563 ·aliquibus
935 491 1120 549 tamen
1149 484 1475 551 differebant
1500 500 1567 543 eo
1604 486 1767 544 modo
1810 503 1919 562 quo
1943 488 2155 548 dictum
2200 498 2285 547 est

281 592 466 651 supra.
493 578 562 633 Et
585 578 704 635 haec
725 577 794 634 de
833 575 1028 650 politia
1053 574 1399 633 Cretensium
1436 574 1711 633 sufficiant
1738 582 2008 653 quantum
2049 578 2119 635 ad
2148 592 2280 633 sen-

281 667 508 729 tentiam
537 665 870 731 Aristotelis.
909 684 916 688 ·

347 754 454 816 sed
481 756 616 831 quin
659 753 732 815 de
769 755 1022 831 Lycurgo
1054 751 1390 817 mentionem
1418 753 1571 821 fecit,
1598 753 1753 829 qued
1788 753 2017 813 historia
2056 754 2128 813 de
2164 756 2284 815 suis

277 840 489 915 legibus
521 849 1078 915 narrat‚·congruum
1105 841 1344 921 *videtur
1383 842 1481 904 nic
1518 841 1869 903 interserere.
1906 844 2104 902 Tradit
2134 845 2284 901 enim

275 928 522 989 lustinus
537 930 684 989 hunc
711 930 1139 992 Lacedaemoniis
1163 935 1220 987 et
1239 931 1593 989 Cretensibus
1620 929 1907 1006 scripsisse
1924 947 2192 1001 canones,
2217 933 2286 989 ad

277 1024 419 1095 quo's
443 1021 812 1079 observandos
839 1020 943 1077 sub
958 1021 1279 1099 juramento
1319 1010 1767 1085 Lacedaemonios
1808 1021 2072 1095 obligavit
2110 1034 2287 1097 usque

276 1108 348 1167 ad
385 1108 624 1166 reditum
667 1124 786 1167 suae
824 1106 1311 1183 peregrinationis„
1347 1124 1516 1186 quam
1562 1110 1632 1167 ad
1674 1110 1939 1184 templum
1978 1110 2285 1183 Appollinis

275 1196 590 1265 simulabat,
619 1196 825 1253 ibidem
869 1195 1220 1253 consulturus
1262 1195 1331 1253 de
1375 1197 1627 1271 ipsorum
1666 1198 1867 1255 salute.
1914 1198 2108 1255 Dictus
2148 1215 2282 1271 ergo

275 1283 556 1357 legislator
593 1285 654 1341 in
679 1286 899 1343 Cretam
921 1298 986 1347 se
1014 1282 1316 1353 transtulit,
1351 1282 1541 1359 ibique
1580 1286 1839 1353 uxorisne,
1870 1302 2108 1363 suasque
2138 1286 2286 1363 leges

275 1374 481 1431 eisdem
507 1372 749 1443 tradens,
773 1388 898 1431 ossa
916 1388 1017 1429 sun
1039 1370 1097 1429 in
1126 1372 1265 1431 mari
1286 1372 1490 1447 jactari
1520 1373 1804 1450 praecepit,
1838 1380 1899 1430 ut
1922 1374 2036 1432 suis
2057 1376 2280 1452 juribus

273 1464 430 1521 daret
447 1462 834 1529 aeternitatem,
857 1460 1058 1536 quibus
1076 1462 1195 1541 ipse
1213 1460 1457 1541 primum
1484 1462 1875 1519 documentum
1896 1464 2080 1535 operis
2106 1463 2281 1521 dedit.

273 1552 448 1625 Leges
475 1550 642 1629 igitur
668 1566 806 1625 quas
832 1548 1064 1611 tradidit.
1100 1548 1206 1608 sub
1247 1548 1572 1623 compendio
1613 1549 1761 1610 idem
1804 1550 2051 1610 lustinus
2090 1552 2279 1613 refert.

273 1640 457 1698 Primo
486 1638 708 1717 quidem
733 1639 854 1697 auri
880 1638 1206 1713 argentique
1232 1637 1523 1695 materiam
1546 1636 1773 1695 sustulit
1795 1637 2016 1713 populo.
2041 1640 2279 1713 Legendi

274 1737 527 1787 senatum
546 1727 631 1785 vel
655 1725 900 1795 creandi,
923 1741 1064 1805 quos
1083 1724 1248 1783 vellet
1273 1724 1631 1801 magistratus
1652 1732 1983 1805 potestatem
2008 1728 2278 1801 permisit.

273 1818 492 1877 Fundos
515 1815 758 1877 omnium
783 1815 1074 1897 aequaliter
1101 1814 1246 1875 inter
1267 1830 1365 1875 eos
1380 1814 1591 1883 divisit,
1617 1822 1677 1871 ut
1702 1822 1925 1897 aequata
1949 1818 2279 1891 patrimonia

274 1907 546 1967 neminem
569 1903 931 1981 potentiorem
957 1904 1134 1967 altero
1170 1903 1487 1967 redderent.
1518 1905 1810 1965 Convivari
1839 1920 2030 1965 omnes
2062 1907 2278 1982 publice

271 1998 457 2075 jussit,
484 2010 554 2053 ne
592 1994 920 2073 cujusquam
944 1992 1178 2068 divitiae,
1204 1993 1290 2050 vel
1321 1993 1543 2053 luxuria
1566 1994 1625 2051 in
1652 1992 1868 2054 occulto
1891 2002 2096 2056 essent.
2123 1998 2278 2055 Juve-

273 2086 434 2143 nibus
457 2101 588 2143 vero
611 2099 720 2145 non
749 2083 985 2159 amplius
1009 2099 1120 2139 una
1147 2089 1301 2139 veste
1330 2089 1453 2140 toto
1480 2097 1623 2143 anno
1652 2083 1843 2141 vestiri
1880 2084 2149 2159 permisit,
2178 2102 2277 2145 nec

275 2176 513 2249 aliquem
553 2172 757 2230 cultius
796 2186 963 2247 quam
997 2171 1230 2229 alterum
1252 2170 1511 2250 progredi
1556 2186 1659 2229 nec
1698 2170 1909 2247 epulari
1944 2172 2275 2247 opulentius.

271 2264 394 2321 Emi
438 2252 808 2337 singula'non
855 2258 1108 2336 pecunia,
1151 2257 1247 2317 sed
1289 2260 1737 2334 compensatione
1791 2260 2055 2317 mercium
2082 2264 2275 2339 Jussit.

274 2354 476 2411 Pueros
511 2350 747 2425 puberes
788 2347 982 2412 nonin
1025 2347 1224 2417 forum,
1253 2348 1352 2406 sed
1393 2348 1451 2407 in
1490 2362 1685 2425 agrum
1716 2347 1846 2406 duci
1886 2350 2188 2419 mandavit,
2214 2359 2279 2413 ut

273 2442 478 2517 primos
523 2453 694 2497 annos
735 2452 842 2496 non
887 2436 946 2493 in
989 2434 1227 2508 luxurie,
1273 2438 1368 2494 sed
1412 2436 1471 2495 in
1508 2453 1675 2511 opere
1720 2446 1947 2511 agerent
1988 2445 2045 2495 et
2069 2440 2277 2510 labore,

272 2529 405 2587 nihil
445 2544 541 2587 eos
575 2542 744 2599 causa
788 2524 966 2585 somni
1006 2523 1313 2595 sustinere,
1353 2524 1528 2583 vitem
1572 2524 1691 2582 sine
1732 2524 2014 2604 pulmento
2056 2528 2274 2604 degere,

271 2634 450 2695 neque
479 2617 631 2697 prius
659 2617 717 2673 in
755 2614 947 2673 urbem
976 2614 1156 2671 redire
1192 2628 1360 2689 quam
1388 2613 1495 2671 viri
1537 2613 1670 2673 fami
1697 2612 1895 2683 forent,
1914 2615 2103 2689 jussit.
2150 2620 2280 2681 Vir-

271 2710 427 2784 gines
453 2708 570 2765 sine
595 2708 724 2765 dote
749 2704 952 2763 nubere
980 2701 1174 2771 voluit,
1207 2710 1268 2761 ut
1292 2718 1493 2761 uxores
1519 2718 1627 2763 non
1654 2704 1903 2779 pecunioe
1926 2721 2094 2768 causa
2122 2708 2281 2785 elige·

271 2803 550 2871 gerentur,
581 2794 938 2871 strictiusque
957 2792 1063 2849 viri
1088 2808 1189 2849 sua
1216 2791 1567 2851 matrimonia
1592 2801 1930 2863 coercerent,
1960 2811 2087 2859 cum
2116 2798 2280 2863 nullis

273 2885 462 2943 fraenis
479 2883 621 2941 dotis
645 2890 982 2941 tenerentur.
1009 2881 1302 2939 Maximum
1326 2882 1587 2939 honorem
1607 2896 1715 2939 non
1730 2882 1969 2941 divitum
1998 2891 2053 2942 et
2080 2894 2279 2963 poten..

273 2980 414 3042 tum,
439 2974 538 3031 sed
573 2986 767 3031 senum
793 2986 913 3029 esse
939 2970 1168 3040 statuit3
1198 2986 1302 3033 nec
1330 2986 1563 3054 usquam
1590 2976 1863 3035 terrarum
1885 2972 2065 3037 locum
2100 2956 2279 3041 hotto-

273 3061 536 3123 'ratiorem
562 3075 727 3139 quam
755 3057 1029 3116 senectuti
1051 3056 1270 3115 statuit.

345 3152 478 3210 Haec
505 3151 674 3227 igitur
709 3154 840 3211 sunt
868 3147 1017 3221 leges
1040 3146 1251 3219 politiae
1285 3144 1546 3225 Lycurgi,
1582 3146 1653 3205 de
1680 3147 1879 3220 quibus
1922 3150 2281 3227 Philosophus

276 3230 610 3301 mentionem
637 3254 744 3297 non
785 3237 920 3295 facit
963 3243 1019 3292 et
1043 3234 1112 3291 de
1141 3234 1340 3309 quibus
1383 3236 1667 3310 disputare
1700 3237 1892 3311 quales
1924 3239 2058 3315 sint,
2088 3240 2283 3317 longus

277 3334 424 3385 esset
467 3343 666 3397 serm0,
715 3332 772 3387 et
809 3326 936 3385 ideo
975 3324 1249 3382 omittitur
1278 3324 1346 3385 ad
1387 3339 1650 3397 praesens,
1682 3342 1791 3385 nou
1831 3332 2017 3389 tamen
2056 3340 2281 3395 contra-

279 3416 470 3475 dicunt
491 3416 578 3475 his
599 3432 726 3495 quae
751 3430 785 3473 a
812 3412 1155 3487 Philosophis
1181 3412 1337 3471 dicta
1359 3421 1489 3471 sunt
1515 3414 1585 3475 de
1611 3414 1755 3494 ipse.

1132 3666 1431 3691 Ρ--Ι-Ρ*
