2784 4392
535 229 655 293 368
1013 247 1068 291 s.
1109 243 1343 288 ‘raouAE
1384 242 1712 292 sommus
1752 241 2067 288 orusoum

541 365 722 420 tantur
746 359 1020 430 marchiae)
1045 358 1127 416 vel
1146 359 1199 414 in
1223 356 1517 429 provinciis
1538 355 1775 424 lascivis,
1796 371 2029 429 quorum
2054 359 2351 431 utrumque
2376 370 2553 430 genus

539 454 717 523 rigore
731 451 965 523 justitiae
988 455 1364 504 conservatur.
1928 472 1933 478 ·

606 541 703 594 Est
745 547 801 594 et
838 538 983 594 aliud
1017 552 1209 592 nomen
1241 535 1386 608 quod
1424 533 1557 590 baro
1596 533 1821 598 dicitur,
1855 547 1887 588 a
1929 531 2115 588 labore
2161 533 2393 599 dictum,
2426 537 2545 592 sive

539 628 669 700 qnia
698 642 729 684 a
757 625 1034 683 laboribus
1057 624 1241 688 fortes,
1279 630 1337 677 ut
1369 623 1609 678 Isidorus
1648 621 1818 678 tradit
1846 621 1901 677 in
1931 629 2360 680 commemorato
2388 623 2546 680 libro.

539 715 679 780 Βαρα
706 713 850 770 enim
895 713 1108 776 Graece,
1137 709 1330 767 Latine
1353 709 1539 780 qravis
1580 707 1694 765 sive
1721 707 1885 778 fortis
1932 714 2180 764 vocatur.
2218 710 2332 765 Hoc
2363 716 2549 766 autem

541 803 818 874 proprium
844 807 926 856 est
953 799 1279 870 principum,
1310 805 1372 852 ut
1417 798 1471 851 in
1510 797 1783 852 continuis
1823 796 1935 852 sint
1964 798 2283 868 gymnasiis,
2312 800 2463 854 sicut
2492 800 2545 853 in

541 890 789 963 partibus
825 888 1023 947 Galliae
1049 895 1104 943 et
1147 886 1459 944 Germaniae
1496 892 1580 941 est
1626 883 1868 951 solitum,
1902 885 2017 941 sive
2064 885 2119 939 in
2148 885 2549 942 veniationibus

541 978 624 1032 vel
653 977 918 1048 aucupiis,
951 976 1066 1033 sive
1109 976 1162 1030 in
1209 974 1619 1038 torneamentis,
1649 981 1708 1027 ut
1742 987 1857 1029 mos
1886 969 1988 1028 fuit
2018 972 2263 1044 ipsorum
2300 974 2547 1048 antiqui-

543 1075 651 1135 tuS,
683 1074 744 1121 ut
786 1065 1105 1121 Ammonius
1152 1063 1504 1118 historiarum
1550 1061 1785 1133 scriptor
1833 1062 2085 1132 egregius
2131 1063 2341 1117 scribit.
2382 1065 2548 1135 Cujus

539 1155 682 1209 ratio
709 1153 927 1224 ponitur
951 1168 982 1208 a
1003 1152 1229 1222 Vegetio
1246 1152 1324 1206 De
1342 1165 1403 1205 re
1421 1150 1604 1214 mil-it„
1634 1148 1760 1220 quia
1782 1154 1997 1219 oportet
2024 1149 2170 1219 ipsos
2196 1165 2313 1205 esse
2343 1153 2548 1222 primos
2652 1178 2661 1184 ·

543 1243 610 1296 ad
651 1239 962 1295 bellandum
1009 1255 1104 1310 pro
1153 1237 1385 1293 subditis
1428 1245 1484 1293 et
1530 1237 1881 1292 assuetudine
1929 1236 2237 1291 efficiuntur
2285 1239 2545 1294 audaces·

543 1329 696 1386 Unde
725 1329 838 1397 ipse
871 1327 1055 1381 subdit
1085 1326 1302 1390 ibidem,
1332 1325 1477 1398 quod
1524 1324 1701 1379 nulius
1733 1331 2006 1380 attentare
2035 1323 2269 1390 dubitat,
2304 1327 2449 1397 quod
2489 1342 2548 1380 se

541 1419 679 1472 hene
708 1415 963 1471 didicisse
992 1414 1236 1471 confidit.
1266 1414 1332 1468 Et
1363 1413 1493 1486 quia
1532 1413 1601 1468 ad
1632 1428 1819 1468 omnes
1856 1411 2125 1484 principes
2156 1411 2358 1467 laboris
2386 1429 2547 1468 exer-

543 1505 734 1561 citium
767 1503 1022 1575 pertinet,
1052 1503 1174 1558 ideo
1203 1503 1350 1557 istud
1384 1516 1579 1557 nomen
1608 1499 1859 1557 omnibus
1888 1508 1971 1557 est
2000 1514 2305 1567 commune,
2332 1502 2450 1557 sive
2478 1503 2547 1558 ad

543 1593 835 1666 principeS,
881 1590 996 1649 sive
1039 1591 1108 1649 ad
1156 1591 1404 1656 comites,
1438 1597 1493 1646 et
1544 1590 1624 1645 sic
1669 1589 1737 1644 de
1784 1588 1906 1645 aliis
1946 1587 2047 1644 sub
2094 1589 2261 1660 regali
2306 1590 2547 1647 dominio

544 1680 924 1737 existentibus.

1271 1851 1555 1920 CAPUT
1600 1853 1819 1918 XXII.

547 1988 642 2050 De
659 1983 1017 2065 quibusdam
1035 1983 1372 2044 nominibus
1391 1982 1765 2062 diynitatum
1782 1981 2199 2062 sinyularibus
2221 1983 2288 2044 in
2306 1984 2550 2063 quibus-

629 2075 767 2136 dam
794 2071 1172 2151 reyionibus;
1199 2076 1258 2133 et
1282 2071 1461 2151 quale
1492 2072 1577 2132 sit
1606 2073 1867 2132 omnium
1895 2071 2151 2133 istorum
2182 2075 2465 2150 reyimen.

614 2205 752 2260 Sunt
779 2208 964 2259 autem
987 2210 1042 2258 et
1084 2201 1192 2259 alia
1233 2203 1451 2258 nomina
1478 2202 1870 2275 consequentia
1915 2202 2096 2274 regale
2142 2204 2223 2259 vel
2268 2205 2552 2276 imperiale

547 2293 846 2349 dominium
885 2291 938 2346 in
965 2291 1291 2362 quibusdam
1321 2291 1633 2360 regionibus
1674 2290 1790 2345 sive
1832 2291 2125 2361 provinciis
2171 2309 2297 2364 quae
2340 2294 2551 2367 aliquid

547 2383 867 2451 important,
895 2386 957 2435 ut
989 2393 1180 2433 nomen
1205 2385 1441 2450 satrapae
1465 2384 1520 2432 et
1548 2378 1827 2449 optimatis
1856 2379 1998 2449 apud
2044 2381 2234 2435 Persas
2260 2386 2314 2435 et
2352 2381 2553 2438 Philis-

547 2471 704 2524 taeos.
737 2467 975 2536 Quorum
1007 2467 1240 2538 primum
1263 2466 1537 2535 significat
1565 2464 2049 2536 promptitudinem
2074 2467 2365 2527 serviendi.
2396 2469 2551 2524 Unde

545 2559 784 2625 satrapae
823 2553 1079 2608 dicuntur
1109 2551 1264 2623 quasi
1309 2551 1445 2606 satis
1484 2550 1679 2621 parati,
1716 2550 1861 2623 quod
1896 2560 1981 2606 est
2011 2551 2247 2608 officium
2288 2555 2553 2626 principis

547 2647 767 2714 propter
795 2639 1116 2695 fidelitatem
1143 2653 1308 2711 quam
1336 2641 1489 2710 jurat
1514 2653 1613 2694 suo
1646 2638 1933 2711 superiori,
1963 2639 2047 2696 vel
2077 2641 2212 2696 satis
2250 2644 2549 2713 rapienteS,

546 2729 692 2800 quod
733 2726 952 2784 videtur
994 2725 1292 2797 importare
1337 2728 1517 2798 ipsum
1558 2742 1702 2796 nom,
1750 2741 1877 2782 cum
1919 2727 1993 2783 sit
2038 2727 2361 2796 sastuosum,
2392 2737 2455 2784 ut
2483 2747 2555 2787 ex

545 2816 664 2886 ipsa
703 2829 860 2870 sacra
900 2813 1182 2884 Scriptura
1220 2819 1305 2870 est
1336 2813 1705 2870 manifestum.
1738 2814 2080 2886 optimatum
2128 2825 2311 2873 autem
2355 2834 2552 2875 nomen

529 2901 854 2972 significare
895 2902 1110 2958 videtur
1151 2918 1464 2976 supremum
1502 2902 1731 2974 gradum
1774 2901 1877 2958 sub
1908 2905 2173 2977 principe,
2227 2907 2297 2962 ab
2346 2909 2555 2978 optimo

543 2989 772 3046 dictum.
795 2989 1148 3062 Magistratus
1173 3007 1204 3047 a
1228 2991 1642 3063 praeeminentia
1663 2991 1874 3046 consilii
1896 2999 1956 3047 et·
1975 2992 2241 3050 doctrinae
2266 2995 2399 3050 dicti
2423 3003 2555 3052 sunt

545 3079 602 3134 in
631 3079 916 3150 regimine.
943 3079 1227 3149 Quomodo
1255 3087 1311 3136 et
1341 3080 1576 3150 majores
1601 3079 1771 3135 curiae
1799 3080 1943 3151 regis
1971 3080 2217 3138 Franciae
2245 3083 2319 3138 sit
2348 3097 2557 3139 vocan-

545 3172 657 3234 tur,
701 3167 856 3239 quasi
901 3169 1136 3238 majores
1177 3171 1348 3223 statu.
1389 3170 1571 3232 Στερον
1619 3166 1833 3238 Graece,
1880 3167 2073 3224 Latine
2116 3169 2281 3224 statio
2327 3169 2551 3227 dicitur.

545 3254 763 3312 ludices
783 3271 914 3311 vero
932 3254 1088 3328 quasi
1108 3255 1201 3324 jus
1215 3253 1413 3311 dantes
1435 3254 1652 3326 populo,
1674 3255 1767 3327 qui
1795 3257 2013 3328 proprie
2037 3271 2342 3314 assessores
2370 3257 2557 3315 dicun·

549 3349 657 3412 tur,
689 3343 783 3416 qui
814 3343 982 3399 etiam
1008 3347 1271 3414 praetores
1301 3342 1456 3414 quasi
1486 3357 1600 3414 prae
1632 3341 1753 3398 aliis
1802 3343 1977 3400 locum
2008 3351 2255 3402 tenentes
2291 3347 2349 3402 in
2376 3347 2553 3414 curia,

546 3431 641 3487 sed
689 3444 894 3502 praeses
941 3444 1137 3485 nomen
1191 3435 1274 3484 est
1317 3442 1491 3487 sacrae
1530 3431 1829 3502 Scripturae
1888 3432 1971 3489 sic
2015 3433 2216 3500 dictus,
2269 3439 2331 3489 ut
2386 3435 2559 3491 tradit

545 3517 804 3585 Isidorus,
837 3520 967 3590 quia
997 3517 1229 3590 alicujus
1276 3519 1379 3574 loci
1420 3518 1650 3575 tutelam
1693 3516 2079 3592 prae‘sidiaiiter
2122 3529 2293 3578 tenet.
2337 3524 2476 3580 Sunt
2497 3531 2559 3580 et

547 3607 654 3662 alia
679 3606 788 3663 duo
813 3607 1032 3662 nomina
1061 3606 1131 3662 ad
1159 3605 1483 3678 dignitatem
1514 3608 1841 3679 pertinentia
1870 3609 1926 3664 in
1954 3609 2107 3666 curia
2138 3609 2302 3682 regis,
2328 3611 2397 3666 de
2424 3613 2557 3684 qui-

545 3693 650 3749 bus
678 3694 740 3749 fit
767 3694 971 3751 mentio
1001 3695 1143 3750 inter
1175 3693 1437 3752 officiales
1477 3698 1647 3752 curiae
1682 3696 2006 3764 Salomonis,
2043 3697 2097 3755 in
2126 3699 2200 3756 111
2228 3699 2387 3771 Bag„
2420 3704 2483 3756 ut
2522 3713 2559 3756 a

547 3783 957 3839 commentariis
979 3791 1037 3841 et
1062 3781 1262 3853 scriba,
1295 3783 1389 3858 qui
1417 3782 1472 3840 in
1508 3782 1703 3842 officiis
1726 3785 2221 3860 distinguebantur,
2254 3787 2385 3860 quia
2415 3800 2561 3844 unus
