2784 4392
547 328 681 373 x111.
713 342 792 358 —-
817 326 1054 372 comm
1095 315 1280 405 narrt:
1323 325 1476 373 nou.
1520 326 1605 372 AB
1643 325 1887 375 menne.
1913 328 2140 394 ‚anum
2261 312 2339 375 57

344 443 608 518 competit
637 444 985 517 Evangelium
1015 444 1330 518 praedicare,
1362 448 1595 517 peccant
1623 442 1670 501 si
1694 460 1819 501 .non
1844 444 2035 505 vivant
2074 446 2144 503 de
2182 462 2345 519 opere

346 532 628 589 manuali?
651 532 707 590 Si
732 540 915 589 autem
945 533 1011 589 ad
1041 533 1143 590 hoc
1172 549 1278 590 non
1307 540 1559 591 tenentur
1585 533 1716 607 quia
1756 534 1955 591 Paulus
1990 535 2093 593 hoc
2130 552 2241 593 non
2280 552 2345 593 ex

344 623 689 692 necessitate,
719 622 812 679 sed
835 622 1268 695 supererogando
1297 622 1554 691 faciebat,
1587 623 1720 696 quid
1750 623 2035 696 imponunt
2078 625 2345 697 religiosis

345 710 609 785 quidquid
635 712 809 769 sancti
848 715 1035 769 Patres
1074 712 1514 785 supererogando
1556 713 1843 769 fecerunt?
1866 712 2060 770 Nullus
2087 715 2232 771 enim
2260 723 2367 772 est-

344 802 438 873 qui
468 816 655 857 omnes
677 802 1186 874 supererogationes
1215 802 1384 873 possit
1414 801 1659 875 implere,
1692 818 1817 859 cum
1846 819 1987 860 unus
2032 803 2089 859 in
2133 818 2257 870 uno,
2285 810 2343 859 et

343 889 481 947 alius
509 890 915 963 superabundet
943 892 998 947 in
1031 890 1157 948 alio.
1183 891 1239 947 Si
1267 907 1371 947 non
1395 906 1527 947 vero
1556 890 2070 964 supererogationis,
2104 892 2203 949 sed
2242 909 2344 949 ne-

343 979 616 1037 cessitatis
643 996 762 1036 esse
791 979 1009 1041 ducitur
1033 994 1126 1036 eos
1149 979 1244 1053 qui
1269 980 1702 1052 possessionibus
1734 981 2114 1037 communibus
2152 987 2341 1039 carent

341 1068 411 1125 de
436 1067 617 1125 labore
646 1085 904 1125 manuum
932 1069 1138 1135 vivere,
1170 1070 1344 1126 iateor
1373 1069 1594 1142 quidem
1625 1076 1890 1144 quantum
1916 1071 1984 1126 ad
2013 1069 2117 1127 hoc
2146 1086 2342 1127 neces-

341 1158 520 1215 sitatis
543 1174 681 1225 esse,
711 1164 770 1217 ut
800 1174 904 1214 non
933 1158 1105 1214 otiose
1131 1158 1338 1214 vivant.
1369 1158 1476 1215 Sed
1504 1160 1676 1217 otium
1710 1175 1816 1216 non
1846 1158 2020 1215 solum
2049 1176 2145 1232 per
2184 1158 2343 1217 labo-

339 1263 455 1303 rem
485 1262 741 1304 manuum
769 1247 997 1313 tollitur,
1025 1248 1120 1305 sed
1151 1245 1320 1303 multo
1349 1246 1545 1304 melius
1572 1264 1667 1323 per
1696 1264 1869 1306 sacrae
1891 1247 2191 1320 Scripturae
2216 1255 2341 1305 stu-

339 1335 511 1402 dium,
557 1334 703 1407 quod
748 1334 922 1391 otium
954 1332 1117 1389 habet
1157 1348 1415 1406 magnum
1460 1335 1758 1405 negotium,
1806 1336 1951 1391 sicut
2002 1334 2338 1405 Augustinus

339 1423 490 1487 dicit,
520 1421 662 1479 unde
701 1438 864 1495 super
907 1422 1038 1480 illud
1064 1423 1232 1484 -Psal..
1267 1438 1453 1479 vam
1485 1438 1497 1477 ε
1528 1422 1847 1496 Defecerant
1882 1423 2020 1479 oculi
2057 1423 2159 1479 mei
2200 1430 2330 1491 etc„

337 1511 473 1567 dicit
494 1511 687 1567 Glossa
720 1525 734 1565 t
769 1530 796 1564 α
826 1511 946 1567 Non
972 1519 1053 1569 est
1083 1511 1290 1567 otiosus
1323 1511 1417 1583 qui
1442 1510 1607 1567 verbo
1633 1512 1730 1567 Dei
1759 1519 1973 1567 tantum
2000 1510 2203 1578 studet,
2236 1527 2335 1567 nec

338 1599 507 1672 pluris
543 1605 626 1654 est
653 1598 747 1672 qui
789 1604 944 1655 extra
987 1607 1261 1672 operatur,
1293 1616 1458 1671 quam
1504 1599 1597 1671 qui
1654 1598 1895 1654 studium
1943 1600 2335 1670 cognoscendae

338 1686 652 1743 Divinitatis
679 1693 917 1743 exercet.
941 1688 1066 1759 Ipsa
1094 1688 1260 1743 etiam
1289 1686 1557 1759 sapientia
1583 1686 1880 1743 maximum
1906 1701 2042 1758 opus
2070 1695 2174 1743 est.
2198 1707 2225 1740 n

408 1775 638 1831 Tollitur
665 1776 831 1833 etiam
858 1776 1031 1831 otium
1070 1792 1166 1846 per
1193 1775 1725 1833 laboremdoctrinae
1766 1791 1875 1847 quo
1920 1781 2113 1832 contra
2151 1775 2333 1831 hostes

336 1865 463 1920 fidei
514 1864 822 1930 dimicatur,
869 1864 1166 1920 secundum
1216 1863 1345 1920 illud
1400 1862 1644 1937 Apostoli
1684 1881 1698 1920 ε
1729 1863 1941 1919 Labora
1984 1863 2118 1919 sicut
2172 1864 2332 1919 bonus

333 1954 486 2010 miles
513 1951 718 2009 Christi
743 1953 888 2018 Jesu,
912 1953 960 2007 11
985 1953 1053 2010 ad
1085 1954 1225 2008 Tim.
1252 1969 1315 2021 11,
1337 1957 1388 2021 3,
1424 1953 1516 2008 ubi
1545 1952 1680 2009 dicit
1708 1953 1902 2009 Glossa
1932 1969 1945 2007 :
1981 1971 2007 2006 α
2035 1954 2095 2008 In
2125 1953 2330 2026 praedi-

335 2042 510 2099 cando
541 2041 896 2113 Evangelium
918 2050 1110 2098 contra
1137 2042 1319 2098 hostes
1346 2042 1492 2098 fidei.
1524 2060 1550 2093 1>
1580 2042 1775 2098 Fateor
1813 2042 1979 2097 etiam
2009 2041 2112 2098 hoc
2135 2058 2332 2098 neces-

334 2132 513 2189 sitatis
563 2147 682 2189 esse
729 2130 813 2187 his
863 2131 953 2203 qui
1004 2130 1222 2187 aliunde
1266 2147 1374 2187 non
1413 2130 1614 2187 habent
1658 2131 1724 2186 de
1773 2146 1879 2203 quo
1930 2129 2077 2187 licite
2120 2133 2327 2189 vivant.

334 2223 567 2279 Licitum
596 2229 678 2278 est
708 2227 890 2278 autem
918 2219 1279 2290 Evangelistis
1308 2220 1479 2276 etiam
1525 2219 1803 2275 monachis
1834 2228 1892 2275 ut
1929 2219 1997 2275 de
2037 2219 2330 2297 Evangelio

334 2314 538 2379 vivant,
573 2316 629 2367 et
655 2310 722 2365 de
749 2308 937 2366 altaris
965 2306 1287 2376 ministerio,
1317 2309 1461 2363 sicut
1491 2306 1825 2377 Augustinus
1856 2308 1988 2363 dicit
2014 2307 2067 2363 in
2097 2300 2218 2363 libr.
2252 2310 2330 2364 De

333 2416 487 2473 ope-re
507 2399 899 2464 monachorum,
921 2396 1160 2469 alioquin
1186 2395 1451 2467 numquid
1479 2394 1599 2451 illas
1620 2395 1764 2451 solas
1779 2396 2147 2468 possessiones
2175 2412 2330 2453 com-

334 2506 522 2547 munes
568 2487 848 2545 monachis
896 2486 1022 2543 licet
1073 2484 1292 2549 habere,
1333 2498 1473 2556 quas
1524 2489 1750 2556 possunt
1799 2483 1994 2539 lucrari
2052 2485 2120 2539 de
2165 2502 2330 2558 opere

337 2579 613 2637 manuali?
635 2580 825 2635 Nonne
849 2584 1031 2635 autem
1061 2572 1353 2631 derisibilis
1368 2580 1453 2629 est
1476 2571 1523 2628 si
1547 2572 1673 2645 quis
1694 2570 1841 2627 dicat
1870 2571 2035 2627 licere
2062 2572 2330 2645 religiosis
2458 2635 2463 2640 ⁴

336 2672 389 2726 iu
420 2670 819 2741 eleemosynam
849 2665 1057 2739 amplas
1097 2664 1469 2738 possessiones
1496 2659 1763 2733 accipere,
1792 2674 1898 2716 non
1940 2667 2125 2717 autem
2150 2664 2229 2717 eis
2260 2663 2330 2719 li·
2410 2694 2415 2698 ·

335 2775 460 2815 cere
485 2759 732 2829 accipere
755 2758 822 2812 de
853 2754 1092 2811 fidelium
1120 2752 1482 2824 eleemosynis
1504 2766 1568 2805 ea
1602 2766 1725 2820 quae
1752 2750 2025 2822 pertinent
2050 2752 2115 2807 ad
2142 2755 2330 2825 quoti-

336 2849 557 2904 dianum
587 2853 642 2901 et
687 2844 987 2917 simplicem
1031 2843 1232 2898 victum
1256 2840 1284 2895 ⁶?
1312 2841 1402 2897 Sic
1430 2840 1596 2911 igitur
1621 2838 1767 2894 nulla
1815 2840 2111 2896 necessitas
2146 2842 2329 2898 immi-

336 2946 429 2991 net
456 2936 540 2990 his
565 2934 657 3007 qui
681 2948 993 3005 communes
1023 2930 1390 3009 possessiones
1420 2944 1525 2983 non
1556 2927 1757 2983 babent
1786 2928 2035 2985 manibus
2062 2933 2274 3004 operari
2309 2949 2323 2987 τ

337 3024 406 3080 de
431 3024 532 3080 hoc
554 3032 732 3079 tamen
767 3020 1013 3076 diffusius
1039 3019 1164 3075 alibi
1193 3033 1224 3073 a
1254 3017 1409 3074 nobis
1433 3016 1639 3072 dictum
1669 3026 1774 3073 est.

405 3114 523 3169 Jam
555 3127 682 3169 vero
711 3111 854 3183 quod
888 3109 1119 3182 septimo
1143 3106 1483 3180 propositum
1514 3111 1615 3172 est,
1650 3105 1823 3176 magis
1849 3103 2139 3174 derisione,
2165 3125 2329 3182 quam

337 3202 682 3275 responsione
711 3200 934 3272 dignum
961 3204 1062 3253 est.
1090 3196 1223 3266 Quis
1261 3195 1405 3251 enim
1434 3209 1543 3249 non
1569 3193 1751 3250 videat
1782 3194 1834 3249 in
1862 3194 2181 3250 immensum
2209 3212 2328 3252 ma-

335 3291 468 3361 joris
489 3289 870 3344 sollicitudinis
898 3302 1015 3342 esse
1054 3282 1486 3356 possessionibus
1509 3282 1863 3353 procurandis
1890 3298 2075 3345 curam
2116 3285 2327 3356 impen-

336 3377 485 3442 dere,
513 3376 578 3431 ad
606 3376 749 3447 quod
779 3376 868 3430 vix
896 3373 1184 3431 saeculares
1207 3371 1502 3437 sufficiunt,
1527 3386 1691 3443 quam
1719 3370 2000 3443 acquirere
2028 3371 2329 3443 simplicem

335 3467 542 3521 victum
590 3478 658 3517 ex
707 3461 946 3517 fidelium
984 3462 1187 3533 pietate
1224 3459 1504 3526 collatum,
1534 3467 1589 3514 et
1632 3457 1923 3514 clementia
1964 3457 2148 3515 divina
2200 3475 2334 3533 pro-

337 3552 554 3612 visum?
2192 3540 2197 3545 ’

407 3642 561 3713 Quod
590 3655 717 3697 vero
743 3646 937 3695 octavo
961 3636 1296 3710 propositum
1327 3642 1411 3691 est
1434 3634 1502 3690 de
1530 3634 1633 3690 hoc
1659 3634 1803 3707 quod
1828 3633 2069 3705 religiosi
2109 3651 2329 3695 necesse

338 3732 536 3789 habent
562 3730 708 3788 circa
735 3744 922 3785 eorum
951 3726 1165 3797 negotia
1205 3722 1486 3780 sollicitari
1518 3740 1547 3779 a
1574 3722 1770 3797 quibus
1813 3731 2127 3796 pascuntur,
2157 3723 2330 3780 fateor

337 3822 483 3895 quod
509 3820 708 3877 habent
737 3818 976 3893 quidem,
996 3815 1090 3873 sed
1121 3815 1266 3871 circa
1300 3814 1642 3887 spiritualem
1666 3828 1855 3869 eorum
1882 3812 2134 3881 salutem,
2161 3813 2247 3869 vel
2273 3820 2334 3869 ut

339 3910 627 3969 tribulatos
672 3908 1036 3979 consolentur,
1083 3921 1208 3981 quae
1257 3904 1480 3980 quidem
1536 3902 1845 3963 sollicitudo
1893 3908 1977 3961 est
2026 3901 2331 3968 charitatiS,

2380 4074 2431 4139 ‘x
