2784 4392
86 3829 108 3982 rw--
84 3787 89 3808 -

503 241 581 302 90
980 260 1032 306 s.
1076 261 1310 304 mcum
1351 259 1679 309 sommus
1721 259 2033 302 opuscumt

503 374 714 431 ratione
745 380 896 431 caret
919 375 1192 446 extirpare
1227 391 1449 430 necesse
1474 382 1576 430 est.
1610 373 1719 430 »Et
1742 375 1817 428 ita
1844 373 1976 428 ordo
2006 370 2390 445 religiosorum
2416 373 2517 446 qui

505 463 824 534 praedicant,
852 471 907 519 et
937 479 1041 520 non
1072 471 1199 520 sunt
1233 463 1501 536 Episcopi,
1534 463 1627 536 qui
1664 468 1791 518 sunt
1834 475 2176 517 successores
2218 461 2516 532 Apostolo-

504 566 641 616 rum,
664 549 747 607 vel
773 552 1074 626 presbyteri
1102 551 1440 624 parochiales
1454 552 1547 625 qui
1573 565 1913 608 successores
1927 549 2517 622 septuagintaduorum

504 637 894 713 discipulorum
920 641 1118 696 debent
1144 642 1425 714 extirpari.

574 727 743 783 Item.·
778 728 1071 801 Dionysius
1121 728 1175 782 in
1215 744 1339 800 cap.
1390 744 1469 796 vt,
1511 727 1814 784 Ecclesiast.
1868 725 2138 781 hierarch.
2187 724 2320 782 dicit
2367 727 2514 799 quod

506 835 531 867 ι(
566 818 902 873 monasticus
929 817 1063 874 ordo
1102 833 1208 872 non
1246 817 1410 872 debet
1448 833 1567 872 esse
1614 817 1736 873 aliis
1782 815 2059 888 praelatus,
2088 813 2175 871 vel
2213 815 2515 870 secundum

506 904 670 960 aliam
702 906 1132 973 translationem,
1163 923 1266 962 non
1297 915 1379 962 est
1411 904 1641 961 aliorum
1671 905 1998 962 adductivus
2023 904 2149 959 :sed
2180 903 2517 959 inducuntur

505 991 752 1048 homines
778 993 830 1048 in
861 994 1033 1050 Deum
1059 1012 1151 1067 per
1180 995 1487 1052 doctrinam
1517 1001 1571 1050 et
1598 993 2063 1066 praedicationem.
2092 1012 2117 1044 n
2144 991 2288 1063 Ergo
2320 1008 2518 1048 mona-

507 1078 613 1145 chi,
648 1081 731 1136 vel
761 1081 849 1136 alii
881 1083 1117 1153 religiosi
1148 1100 1254 1140 non
1279 1083 1479 1140 debent
1510 1082 1811 1155 praedicare
1836 1082 1918 1136 vel
1950 1082 2166 1137 docere.

579 1170 735 1225 Item.
769 1171 1156 1228 Ecclesiastica
1179 1172 1487 1229 hierarchia
1512 1173 1813 1228 constituta
1837 1177 1920 1226 est
1938 1171 2004 1226 ad
2032 1169 2308 1242 exemplar
2332 1171 2518 1227 coeles-

511 1258 602 1324 tis,
632 1259 932 1314 secundum
964 1259 1094 1315 illud
1118 1261 1292 1316 Exod.
1323 1277 1462 1327 xxv,
1494 1263 1558 1316 40
1581 1278 1592 1315 :
1619 1261 1823 1332 Inspice
1849 1265 1897 1316 et
1920 1258 2008 1330 fac
2031 1259 2313 1314 secundum
2338 1276 2518 1315 exem·

505 1346 634 1417 plar
663 1347 800 1419 quod
829 1347 925 1402 tibi
949 1348 1008 1402 in
1040 1355 1212 1404 moute
1239 1357 1595 1405 monstratum
1625 1357 1702 1406 est
1728 1348 1859 1404 :sed
1890 1349 1945 1403 in
1975 1349 2183 1404 coeiesti
2214 1347 2518 1404 hierarchia

513 1437 738 1507 angelus
779 1435 1051 1493 inferioris
1092 1438 1298 1494 ordinis
1346 1453 1624 1512 nunquam
1667 1444 1884 1493 exercet
1930 1435 2166 1514 officium
2220 1438 2518 1509 superioris

514 1523 739 1580 ordiniS.
772 1527 906 1583 Cum
937 1543 1066 1599 ergo
1096 1528 1430 1584 monasticus
1468 1527 1600 1583 ordo
1644 1527 1785 1582 inter
1814 1525 2032 1581 ordines
2058 1525 2339 1580 inferiores
2363 1542 2519 1581 com-

515 1621 752 1685 putetur,
803 1623 861 1670 ut
903 1615 1102 1672 dicitur
1140 1633 1261 1689 cap.
1299 1632 1357 1673 vt
1390 1615 1697 1674 Ecclesiast.
1748 1614 2015 1670 hierarch.
2046 1629 2064 1668 .·
2094 1633 2119 1665 «
2160 1614 2275 1670 Non
2317 1614 2521 1670 debent

513 1704 766 1760 monachi
796 1711 850 1760 et
880 1704 970 1761 alii
997 1704 1236 1777 religiosi
1261 1721 1516 1761 exercere
1546 1702 1951 1777 praedicationis
1975 1699 2230 1769 officium,
2264 1703 2411 1775 quod
2435 1710 2522 1759 est

515 1793 810 1864 superioris
834 1792 1226 1865 Episcoporum
1253 1801 1306 1848 et
1330 1792 1679 1862 praelatorum
1709 1791 1958 1846 aliorum.
1998 1810 2021 1840 n

591 1877 745 1931 ltem.
779 1877 830 1932 Si
865 1876 1150 1948 religiosus
1188 1878 1470 1949 praedicat,
1500 1887 1593 1933 aut
1638 1878 1900 1948 praedicat
1943 1893 2067 1932 cum
2102 1883 2391 1949 potestate,
2426 1884 2523 1934 aut

519 1963 636 2019 sine
673 1970 969 2037 potestate.
1005 1966 1059 2020 Si
1107 1965 1222 2020 sine
1255 1972 1547 2036 potestate,
1588 1981 1716 2036 ergo
1767 1973 1849 2020 est
1877 1967 2083 2038 pseudo
2116 1967 2428 2038 Apostolus.
2464 1967 2520 2022 Si

518 2069 642 2108 cum
673 2060 963 2125 potestate,
994 2069 1123 2124 ergo
1163 2059 1340 2124 potest
1373 2053 1782 2123 procurationes
1816 2055 2052 2124 exigere.
2085 2055 2345 2110 Dominus
2375 2056 2521 2111 enim

519 2143 742 2196 mittens
765 2141 1054 2212 Apostolos
1083 2141 1150 2197 ad
1185 2141 1595 2214 praedicandum
1621 2143 1869 2215 praecipit
1898 2143 1994 2208 eiS,
2016 2159 2083 2198 ne
2110 2143 2239 2215 quid
2269 2143 2522 2200 tollerent

521 2231 572 2284 in
599 2231 706 2296 via,
727 2229 830 2284 nisi
861 2231 1070 2301 virgam
1099 2236 1330 2299 tantum,
1357 2237 1415 2285 ut
1442 2231 1642 2286 dieitur
1672 2231 1837 2287 Marci
1869 2236 1921 2287 6.
1942 2234 2041 2287 Per
2074 2233 2282 2303 virgam
2310 2240 2518 2300 autem,

521 2325 578 2373 ut
608 2319 802 2376 Glossa
845 2319 1044 2374 ibidem
1093 2319 1245 2388 dicit,
1277 2325 1602 2391 potestatem
1634 2320 1934 2391 accipiendi
1978 2321 2286 2377 necessaria
2318 2337 2350 2377 a
2386 2321 2523 2377 sub-

518 2406 648 2463 ditis
677 2407 952 2479 intelligit,
979 2408 1082 2464 hoc
1110 2416 1293 2464 autem
1322 2423 1428 2464 non
1454 2409 1669 2466 videtur
1699 2408 1935 2480 religiosi
1958 2408 2268 2474 convenire,
2299 2416 2360 2464 ut
2392 2426 2525 2483 pro-

519 2497 828 2554 curationes
853 2499 1070 2570 exigere
1097 2499 1310 2578 possint·
1335 2515 1347 2552 :
1376 2513 1506 2568 ergo
1534 2514 1633 2553 nec
1663 2489 1961 2568 praedicare
1990 2494 2210 2550 debent.

590 2589 744 2642 item.
777 2588 1028 2660 Episcopi
1061 2589 1320 2659 majorem
1344 2585 1547 2642 habent
1576 2585 1959 2641 auctoritatem
1992 2582 2323 2655 praedicandi
2354 2604 2522 2658 quam

521 2676 776 2746 religiosi,
809 2667 900 2748 =qui
948 2693 1050 2732 non
1101 2675 1299 2730 habent
1343 2689 1531 2730 curam
1571 2674 1916 2729 animarum:
1950 2671 2047 2728 sed
2084 2672 2339 2746 Episcopi
2366 2685 2525 2733 extra

519 2763 799 2818 dioecesim
826 2781 980 2820 suam
1003 2763 1299 2835 praedicare
1327 2779 1435 2818 non
1462 2769 1707 2835 possunt,
1728 2761 1829 2816 nisi
1848 2760 2095 2834 requisiti
2128 2762 2197 2816 ab
2222 2761 2342 2817 aliis
2358 2763 2528 2835 Epis-

521 2851 690 2921 copis,
720 2851 801 2905 vel
836 2851 1183 2924 presbyteris,
1214 2859 1276 2906 ut
1313 2851 1513 2908 dicitur
1552 2869 1633 2918 lx,
1667 2851 1969 2924 quaestione
1995 2853 2025 2904 3
2058 2866 2070 2904 ε
2101 2871 2126 2902 α
2160 2850 2352 2906 Nullus
2404 2853 2528 2908 Pri-

522 2953 657 3005 mas,
692 2938 867 2994 nullus
899 2939 1348 3013 Metropolitanus
1372 2941 1669 2997 dioecesani
1704 2940 2022 3006 Ecclesiam,
2056 2937 2141 2993 vel
2186 2939 2521 3009 parochiam,

524 3033 619 3082 aut
643 3027 877 3100 aliquem
907 3028 974 3083 de
999 3029 1116 3100 ejus
1147 3028 1397 3100 parochia
1424 3037 1721 3102 praesumat
1746 3029 2232 3093 excommunicare,
2261 3027 2345 3083 vel
2365 3028 2526 3099 judi-

520 3132 668 3184 car0,
702 3124 755 3172 et
785 3116 883 3172 hee
908 3117 1051 3173 idem
1081 3116 1310 3175 habetur
1333 3135 1427 3190 per
1456 3117 1623 3173 multa
1655 3118 1761 3172 alia
1792 3117 2031 3190 capitula
2059 3115 2282 3170 ibidem.
2321 3135 2346 3166 ι)
2378 3117 2522 3188 Ergo

521 3221 622 3261 nec
659 3206 893 3276 religiosi
942 3208 1032 3278 qui
1075 3207 1292 3262 omnino
1331 3207 1614 3262 dioecesim
1664 3221 1769 3260 non
1812 3205 2033 3272 habent,
2066 3221 2165 3262 nec
2214 3205 2519 3276 parochia,

519 3295 818 3368 praedicare
849 3304 1072 3366 possunt
1099 3294 1198 3350 nisi
1230 3295 1370 3350 forte
1400 3293 1600 3349 fuerint
1627 3295 1863 3349 invitati.
2340 3342 2345 3349 .

589 3387 744 3450 Item,
765 3384 1088 3456 praedicator
1115 3399 1218 3437 non
1249 3382 1699 3438 debetaedificare
1719 3398 1881 3455 super
1906 3381 2055 3438 aliud
2084 3383 2519 3451 fundamentum,

518 3490 618 3530 nec
646 3474 862 3546 gloriari
897 3475 950 3528 in
985 3471 1232 3546 plebibus
1262 3471 1454 3527 alienis
1484 3470 1553 3526 ad
1598 3471 1769 3526 instar
1816 3471 2061 3544 Apostoli
2106 3472 2337 3528 dicentis
2360 3473 2521 3528 Rom.

519 3578 615 3628 xv,
646 3567 710 3620 20
747 3581 759 3617 :
791 3563 876 3619 Sic
899 3570 1074 3620 autem
1102 3561 1390 3633 praedicavi
1419 3560 1765 3633 Evanqelium
1788 3561 1899 3626 hoc,
1928 3577 2031 3616 non
2074 3561 2168 3617 ubi
2213 3561 2523 3616 ‘nominatus

518 3658 594 3706 est
623 3651 886 3720 Christus,
911 3669 974 3708 ne
1000 3669 1167 3726 supra
1192 3653 1424 3708 alienum
1466 3646 1871 3724 suntdanwntum
1906 3649 2255 3722 aedificarem..
2279 3650 2347 3704 Et
2374 3651 2421 3704 11
2451 3650 2522 3707 ad

518 3737 843 3805 CorinthioS‚
876 3757 932 3806 x,
963 3740 1030 3794 ⁴5
1059 3759 1070 3795 ε
1098 3741 1224 3799 Νοη
1251 3740 1310 3795 in
1339 3739 1650 3795 ivnmensum
1669 3741 1960 3812 ylariantes
1984 3738 2041 3793 in
2085 3737 2275 3793 alienis
2314 3737 2523 3794 labori-

517 3825 628 3881 bus.
659 3825 882 3883 Glossa:
913 3847 940 3881 <x
967 3828 1070 3884 Ubi
1101 3828 1240 3885 alius
1273 3827 1687 3885 fundamentum
1727 3828 1853 3884 fidei
1882 3829 2168 3901 posuisset,
2202 3825 2349 3900 quod
2378 3831 2525 3884 esset
