2784 4392
594 228 727 274 xlv.
759 246 839 260 -··
868 231 1107 276 CONTRA
1145 234 1361 280 IMPUG.
1407 237 1512 281 Dm
1553 239 1724 286 cum*-
1771 241 1851 290 m·
1889 244 2095 292 Rumor.
2234 233 2348 296 193

1112 439 1398 510 CAPUT
1469 446 1558 512 X.

422 566 727 643 Quomodo
757 569 1072 650 religiosos
1108 573 1472 654 impuynant
1497 584 1794 657 quantum
1821 581 1906 644 ad
1925 583 2282 653 discursum

964 677 1076 738 pro
1105 662 1305 726 salute
1336 666 1704 730 animarum.

398 790 556 845 Nunc
582 790 744 846 tertio
761 791 1067 861 videamuS,
1084 795 1356 865 quomodo
1380 797 1666 870 religiosos
1690 801 1944 859 incusant
1972 806 2041 862 de
2069 808 2338 880 discursu,
2437 813 2442 817 “

330 877 649 934 inducentes
673 875 806 936 illud
838 879 984 952 quod
1023 881 1317 952 Apostolus
1344 884 1498 952 dicit,
1534 888 1580 943 11
1607 889 1795 946 Thess.
1829 891 1931 948 ult.
1963 895 2024 949 Η
2062 911 2075 950 :
2106 898 2344 955 Audivi-

326 979 441 1020 mus
463 963 714 1036 quosdam
752 966 899 1047 inter·
924 983 1015 1024 vos
1055 968 1332 1028 ambulare
1371 972 1626 1044 inquiete.
1657 976 1736 1032 Ex
1775 993 1884 1050 quo
1914 995 2008 1036 eos
2035 999 2341 1059 gyrovagos

324 1052 623 1124 appellant.

393 1141 549 1197 Item.
588 1143 649 1198 ln
687 1157 879 1199 eorum
909 1143 1218 1203 irrisionem
1258 1147 1544 1219 inducunt,
1574 1153 1721 1226 quod
1745 1157 2111 1228 ,Augustinus
2152 1163 2209 1218 in
2241 1164 2333 1224 lib.

322 1228 403 1284 De
438 1245 594 1300 opere
633 1233 892 1300 inermen„
923 1235 1193 1306 quosdam
1236 1238 1533 1296 monachos
1584 1250 1802 1314 notanS,
1835 1245 1913 1301 ait
1946 1263 1961 1302 ε
1995 1269 2020 1302 (ι
2053 1250 2336 1326 Nusquam

322 1317 533 1381 missos,
563 1335 833 1392 nusquam
860 1321 1015 1389 fixos,
1048 1338 1317 1396 nusquam
1346 1333 1579 1395 stantes,
1608 1346 1880 1404 nusquam
1905 1335 2180 1396 sedentes.
2216 1361 2243 1394 ³>

391 1407 546 1462 item.
591 1408 760 1464 Marc.
801 1424 879 1476 vx,
912 1410 979 1465 ⁴0
1020 1427 1035 1464 ε
1082 1409 1787 1485 Quocumque-introieritis
1837 1422 1899 1477 in
1946 1424 2177 1494 donnum,
2221 1431 2334 1488 illic

318 1503 542 1553 manete.
570 1496 765 1553 Glossa
799 1515 811 1552 ε
844 1517 870 1550 «
902 1497 1156 1555 Alienum
1179 1508 1263 1556 est
1298 1517 1330 1557 a
1375 1503 1738 1572 praedicatore
1779 1524 1876 1580 per
1922 1512 2116 1582 domos
2151 1523 2332 1576 cursi-

318 1589 457 1649 tare,
488 1591 542 1640 et
571 1584 789 1656 hospitii
809 1585 937 1655 jura
959 1591 1193 1643 mutare.
1225 1607 1253 1640 i>
2215 1601 2224 1616 ¹

386 1673 543 1728 Item.
571 1673 705 1728 Luc.
731 1687 793 1739 x,
822 1673 857 1726 '7
887 1689 901 1727 z
928 1673 997 1730 1η
1032 1674 1211 1731 eadem
1234 1683 1412 1733 autem
1440 1678 1592 1735 donno
1615 1689 1840 1740 manete.
1869 1686 2113 1748 Glossa-t
2149 1713 2176 1746 α
2207 1695 2328 1757 Non

312 1767 400 1816 est
424 1760 493 1814 de
521 1759 682 1831 domo
712 1759 767 1815 in
792 1760 1013 1816 domum
1044 1777 1185 1834 vaga
1222 1763 1488 1823 facilitate
1529 1768 1964 1844 demigrandum,
1993 1786 2054 1835 ut
2095 1781 2151 1838 in
2197 1784 2330 1844 bos·

314 1846 471 1920 pitali
500 1862 684 1905 amore
712 1857 963 1905 servetur
987 1853 1319 1909 constantia.
1354 1871 1383 1906 »
2067 1909 2082 1921 ,

384 1937 544 1993 Item.
575 1935 659 1992 Ad
706 1935 811 1992 hoc
852 1936 1031 1994 facere
1071 1939 1291 1997 videtur
1328 1943 1476 2015 quod
1522 1944 1726 2004 dicitur
1769 1949 1877 2009 Isa.
1919 1970 2064 2026 xxx,
2091 1959 2172 2018 7:
2202 1963 2324 2023 Ideo

314 2024 539 2080 clamavi
566 2040 727 2096 super·
749 2025 842 2082 hoc
868 2025 1169 2098 :Superbia
1195 2035 1408 2086 tantum
1431 2039 1530 2100 est,
1549 2036 1749 2106 quiesce
1765 2055 1784 2094 .·
1804 2039 2000 2102 Glossa
2020 2063 2034 2102 ε
2052 2068 2077 2102 «
2103 2047 2325 2114 interra

316 2122 430 2170 tua.
466 2133 494 2165 n.
1605 2147 1607 2150 ⁴

380 2203 539 2259 Item.
586 2199 737 2258 Hier.
782 2216 902 2268 xlv,
954 2205 1021 2257 ⁴0
1064 2203 1344 2276 :Populus
1384 2208 1474 2264 hio
1517 2210 1706 2269 dilexit
1749 2232 1956 2276 movere
1989 2226 2142 2296 pedes
2179 2247 2320 2302 εαοε,

312 2297 362 2348 et
398 2289 616 2362 quievit,
660 2295 713 2346 et
748 2289 975 2346 Domino
1016 2307 1123 2347 non
1168 2294 1395 2364 placuit.
1442 2297 1573 2354 Haec
1616 2308 1802 2360 autem
1849 2307 2028 2367 irrisio
2079 2331 2187 2374 non
2236 2333 2321 2380 est

311 2395 470 2445 nova,
511 2379 653 2434 sicut
695 2378 991 2451 Dionysius
1024 2389 1211 2436 narrat
1253 2381 1308 2437 in
1347 2383 1579 2457 epistola
1609 2389 1678 2444 ad
1707 2393 2173 2475 Apolophanium3
2204 2409 2320 2482 ipse

310 2466 529 2537 gentilis
569 2467 809 2523 existens
849 2466 1077 2524 Paulum
1120 2469 1412 2538 madebat,
1462 2489 1664 2532 vocans
1717 2483 1905 2538 mundi
1945 2488 2316 2560 circuitorem,

309 2554 509 2630 quippe
568 2556 661 2627 qui
720 2563 1059 2628 praecoptum
1112 2557 1329 2614 Domini
1385 2561 1676 2634 diligenter
1731 2569 1992 2642 implebat
2061 2579 2314 2654 dicentis,

308 2646 475 2701 Marc.
506 2643 605 2700 ult.
652 2645 721 2699 ⁴5
750 2662 763 2700 2
796 2645 1001 2700 Eunias
1036 2645 1097 2702 in
1140 2648 1395 2705 mundum
1442 2651 1776 2722 universum,
1795 2661 2089 2730 praedicate
2124 2671 2314 2731 Evan-

304 2734 499 2806 9elium
524 2732 669 2790 omni
696 2739 987 2802 oreaturae5
1016 2742 1071 2791 et
1098 2736 1255 2793 Joan.
1288 2753 1386 2806 xv,
1413 2740 1500 2808 ⁴6,
1528 2742 1794 2804 Dominus
1821 2749 2104 2826 discipulis
2131 2761 2312 2824 dixit:

307 2823 423 2894 qu
446 2821 577 2893 eleqi
610 2837 701 2876 vos
726 2827 790 2878 ut
830 2823 964 2878 eatis
991 2831 1041 2879 et
1076 2823 1318 2896 fructum
1338 2827 1606 2896 afferatis,
1633 2833 1735 2890 Hic
1771 2838 1938 2896 etiam
1970 2849 2318 2917 praedicato-

307 2926 428 2966 rum
451 2910 731 2966 discursus
760 2910 1101 2982 significatus
1128 2912 1249 2981 suit,
1281 2915 1404 2972 Job.
1433 2933 1664 2988 xxxvii,
1697 2923 1756 2978 Μ
1798 2942 1812 2980 :
1838 2927 2017 2988 Nubes
2055 2953 2318 3014 spamam

305 3000 481 3056 lumen
514 2999 692 3064 suum,
712 3012 827 3070 quae
855 2998 1141 3082 illustrant
1176 3009 1366 3059 cuncta
1398 3021 1504 3076 per
1541 3007 1845 3080 circuitum,
1877 3034 2194 3099 quocumque
2229 3049 2318 3089 eas

304 3089 550 3144 voluntas
586 3085 937 3158 quom-nantis
982 3087 1199 3159 duxerit
1236 3091 1308 3146 ad
1346 3109 1495 3150 omne
1540 3098 1678 3168 quod
1716 3111 1978 3177 prcecepit
2006 3111 2116 3168 illis
2153 3133 2318 3190 super

303 3176 495 3248 faciem
528 3175 675 3232 orbis
709 3182 1011 3234 terrarum.
1042 3176 1237 3235 Glossa
1271 3195 1284 3234 τ
1319 3201 1345 3234 α
1378 3182 1565 3240 Nubes
1607 3201 1884 3260 spargere,
1917 3203 2000 3251 est
2044 3204 2318 3269 praedica-

304 3272 454 3321 tores
480 3269 701 3320 sanctos
728 3264 975 3337 exempla
1010 3265 1141 3323 vitae
1164 3273 1220 3322 et
1239 3269 1450 3340 egendo
1498 3280 1554 3328 et
1597 3273 1867 3348 loquendo
1907 3283 2162 3358 dilatare,
2192 3311 2318 3366 quae

302 3353 541 3410 lustrant
587 3359 785 3409 cuncta
829 3368 925 3424 per
966 3353 1277 3425 circuitum,
1324 3359 1456 3430 quia
1503 3362 1908 3432 praedicationis
1949 3370 2070 3430 luce
2130 3385 2318 3442 mundi

302 3442 441 3500 fines
469 3440 800 3497 illuminant.
835 3460 863 3494 i>

371 3532 532 3588 Item.
559 3528 681 3586 soh.
708 3544 963 3598 xxxvui,
994 3533 1062 3588 25
1096 3548 1109 3586 ε
1144 3533 1275 3598 Quis
1314 3535 1461 3592 dedit
1506 3540 1950 3606 vehementissimo
1980 3539 2146 3613 imbri
2186 3577 2318 3618 cur-

298 3621 457 3675 sum?
478 3617 628 3704 guod
653 3615 723 3674 de
752 3632 914 3674 cursu
954 3619 1381 3692 praedicationis,
1423 3624 1619 3684 Glossa
1661 3635 1899 3704 exponit,
1933 3649 1988 3696 et
2017 3641 2318 3718 Gregorius

302 3709 359 3763 in
384 3709 586 3767 Moral.

372 3798 531 3854 Item.
558 3796 786 3856 zachar.
816 3811 894 3865 vr,
914 3797 958 3850 -7
988 3813 1002 3853 z
1034 3795 1146 3864 Qui,
1167 3804 1345 3857 autem
1382 3811 1542 3863 erant
1581 3807 1954 3886 robustissimi,
1986 3821 2232 3888 exierunt
2263 3837 2317 3890 et

799 3913 849 3963 S.
873 3913 1025 3965 Tuon.
1056 3919 1138 3971 Ao.
1177 3916 1443 3972 Optimum.
1472 3943 1524 3964 -ι
1565 3923 1640 3978 ili.
1669 3950 1728 4003 ''.'
1757 3927 1814 3980 13
