2784 4392
13 4112 23 4137 ..
9 2795 23 3094 --..---—v
10 2703 13 2753 -...

589 267 720 311 xlv.
753 283 832 297 ··-
860 269 1099 314 CONTRA
1141 270 1356 316 IMPUG.
1404 273 1507 318 Dm
1548 276 1723 324 CULT·
1768 279 1845 322 ET
1886 281 2090 330 RELIG.
2229 271 2341 332 121

333 380 488 437 Deo?
528 382 800 440 Laborare
840 385 1044 453 nolunt,
1077 396 1132 444 et
1185 389 1281 446 otii
1311 392 1927 466 occasionesquaerunt.
1963 417 1989 452 ι)
2030 401 2160 460 Haec
2188 413 2342 462 erant

334 478 465 529 tunc
491 471 659 530 verba
689 471 1019 546 Pharaonis;
1051 475 1169 534 haec
1193 480 1599 537 et·tunc-amici
1632 483 1750 555 ejus
1776 485 2094 560 loquuntur.

402 561 473 617 Ut
503 574 632 632 ergo
665 561 734 618 ab
763 561 992 620 istorum
1023 565 1370 624 infestatione
1400 583 1588 626 servos
1620 571 1717 628 Dei
1748 572 2120 648 defendamuS,
2155 590 2343 640 osten-

332 649 527 706 damus
550 665 738 707 omnes
763 651 1045 724 religiosos
1072 654 1176 712 nisi
1201 652 1340 712 sorte
1361 655 1419 712 in
1442 673 1592 728 casu,
1621 662 1689 717 ad
1715 665 1967 722 manibus
1986 667 2342 730 laborandum

330 755 440 794 non
470 745 684 798 tantum
704 755 811 804 non
840 742 1032 811 teneri,
1057 744 1154 800 sed
1185 743 1351 802 etiam
1373 745 1625 806 manibus
1651 767 1754 808 non
1781 751 2091 816 laborantes
2115 759 2169 816 in
2194 771 2340 821 statu

329 827 524 884 salutis
549 844 687 886 esse.

399 915 580 973 Primo
605 934 700 990 per
727 917 982 975 Glossam
1008 879 1132 993 quae
1165 921 1395 980 habetur
1422 921 1617 983 Matth.
1649 944 1727 996 vi,
1757 935 1822 988 26
1858 950 1870 988 ε
1896 931 2161 1007 Respicite
2192 942 2339 997 vola-

263 1009 269 1014 ”
329 1003 454 1062 tilia
476 1005 607 1072 coeli,
627 1007 822 1064 Glossa
842 1025 855 1063 ε
877 1029 901 1062 c<
921 1009 1103 1066 Sancti
1127 1013 1323 1068 merito
1342 1013 1536 1070 avibus
1560 1027 1966 1090 comparantur,
1990 1025 2119 1097 quia
2140 1029 2337 1086 coelum

329 1101 536 1166 petunt,
570 1101 625 1150 et
653 1097 876 1170 quidam
906 1098 982 1154 ita
1021 1099 1213 1155 remoti
1245 1109 1371 1159 sunt
1402 1119 1433 1160 a
1464 1106 1685 1174 mundo,
1721 1115 1780 1163 ut
1802 1111 1917 1182 jam
1960 1113 2013 1166 in
2060 1117 2219 1172 terris
2264 1120 2334 1174 nil

327 1194 512 1256 agant,
545 1182 619 1240 nil
650 1183 916 1254 laborent,
951 1187 1044 1242 sed
1075 1185 1191 1244 sola
1216 1191 1679 1264 contemplatione
1694 1197 1811 1268 jam
1836 1198 1891 1254 in
1932 1200 2071 1258 coelo
2110 1204 2332 1276 degunt,

325 1271 394 1328 de
421 1272 618 1346 quibus
648 1273 848 1330 dicitur
881 1291 894 1328 ε
925 1273 1029 1342 Qui
1051 1283 1176 1332 sunit
1205 1277 1262 1332 1ιί
1285 1279 1378 1350 qui
1405 1285 1469 1337 ut
1496 1279 1654 1338 nubes
1676 1285 1900 1344 volant?
1930 1309 1955 1342 »

394 1360 550 1418 Item.
569 1363 864 1434 Gregorius
881 1381 1042 1437 super
1060 1365 1252 1422 Ezech.
1274 1368 1327 1422 in
1344 1369 1583 1427 secunda
1601 1371 1833 1432 Homilia
1852 1379 2105 1437 secundae
2124 1386 2328 1455 partis:

325 1471 352 1504 α
384 1449 817 1524 Contemplativa
859 1453 975 1510 vita
1018 1460 1102 1510 est
1131 1455 1457 1512 charitatem
1500 1457 1599 1514 Dei
1639 1469 1694 1516 et
1735 1467 1963 1533 proximi
2006 1477 2119 1531 tota
2152 1485 2331 1532 mente

320 1541 576 1608 retinere,
623 1548 678 1598 et
707 1541 776 1598 ab
817 1541 1073 1598 exteriori
1105 1545 1318 1600 actione
1357 1545 1659 1618 quiescere,
1689 1551 1787 1606 soli
1828 1551 2098 1612 desiderio
2128 1563 2331 1620 Condi-

321 1631 458 1688 toris
482 1629 766 1697 inhaerere,
797 1635 855 1684 ut
883 1630 957 1685 nil
982 1633 1097 1702 jam
1123 1648 1285 1702 agere
1317 1631 1501 1701 libeat,
1531 1637 1625 1692 sed
1653 1637 1879 1696 calcatis
1907 1645 2053 1701 curis
2082 1652 2330 1710 omnibus

316 1721 386 1777 ad
436 1719 725 1775 videndam
767 1718 961 1775 faciem
1007 1719 1091 1774 sui
1136 1719 1444 1778 conditoris
1491 1723 1705 1782 animus
1746 1729 2077 1790 inardescat.
2123 1758 2148 1790 »
2188 1741 2329 1814 Ergo

315 1809 546 1884 perfecti
575 1805 984 1880 contemplativi
1015 1807 1086 1864 ab
1105 1810 1248 1865 omni
1277 1808 1491 1868 actione
1516 1813 1773 1872 exteriori
1798 1833 1857 1874 se
1886 1823 2189 1884 retrahunt.

388 1899 544 1956 Item.
583 1897 694 1954 Luc
722 1911 780 1964 x,
810 1913 974 1968 super
999 1896 1130 1953 illud
1156 1915 1170 1953 z
1204 1897 1427 1966 Domine
1457 1918 1563 1958 non
1590 1901 1668 1960 est
1707 1903 1805 1961 tibi
1839 1925 1982 1968 curce
2010 1915 2146 1985 quod
2170 1935 2325 1977 soror

315 2004 432 2044 mea
471 1987 694 2060 reliquit
731 2003 812 2042 me
847 1985 1012 2042 solam
1052 1985 1390 2056 ministrare,
1432 1989 1567 2048 dicit
1608 1991 1801 2052 Glossa
1850 2015 1862 2053 ε
1910 2021 1935 2053 α
1986 2001 2065 2058 Ex
2110 2007 2324 2068 illorum

316 2091 546 2150 persona
573 2073 831 2147 loquitur,
865 2075 956 2149 qui
988 2071 1165 2132 adhuc
1189 2075 1390 2135 divinae
1416 2081 1891 2156 contemplationis
1920 2087 2115 2162 ignari,
2150 2099 2323 2157 solum

317 2165 463 2238 quod
484 2163 724 2218 didicere
749 2162 1000 2219 iraternae
1023 2163 1332 2222 dilectionis
1358 2182 1493 2240 opus
1512 2169 1627 2226 Deo
1652 2169 1911 2242 placitum
1936 2179 2143 2251 dicunt,
2167 2186 2323 2244 ideo-

304 2271 424 2329 ·que
447 2257 672 2308 cunctos
695 2249 789 2324 qui
815 2249 1028 2308 Christo
1053 2251 1236 2309 devoti
1267 2269 1384 2310 esse
1412 2255 1600 2323 velint,
1634 2257 1759 2316 huic
1788 2266 2179 2340 mancipandos
2218 2292 2320 2332 au-

317 2350 551 2400 tumant.
590 2361 616 2393 »
642 2338 748 2397 Sed
775 2339 850 2396 illi
875 2339 968 2412 qui
999 2339 1187 2396 dicunt
1214 2341 1498 2412 religiosos
1527 2345 1774 2404 manibus
1812 2351 2009 2411 debere
2048 2359 2314 2433 laborare,

313 2431 418 2489 hoc
454 2439 674 2505 propter
709 2429 964 2485 fraternae
1001 2426 1309 2485 dilectionis
1337 2445 1475 2503 opus
1502 2431 1709 2501 dicunt,
1744 2447 1803 2493 ut
1848 2441 2057 2500 scilicet
2084 2447 2319 2512 habeant,

314 2499 462 2576 unde
485 2519 858 2590 eleemosynas
893 2515 1153 2583 tribuant,
1193 2515 1494 2574 secundum
1524 2517 1654 2577 illud
1696 2523 1895 2601 EpheS.
1930 2545 2005 2598 w,
2048 2539 2113 2590 28
2157 2553 2171 2592 ε
2206 2540 2319 2596 La-

314 2609 464 2664 bor-et
507 2605 748 2661 manibus
773 2605 906 2670 suis,
943 2610 1005 2661 ut
1035 2601 1224 2662 habeat
1258 2605 1399 2662 unde
1441 2605 1647 2666 tribuat
1674 2613 2027 2676 necessitatem
2060 2624 2313 2696 patienti.

311 2697 457 2769 Ergo
504 2695 579 2752 illi
631 2692 725 2768 qui
766 2693 956 2756 volunt
999 2693 1146 2768 quod
1188 2692 1434 2753 homines
1474 2697 1711 2770 religiosi
1756 2707 2005 2774 manibus
2046 2711 2311 2787 laborent,

313 2802 451 2844 voce
483 2781 710 2841 Marthae
741 2789 984 2850 utuntur,
1025 2800 1150 2857 quae
1178 2781 1246 2840 de
1274 2785 1458 2857 quiete
1490 2781 1675 2848 Mariae
1702 2801 2080 2870 murmuravit,
2113 2807 2255 2864 unde
2283 2825 2315 2867 a

312 2874 546 2933 Domino
573 2873 758 2928 Mariae
785 2871 958 2928 otium
985 2878 1070 2927 est
1097 2879 1435 2934 excusatum.

385 2965 543 3020 item.
581 2961 697 3016 Hoc
733 2957 980 3032 exemplo
1007 2959 1222 3033 probari
1252 2967 1451 3033 potest.
1480 2963 1679 3025 Beatus
1708 2968 1852 3029 enim
1879 2974 2222 3052 BenedictuS,
2257 2996 2315 3043 ut

312 3051 612 3123 Gregorius
640 3049 694 3105 in
722 3045 791 3105 11.
821 3047 1170 3122 Dioloyorum
1209 3059 1413 3119 narrat,
1449 3051 1621 3112 tribus
1658 3057 1815 3117 annis
1838 3061 1893 3118 in
1922 3081 2087 3139 specu
2116 3075 2315 3132 mansit

313 3141 564 3197 manibus
595 3154 701 3194 non
739 3135 1009 3204 laboranS‚
1047 3143 1106 3194 ut
1133 3155 1200 3195 ex
1228 3135 1330 3196 hoc
1363 3139 1569 3198 victum
1609 3157 1899 3220 quaereret,
1939 3157 2067 3226 quia
2096 3157 2253 3233 longe
2281 3181 2313 3222 a

312 3228 726 3286 conversatione
769 3226 1048 3283 hominum
1085 3229 1296 3300 positus
1324 3239 1442 3286 erat
1488 3231 1587 3286 soli
1627 3235 1869 3295 Romano
1912 3240 2176 3306 monacho
2215 3267 2315 3308 co-

311 3317 516 3391 gnitus,
544 3315 639 3390 qui
667 3313 716 3372 ei
745 3315 952 3373 victum
986 3314 1349 3375 ministrabat.
1383 3319 1518 3388 Quis
1549 3329 1727 3380 tamen
1756 3327 1954 3387 audeat
1982 3333 2163 3394 dicere
2190 3356 2314 3398 eum

313 3414 445 3463 tunc
473 3407 528 3463 in
564 3411 714 3463 statu
741 3405 934 3462 salutis
960 3421 1064 3462 non
1093 3405 1280 3476 fuisse,
1311 3424 1437 3464 cum
1462 3409 1723 3469 Dominus
1748 3431 1869 3472 eum
1903 3435 2119 3480 servum
2155 3443 2313 3488 suum

311 3495 676 3553 nominaverit
713 3494 929 3552 cuidam
967 3494 1240 3553 sacerdoti
1264 3497 1470 3565 dicens,
1506 3519 1531 3552 α
1572 3499 1771 3558 Servus
1806 3519 1958 3564 meus
1980 3509 2071 3568 illo
2100 3513 2158 3571 in
2194 3516 2313 3576 loco

311 3587 455 3642 same
486 3583 760 3641 moritur?
801 3603 828 3637 ι)
863 3583 1029 3639 Multa
1057 3583 1224 3640 etiam
1263 3585 1368 3642 alia
1412 3587 1657 3660 exempla
1688 3600 2001 3655 sanctorum
2026 3610 2215 3674 patent
2257 3611 2311 3666 in

311 3673 558 3746 Dialopo,
587 3675 642 3728 et
667 3672 720 3729 in
756 3669 884 3730 vitis
912 3671 1153 3741 Patrum‚
1186 3671 1278 3747 qui
1305 3673 1423 3730 sine
1453 3673 1637 3733 labore
1674 3693 1932 3744 manuum
1955 3687 2119 3750 istam
2142 3695 2311 3756 vitam

311 3761 708 3834 transigebant.

382 3851 538 3908 Item.
592 3849 864 3910 Laborare
907 3847 1178 3922 manibus,
1219 3857 1314 3910 aut
1352 3857 1437 3912 est
1481 3863 1833 3935 praeceptum,
1874 3873 1971 3928 aut
2004 3873 2311 3938 consistam,
