2784 4392
1181 399 1384 489 XIV„

1063 554 1459 626 CONTRA

259 722 1302 833 IMPUGNANTES
1359 723 1581 829 DEI
1639 723 2260 831 CULTUM

385 976 394 980 -
753 946 899 1023 ET
1018 944 1769 1069 REmoloNEM

865 1098 1008 1161 (Edit.
1035 1096 1164 1145 Rom.
1189 1058 1481 1158 ¹opusculum
1511 1096 1664 1172 XJX.)
1752 1108 1759 1112 ·

1007 1378 1507 1449 PROOEMIUM

329 1530 464 1587 Ecce
490 1528 702 1585 inimici
731 1527 814 1586 tui
843 1533 1156 1593 sonuerunt,
1187 1535 1238 1585 et
1266 1529 1358 1601 qui
1381 1530 1610 1585 oderunt
1639 1536 1708 1596 te,
1736 1531 2045 1587 extulerunt
2082 1535 2260 1601 caput.
2346 1589 2351 1593 .

257 1620 432 1691 Super
454 1618 702 1690 populum
729 1625 878 1673 tuum
903 1617 1332 1688 maliynaverunt
1369 1616 1669 1684 consilium,
1693 1624 1745 1673 et
1772 1607 2137 1688 coyitaverun't
2162 1618 2265 1671 ada

257 1724 444 1764 versus
467 1713 671 1761 sanctos
701 1712 832 1761 tuos.
865 1706 1138 1761 Dixeritne
1163 1722 1182 1760 .·
1216 1701 1401 1763 Venite
1430 1706 1796 1778 disperdamus
1820 1723 1901 1762 eos
1925 1707 1986 1761 de
2018 1712 2189 1777 yeme,
2216 1713 2265 1763 et

258 1812 368 1852 uon
391 1802 715 1851 memoretur
740 1810 926 1850 nomen
947 1794 1120 1851 Israel
1135 1795 1305 1851 ultra.
1334 1794 1726 1862 Psal.1,xxxu,
1756 1796 1879 1849 3-5.
1904 1794 2264 1867 Omnipotens

260 1888 407 1941 Deus
433 1890 643 1941 amator
668 1884 944 1939 hominum
978 1899 1077 1941 suo
1107 1880 1292 1958 amore
1319 1882 1477 1940 nobis
1508 1885 1679 1941 utitur
1710 1883 1778 1940 ad
1818 1884 1936 1955 ejus
1961 1883 2263 1940 bonitatem

259 1984 316 2030 et
344 1982 586 2030 nostram
622 1972 939 2040 utilitatem,
970 1978 1030 2027 ut
1059 1973 1397 2049 Augustinus
1429 1972 1589 2029 docet
1618 1972 1721 2028 inl
1751 1970 1886 2029 libro
1912 1972 1992 2028 De
2016 1971 2265 2029 doctrina

264 2061 598 2120 Christiana.
642 2061 723 2117 Ad
767 2076 922 2117 suam
969 2062 1190 2132 quidem
1237 2061 1557 2128 bonitatem,
1592 2068 1652 2115 ut
1699 2060 1945 2117 homines
1986 2060 2102 2116 Deo
2126 2061 2263 2125 ,dent

261 2152 486 2224 gloriam
517 2150 642 2207 lsai.
679 2166 822 2217 xcii,
854 2154 884 2204 3
909 2167 920 2203 :
949 2149 1134 2205 Omnis
1157 2150 1247 2222 qui
1270 2150 1481 2207 invocat
1509 2166 1697 2205 nome-n
1722 2166 1915 2215 meum,
1944 2150 2004 2205 in
2025 2149 2255 2221 yloriam

262 2239 438 2295 creavi
465 2256 602 2295 eum.
635 2239 737 2295 Sed
764 2238 831 2294 ad
867 2244 1110 2294 nostram
1138 2236 1453 2307 utilitatem,
1487 2244 1547 2293 ut
1574 2237 1689 2309 ipse
1718 2237 1971 2294 omnibus
1995 2238 2087 2295 det
2110 2238 2263 2293 salu-

261 2334 391 2394 tem,
420 2329 441 2382 1
469 2328 706 2384 Timoth.
739 2342 802 2394 ιι,
829 2329 861 2381 4
895 2343 908 2381 :
939 2326 1044 2391 Qui
1071 2342 1246 2383 omnes
1276 2327 1507 2383 homines
1534 2327 1651 2383 vult
1671 2328 1841 2382 salvos
1865 2326 2013 2397 fieri,
2040 2334 2095 2381 et
2120 2326 2262 2383 hanc

262 2416 606 2473 concordiam
637 2418 778 2472 inter
811 2415 1056 2471 homines
1081 2422 1135 2471 et
1161 2418 1335 2471 Deum
1360 2424 1618 2471 nascente
1650 2414 1881 2472 Domino
1914 2415 2263 2472 annuntiavit

263 2504 504 2577 angeluS,
549 2507 680 2562 Luc.
727 2521 790 2572 11,
825 2506 892 2560 ⁴4
925 2503 1156 2561 :Gloria
1190 2504 1250 2561 in
1287 2503 1563 2561 altissimis
1605 2504 1735 2569 Dea,
1780 2503 1917 2559 etin
1958 2510 2112 2559 terra
2147 2520 2262 2575 pax

261 2593 553 2650 hominibus
579 2593 726 2649 bonae
764 2594 1074 2650 voluntatis.
1103 2594 1366 2664 Quamvis
1413 2599 1597 2650 autem
1628 2592 1766 2670 ipse,
1808 2608 1931 2649 cum
1972 2592 2047 2647 sit
2079 2590 2261 2648 omni-

260 2690 472 2755 potenS,
500 2698 595 2754 per
641 2682 992 2754 semetipsum
1039 2688 1222 2753 posset
1265 2681 1497 2753 gloriam
1538 2695 1694 2736 suam
1740 2679 1810 2735 ab
1846 2679 2157 2736 hominibus
2204 2685 2259 2736 et

261 2767 494 2825 salutem
529 2768 806 2825 hominum
835 2783 1146 2841 procurare,
1180 2768 1451 2841 disposuit
1482 2776 1665 2826 tamen
1693 2773 1755 2824 ut
1783 2769 1916 2825 ordo
1945 2774 2259 2826 servaretur

260 2858 318 2914 in
344 2858 506 2914 rebus
529 2857 806 2913 ministros
831 2857 1049 2929 eligere,
1082 2873 1314 2931 quorum
1337 2856 1642 2914 ministerio
1668 2853 2019 2930 perficeretur
2043 2870 2262 2915 utrum-

259 2962 368 3020 que
396 2954 450 3001 et
475 2954 623 3001 recto
651 2945 788 3001 tales
814 2946 908 3001 Dei
937 2947 1218 3018 adjutores
1242 2946 1518 3014 dicuntur,
1545 2948 1569 3003 1
1597 2948 1721 3003 Cor.
1750 2962 1841 3003 ιιι.
1874 2947 1980 3005 Sed
2010 2947 2259 3012 diabolus

256 3033 477 3090 invidus
503 3033 706 3091 divinae
730 3034 917 3107 gloriae
940 3044 995 3091 et
1023 3034 1279 3092 humanae
1298 3035 1494 3092 salutis
1516 3052 1614 3108 per
1639 3036 1917 3091 ministros
1946 3052 2093 3104 suos,
2120 3051 2260 3110 quos

256 3123 326 3180 ad
358 3124 787 3194 persecutionem
823 3124 1211 3197 praedictorum
1249 3124 1625 3182 ministrorum
1661 3125 1763 3203 Dei
1792 3125 2006 3191 incitat,
2039 3130 2259 3181 utrum-

254 3228 364 3283 que
391 3211 583 3267 nititur
608 3212 871 3286 impedire
899 3230 911 3267 ε
937 3212 1080 3269 unde
1105 3211 1242 3269 tales
1267 3213 1503 3270 ministri
1532 3211 1737 3271 diaboli
1765 3220 1820 3269 et
1844 3213 2050 3269 inimici
2077 3213 2179 3269 Dei
2204 3212 2259 3269 in

251 3299 358 3355 hoc
387 3300 767 3370 ostenduntur,
802 3304 956 3375 cujus
981 3302 1209 3375 gloriam
1235 3302 1558 3377 impediunt,
1592 3309 1648 3359 et
1668 3304 1836 3359 totius
1858 3303 2080 3359 humani
2105 3318 2262 3374 gene-

251 3388 348 3453 ris,
377 3387 534 3457 cujus
558 3385 723 3442 saluti
757 3390 1138 3459 adversantur,
1171 3396 1229 3447 et
1251 3390 1563 3462 specialiter
1590 3390 1962 3447 ministrorum
1992 3389 2095 3447 Dei
2122 3405 2259 3463 quos

250 3481 656 3548 persequuntur
681 3475 745 3543 31
787 3478 1032 3533 Thessal.
1062 3494 1124 3545 11,
1155 3480 1223 3533 ⁴5
1256 3496 1270 3533 :
1299 3480 1416 3537 Nos
1449 3478 1716 3552 persecuti
1742 3486 1887 3545 sunt,
1924 3486 1979 3537 st
2018 3479 2124 3535 Deo
2152 3493 2259 3535 non

247 3563 480 3637 placent,
507 3569 558 3619 et
579 3562 820 3619 omnibus
843 3564 1140 3620 hominibus
1162 3566 1541 3623 adversantur.

321 3656 368 3708 A
398 3658 618 3726 propter
647 3652 751 3710 hoc
787 3652 1076 3710 Psalmista
1105 3655 1160 3709 in
1197 3655 1381 3711 verbis
1412 3656 1709 3729 propositis
1739 3655 1843 3713 tria
1872 3655 2024 3713 facit.
2052 3656 2249 3728 Primo²

251 3742 493 3797 ostendit
532 3758 722 3799 eorum
766 3740 1112 3799 inimicitiam
1138 3742 1209 3800 ad
1248 3744 1442 3811 Deum,
1473 3743 1548 3800 ibi
1579 3762 1592 3799 :
1621 3746 1756 3801 Ecce
1795 3744 2007 3803 inimici
2034 3748 2119 3811 tui
2166 3764 2257 3805 so·-

256 3838 514 3901 mterunt,
547 3829 601 3888 id
623 3841 728 3902 est,
762 3834 858 3907 qui
885 3831 1038 3907 prius
1067 3832 1280 3891 occulte
1303 3839 1494 3894 contra
1534 3840 1590 3894 te
1618 3834 2000 3912 loquebantur,
2032 3838 2256 3896 nuncin
