2784 4392
621 247 754 296 xiv.
785 265 866 286 --
893 249 1133 302 coerrat
1171 249 1389 302 turne.
1433 251 1539 300 nm
1578 249 1753 302 cunr.
1796 249 1875 300 nr
1912 250 2121 298 anne.
2251 233 2374 300 247

363 363 470 425 bus
513 372 570 427 et
601 367 831 428 Judaeis.
872 368 988 426 Hoc
1035 373 1220 429 autem
1267 373 1352 426 est
1402 374 1597 430 contra
1640 366 1698 429 id
1740 367 1887 446 quod
1924 367 2159 427 habetur
2196 369 2371 444 Apoo.

365 471 470 523 xx,
502 455 540 514 7
569 473 582 514 ε
611 455 828 518 seducet
850 464 1027 532 gentes
1053 475 1170 534 quae
1197 463 1324 516 sunt
1355 475 1518 532 super
1545 465 1778 530 quatuor
1804 458 2023 532 angulos
2051 463 2235 526 terroe,
2265 459 2373 534 θος

305 601 314 608 .
365 552 420 606 et
439 546 653 620 Maqoq,
683 546 879 606 Glossn
913 565 926 605 :
957 567 985 601 α
1015 549 1126 606 Has
1148 547 1287 606 duas
1314 554 1505 620 gentes
1534 547 1604 606 ad
1645 547 1887 604 litteram
1928 547 2083 624 prius
2120 547 2369 616 seducet,

367 641 424 692 et
454 651 552 707 per
571 635 672 696 has
697 635 768 693 ad
795 636 943 694 elias⁴
961 636 1239 710 procedet,
1267 655 1294 688 >2
1311 635 1411 694 Vel
1434 636 1733 695 secundum
1764 634 1929 696 aliam
1956 636 2371 710 expositionem,

367 723 570 780 ibidem
616 741 713 798 per
761 726 976 798 magog,
1023 725 1403 796 intelliguntur
1448 741 1635 784 omnes
1675 734 2053 802 persecutores
2098 724 2374 786 diabolum

367 813 511 870 intre
543 829 601 870 se
631 820 898 886 tegenteS,
928 819 985 870 et
1029 813 1250 874 tandem
1295 814 1365 872 nd
1414 822 1661 888 apertam
1704 811 2140 888 persecutionem
2176 829 2385 888 procer

370 899 578 961 dentes.
603 902 724 958 Non
753 916 882 974 ergo
919 901 1137 960 barbari
1169 916 1201 960 a
1229 902 1608 977 persecutione
1636 900 1958 960 Antichristi
1986 895 2369 968 excluduntur,

369 996 430 1046 ut
458 989 990 1048 dicunt.Procedunt
1020 998 1204 1050 nutem
1231 990 1463 1050 ulterius
1494 991 1563 1050 ad
1592 989 2005 1058 ostendendum,
2038 991 2186 1062 quod
2214 998 2375 1048 erunt

369 1077 650 1136 christiani
694 1095 790 1154 per
825 1079 932 1140 hoc
963 1079 1110 1154 quod
1153 1079 1356 1138 dicitur
1383 1080 1433 1136 ΙΙ
1460 1081 1601 1139 Tim.
1630 1095 1719 1149 ιιι,
1746 1081 1781 1136 5
1808 1097 1823 1136 ε
1850 1079 2113 1142 Habentes
2156 1077 2375 1154 speciem

369 1166 578 1238 quidem
597 1166 840 1240 pietatis.
859 1167 1086 1229 Glossa:
1105 1187 1130 1222 α
1149 1167 1205 1230 id
1229 1174 1316 1229 est
1334 1168 1651 1232 christianae
1675 1168 1972 1246 religionis.
1990 1186 2017 1222 υ
2045 1167 2113 1228 Et
2130 1166 2375 1242 loquitur

369 1257 438 1318 de
463 1257 570 1316 iilis
612 1275 708 1332 per
743 1275 882 1334 quos
909 1258 1152 1336 pericula
1180 1260 1601 1321 novissimorum
1644 1267 1951 1334 temporum
1990 1257 2372 1324 imminebunt,

369 1346 464 1402 sed
496 1347 548 1404 in
591 1347 695 1404 hoc
723 1363 906 1409 errare
947 1354 1267 1417 noscuntur,
1295 1349 1429 1426 quia
1474 1349 1571 1409 illa
1597 1349 1715 1410 vita
1741 1364 1869 1427 quae
1911 1347 1985 1406 ibi
2014 1352 2376 1408 numerantur

371 1435 442 1492 ab
467 1437 748 1508 Apost010,
781 1454 888 1496 non
917 1446 1046 1498 sunt
1073 1440 1152 1500 ite
1175 1439 1515 1515 accipienda,
1544 1434 1703 1516 quasi
1732 1440 1917 1500 omnia
1958 1438 2163 1500 eisdem
2208 1454 2377 1512 opor-

373 1529 489 1581 teat
533 1525 732 1594 inesse,
767 1526 861 1581 sed
893 1526 1148 1598 quaedam
1185 1526 1290 1594 his,
1317 1527 1573 1601 quaedam
1612 1527 1757 1586 aliis·
1786 1527 1941 1588 Unde
1996 1541 2104 1582 non
2158 1531 2378 1600 oportet

374 1612 521 1686 quod
549 1627 738 1670 omnes
761 1612 858 1682 iili,
876 1630 974 1687 per
998 1629 1136 1688 quos
1165 1613 1451 1674 imminent
1474 1613 1567 1672 iiia
1592 1613 1831 1688 pericula
1858 1613 2118 1689 pericula,
2140 1612 2377 1673 habeant

375 1700 610 1772 speciem
641 1701 992 1772 pietatis‚sed
1019 1717 1207 1762 eorum
1229 1700 1421 1776 aliqui.
1436 1701 1589 1764 Sicut
1616 1703 1783 1761 etiam
1808 1701 1863 1762 in
1888 1701 2165 1778 primitiva
2180 1701 2379 1760 Eccle-

375 1791 457 1846 sia
488 1788 834 1862 patiebantur
857 1790 1101 1863 Apostoli
1131 1790 1565 1866 persecutionem
1594 1796 1649 1850 et
1676 1806 1709 1848 a
1734 1789 1983 1850 fidelibus
2008 1797 2063 1848 et
2088 1789 2158 1850 eb
2180 1791 2377 1850 infide-

376 1875 538 1946 libus,
567 1886 627 1934 ut
669 1886 820 1950 patet
847 1879 896 1940 11
919 1881 1044 1940 Cor.
1077 1895 1158 1950 xt,
1183 1883 1250 1940 26
1279 1896 1292 1937 ι
1317 1879 1587 1940 Pericutt's
1626 1895 1693 1940 ex
1726 1879 2004 1958 qenttbaem
2024 1879 2285 1958 periculis
2311 1895 2379 1938 em

373 1967 528 2042 falsis
550 1966 839 2042 fratribus,

445 2057 686 2118 Ulterius
710 2056 1030 2131 procedunt,
1057 2058 1205 2132 quod
1231 2057 1324 2122 isti
1349 2057 1529 2121 nuntii
1546 2058 1869 2121 Antichristi
1900 2074 2009 2133 non
2037 2058 2377 2136 reperientur

377 2144 519 2204 inter
545 2152 730 2220 aperte
751 2145 945 2206 malos.
971 2147 1088 2206 Hoc
1111 2152 1196 2206 est
1223 2153 1412 2209 autem
1437 2163 1693 2222 expresse
1716 2154 1909 2208 contra
1932 2148 2184 2213 Glossam
2213 2163 2377 2224 super

380 2233 514 2291 illud
543 2233 740 2292 Psalm.
761 2249 950 2294 xxxiv
971 2235 1170 2302 :xl-leus,
1199 2237 1319 2310 quis
1343 2236 1539 2296 similis
1564 2236 1673 2298 erit
1698 2237 1836 2298 tibi?
1864 2254 1990 2312 quae
2019 2245 2195 2298 totum
2223 2237 2379 2296 illum

378 2323 653 2384 Psalmum
697 2339 903 2392 xxxxv,
957 2324 1181 2396 exponit
1221 2325 1290 2380 de
1335 2324 2095 2398 perseeutione·Antieh1-isti‚
2124 2336 2181 2386 et
2235 2327 2379 2386 inter

379 2419 608 2473 caeteros
633 2412 956 2474 Antichristi
977 2412 1278 2482 ministros,
1313 2430 1411 2486 per
1433 2413 1742 2484 Philistum,
1766 2413 1901 2476 dicit
1926 2415 2225 2488 significari
2256 2415 2378 2472 illos

379 2503 474 2576 qui
501 2507 628 2564 sunt
651 2501 788 2560 ebrii
817 2500 1033 2564 luxuria
1061 2501 1426 2570 saecularium.
1444 2502 1743 2578 Gregorius
1760 2503 1928 2564 etiam
1952 2501 2009 2563 in
2034 2503 2149 2563 XX
2176 2502 2375 2566 Moral.

381 2608 654 2664 exponens
690 2590 824 2648 illud
862 2591 986 2648 Job.
1033 2607 1142 2648 xxx
1183 2607 1196 2647 ε
1231 2591 1392 2648 Nunc
1437 2599 1613 2650 autem
1660 2589 1903 2648 derident
1944 2607 2044 2658 me,
2080 2599 2213 2660 etc.⁹
2244 2591 2379 2650 dicit

385 2700 411 2736 α
433 2680 551 2742 haec
568 2697 688 2742 esse
706 2680 872 2742 verba
888 2680 1149 2744 Ecolenae
1175 2680 1248 2742 ab
1271 2681 1605 2742 adversariis
1622 2680 1738 2741 suis
1756 2680 2017 2742 extremis
2040 2681 2379 2756 temporibus

381 2786 603 2844 pressae.
633 2789 660 2827 s
688 2770 758 2828 Et
801 2776 1006 2844 postea.
1025 2770 1307 2844 subjungit
1347 2788 1363 2832 z
1414 2791 1443 2826 α
1472 2771 1718 2844 Quorum
1757 2771 1933 2832 virtus
1974 2785 2235 2832 manuum
2258 2775 2379 2830 eret

385 2858 518 2914 mihi
546 2874 642 2933 pro
671 2857 931 2926 nihilo,et
953 2861 1066 2920 vite
1094 2861 1214 2936 ipsa
1238 2860 1573 2936 putabantur
1596 2861 1826 2934 indigni.
1864 2879 1893 2914 n
1934 2859 2071 2932 Quae
2106 2866 2297 2936 postea
2320 2865 2379 2916 et

383 2947 556 3008 multa
581 2947 866 3019 sequentia
891 2948 960 3004 de
983 2955 1174 3020 aperte
1191 2951 1369 3020 malis,
1395 2956 1450 3012 et
1478 2949 1772 3012 carnaliter
1795 2949 2105 3010 viventibus
2132 2948 2376 3024 exponit.
2406 3005 2411 3010 ,

451 3037 652 3095 Dicunt
680 3035 848 3096 etiam
869 3037 1018 3108 quod
1059 3038 1198 3098 tales
1231 3038 1559 3103 Antichristi
1588 3038 1823 3098 ministri
1847 3039 1993 3100 inter
2027 3053 2123 3096 eos
2158 3038 2256 3112 qui
2284 3037 2375 3092 vi-

379 3124 767 3192 denturboni,
786 3125 1156 3187 inveniuntur.
1183 3127 1338 3200 Quod
1379 3126 1613 3200 probant
1658 3143 1755 3200 per
1792 3126 1927 3188 iilud
1976 3125 2125 3199 quod
2174 3124 2379 3184 dicitur

380 3214 571 3272 Matth.
603 3231 705 3284 vu,
738 3215 805 3270 1¹5
832 3229 845 3272 z
877 3213 1152 3274 Attendite
1181 3231 1216 3274 a
1239 3214 1394 3287 falsis
1412 3215 1707 3288 prophetia,
1736 3220 1793 3274 ot
1836 3230 1935 3286 per
1980 3213 2192 3286 aliquas
2238 3212 2377 3272 alias

381 3303 690 3374 hujusmodi
717 3303 1102 3370 auctoritates;
1127 3305 1224 3362 sed
1267 3302 1518 3377 quamvis
1562 3303 1697 3363 tales
1725 3302 1897 3374 aliqui
1926 3300 2039 3360 sint
2062 3301 2251 3369 futuri,
2281 3317 2378 3373 per

381 3407 520 3466 quos
557 3393 925 3451 Antichristus
967 3391 1210 3459 seducet,
1233 3391 1586 3452 nihilominus
1626 3397 1683 3452 et
1722 3390 1819 3452 elii
1856 3405 1965 3452 non
1990 3389 2374 3460 excluduntur,
2459 3385 2465 3390 ’

379 3482 523 3540 sicut
549 3484 716 3543 etiam
758 3483 812 3540 in
851 3481 1128 3555 primitiva
1169 3480 1415 3542 Ecclesia
1440 3480 1632 3542 fideles
1668 3496 1767 3554 per
1812 3487 2072 3554 utrosque
2112 3495 2376 3557 persecu-

381 3571 560 3632 tiones
587 3570 954 3645 patiebantur.

449 3661 606 3732 Quod
627 3661 792 3721 etiam
819 3661 1010 3721 dicunt
1031 3658 1178 3734 quod
1217 3657 1397 3718 nullus
1418 3665 1601 3732 potest
1630 3657 1908 3728 seducere,
1942 3658 2047 3720 nisi
2086 3658 2161 3721 sit
2198 3673 2377 3734 eppa·

379 3767 506 3810 rens
534 3752 726 3820 bonus,
753 3757 905 3824 patet
932 3765 1052 3808 esse
1075 3749 1292 3816 falsum.
1319 3763 1446 3810 cum
1475 3747 1646 3810 multo
1669 3747 1852 3822 piures
1876 3747 2209 3810 seducentur
2231 3746 2379 3812 deli-

379 3841 483 3902 ciis
509 3841 673 3918 hujus
697 3840 886 3904 mundi
907 3845 965 3900 et
989 3838 1309 3910 terroribus,
1335 3854 1505 3916 quam
1532 3837 1702 3902 etiam
1727 3836 1909 3914 specie
1934 3835 2261 3904 honestatis.
