2784 4392
749 308 863 367 κν.
885 332 972 353 -·-
995 309 1076 365 nn
1114 303 1425 368 anemis!
1464 312 1806 370 &metrum
2162 296 2279 395 391

276 424 418 485 hane
465 408 925 507 adaquattenem.
961 434 1187 493 omnino
1231 434 1644 511 impossibilem,
1695 443 1755 494 et
1797 450 1897 511 per
1944 448 2284 511 consequens
2354 476 2361 480 -

275 524 467 577 eontra
495 523 782 583 rationem.
873 558 878 563 -

345 607 412 663 Et
443 608 616 682 primo
642 628 711 668 ex
739 619 894 684 parte
920 612 1176 673 humanas
1219 620 1452 683 naturae,
1473 616 1601 690 quae
1626 630 1736 672 non
1763 630 1996 689 semper.
2020 615 2075 670 in
2114 613 2285 671 sami-

275 696 364 753 liis
385 699 780 772 multiplicatur
802 704 1109 776 aequaliter,
1138 705 1268 778 quia
1302 706 1571 778 contingit
1613 722 1781 761 unum
1827 703 2282 780 patremfamilias

276 783 473 842 babere
513 787 715 845 multos
758 789 916 859 filios,
945 791 1115 849 alium
1151 798 1336 849 autem
1375 792 1608 850 nullum.
1650 792 1807 863 Quod
1859 808 1988 864 ergo
2040 792 2133 848 isti
2176 792 2285 847 duo

275 873 536 937 haberent
563 877 806 953 aequales
828 881 1220 955 possessiones,
1235 891 1382 943 esset
1410 881 1767 959 impossibile,
1782 883 1913 957 quia
1938 896 2046 941 una
2072 880 2283 939 familia

274 961 530 1023 deficeret
579 967 635 1023 in
685 966 1031 1039 victualibus,
1091 970 1266 1033 altera
1311 970 1815 1048 superabundaret3
1870 976 1927 1031 et
1979 969 2082 1029 hoo
2138 978 2283 1029 esset

274 1059 464 1109 contra
489 1054 853 1128 provisionem
881 1066 1112 1129 naturae,
1143 1058 1275 1137 quia
1300 1076 1427 1133 quoe
1465 1060 1676 1121 familia
1723 1059 1843 1133 plus
1886 1057 2282 1135 multiplicatur

274 1141 327 1195 in
358 1142 563 1214 prolem
593 1145 846 1216 amplius·
867 1147 1014 1203 cedit
1055 1148 1124 1204 ad
1156 1149 1561 1205 firmamentum
1604 1148 1811 1221 politiae
1846 1156 2068 1225 proptor
2110 1148 2283 1219 ipsius

273 1240 644 1303 augmentum,
670 1250 836 1307 quam
867 1251 994 1307 quae
1030 1236 1085 1291 in
1109 1236 1462 1309 generatione
1490 1237 1660 1311 prolis
1700 1237 1907 1305 deficit,
1939 1244 1996 1293 et
2040 1235 2279 1311 quodam

268 1321 392 1391 jure·
413 1328 624 1380 naturas
653 1325 831 1395 magis
855 1331 1094 1382 meretur
1122 1342 1155 1383 a
1181 1326 1458 1398 republica
1482 1327 1601 1382 sive
1628 1326 1822 1398 politia
1851 1324 2151 1398 provideri.

342 1411 589 1483 Amplius
625 1421 812 1469 autem
851 1422 1050 1470 natura
1091 1430 1197 1470 non
1243 1414 1430 1473 deficit
1474 1412 1532 1471 in
1568 1416 1918 1481 necessariis,
1960 1422 2023 1470 ut
2070 1414 2282 1469 dictum

271 1504 357 1553 est
380 1514 570 1570 supra3
598 1516 728 1571 ergo
757 1516 858 1557 neo
886 1518 976 1557 ars
1012 1518 1140 1575 quae
1175 1502 1353 1558 civilis
1375 1508 1460 1559 est
1491 1503 1791 1574 regiminis,
1824 1517 1885 1557 se
1930 1502 2034 1557 hoc
2060 1501 2283 1559 contin-

273 1587 370 1657 git,
398 1587 530 1649 siin
567 1587 788 1645 familiis
832 1587 1196 1661 adaequantur
1229 1590 1619 1667 possessiones,
1653 1590 1785 1665 quia
1830 1588 2089 1645 videlicet
2132 1589 2284 1645 cives

273 1676 578 1737 moriuntur
598 1678 843 1749 penuria,
875 1678 1020 1733 unde
1046 1678 1238 1751 politia
1265 1678 1654 1753 corrumpitur.
1684 1678 1807 1735 Non
1838 1686 2052 1736 tantum
2094 1684 2281 1733 autem

273 1781 341 1821 ex
366 1771 522 1837 parte
544 1775 758 1824 naturae
779 1766 1034 1825 humanae
1055 1768 1307 1845 sequitur
1335 1767 1723 1825 inconveniens
1744 1768 2037 1841 adaequare
2058 1782 2281 1841 posses-

274 1856 471 1921 siones,
501 1857 600 1915 sed
625 1856 794 1913 etiam
831 1872 899 1913 ex
940 1856 1113 1929 gradu
1149 1872 1422 1931 personae.
1448 1858 1545 1914 Est
1592 1858 1738 1914 enim
1784 1855 2094 1914 differentia
2137 1856 2280 1911 inter

272 1943 438 2012 cives,
487 1945 948 2021 quemadmodum
999 1947 1144 2003 inter
1195 1946 1439 2004 membra
1496 1961 1779 2019 corporea,
1812 1946 1900 2003 cui
1950 1942 2143 2019 politia
2194 1950 2281 2001 est

271 2034 521 2109 superius
565 2042 902 2109 comparata,
929 2036 986 2091 iu
1024 2032 1258 2095 diversis
1297 2044 1481 2094 autem
1524 2036 1783 2094 membris
1819 2036 1997 2093 virtus
2043 2034 2283 2093 diversi-

271 2124 468 2187 fleatur
489 2131 546 2181 et
569 2123 839 2197 operatio.
863 2125 1091 2183 Constat
1134 2126 1279 2183 enim
1308 2126 1455 2199 quod
1478 2127 1715 2199 majores
1753 2141 2020 2199 expensas
2062 2126 2281 2197 cogitur

271 2213 451 2269 faeere
491 2213 708 2284 nobilis,
748 2223 914 2289 quam
960 2212 1214 2287 ignobilis
1241 2208 1287 2269 .:'
1323 2216 1472 2270 unde
1511 2220 1569 2271 et
1602 2215 1780 2272 virtus
1822 2213 2169 2271 liberalitatis
2218 2216 2277 2271 in

272 2302 532 2376 principe-
564 2302 936 2375 magnieentia
983 2307 1232 2370 vocatur,
1280 2310 1505 2377 propter
1562 2318 1789 2377 magnos
1838 2312 2113 2377 sumptus.
2160 2302 2279 2359 Hoc

270 2400 456 2447 autem
484 2390 603 2445 fleri
630 2405 738 2447 non
762 2396 967 2463 posset,
996 2388 1088 2447 ubi
1117 2392 1491 2465 possessiones
1523 2400 1705 2449 essent
1734 2392 1977 2465 aequales
2002 2390 2195 2469 tunde
2220 2397 2279 2447 et
2320 2395 2333 2408 '

271 2478 389 2553 ipsa
417 2494 526 2537 vox
558 2478 874 2551 evangelica
901 2486 1136 2541 testatur
1176 2479 1246 2536 de
1286 2479 1379 2535 illo
1418 2478 1812 2553 patrefamilias
1848 2480 1965 2536 sive
2011 2472 2140 2551 rege
2180 2478 2279 2554 qui

250 2557 496 2642 'peregre
519 2567 796 2640 profectus
820 2575 922 2636 est,
951 2566 1187 2642 qualiter
1211 2568 1385 2626 servis
1414 2569 1527 2625 suis
1549 2564 1691 2625 bona
1721 2564 2019 2637 distribuit,
2048 2567 2143 2623 sed
2171 2580 2277 2623 non

269 2656 574 2729 aequaliter,
603 2659 769 2714 immo
794 2656 888 2715 uni
927 2656 1079 2713 dedit
1108 2657 1350 2732 quinque
1398 2655 1624 2724 talenta,
1658 2656 1817 2713 alteri
1856 2656 1983 2723 duo,
2012 2654 2106 2713 alii
2144 2668 2277 2713 vero

270 2762 458 2813 unum,
494 2741 787 2819 unicuique
827 2747 1124 2805 secundum
1167 2747 1444 2821 propriam
1488 2746 1769 2804 virtutem.
1800 2745 2050 2821 Amplius
2090 2751 2277 2803 autem

269 2848 373 2891 nee
419 2834 538 2909 ipse
577 2834 715 2891 ordo
755 2827 968 2892 naturas
1001 2836 1108 2892 hoo
1145 2837 1375 2909 patitur,
1437 2834 1491 2891 in
1540 2850 1649 2911 quo
1697 2834 1884 2893 divina
1928 2833 2278 2907 providentia

271 2940 360 2981 res
385 2926 601 2978 creatas
625 2922 681 2977 in
716 2922 954 2997 quadam
995 2923 1373 2999 inaequalitate
1405 2924 1711 2993 constituit,
1740 2926 1856 3009 sive
1899 2932 2167 3000 quantum
2202 2922 2278 2979 ad

270 3014 545 3080 naturam,
571 3009 690 3066 sive
713 3016 980 3083 quantum
1003 3010 1073 3067 ad
1103 3013 1375 3081 meritum,
1411 3010 1553 3068 unde
1580 3028 1782 3085 ponere
1814 3013 2191 3085 aequalitatem
2219 3010 2277 3066 in

271 3100 428 3157 bonis
464 3098 856 3173 temporalibus
897 3104 960 3155 ut
997 3105 1124 3155 sunt
1167 3100 1554 3187 possessiones,
1596 3108 1681 3155 est
1727 3102 1973 3157 ordinem
2016 3100 2074 3173 in
2113 3098 2279 3155 rebus

270 3190 572 3257 destruere,
623 3204 788 3261 quem
827 3188 1166 3259 Augustinus
1211 3196 1463 3263 respectu
1512 3186 1903 3261 inaequalitatis
1959 3186 2153 3244 definit
2196 3186 2280 3244 De

272 3278 438 3335 civit.
449 3276 581 3334 Dei.
609 3278 680 3334 Es
685 3282 710 3333 t
734 3277 878 3334 enim
904 3276 1039 3335 ordo
1069 3276 1281 3351 parium
1310 3284 1366 3333 et
1404 3276 1707 3355 disparium
1730 3292 1915 3335 rerum
1936 3292 2038 3333 sua
2073 3276 2277 3353 cuique

271 3366 517 3423 tribuens
544 3366 850 3441 dispositio,
882 3374 938 3424 et
965 3382 1032 3423 ex
1071 3364 1175 3423 hoo
1215 3365 1482 3443 Origenes
1528 3367 1583 3423 in
1619 3366 1952 3425 Periarchon
1977 3357 2279 3439 reprehen-

269 3456 438 3523 ditur,
471 3455 601 3529 quia
635 3452 821 3513 omnia
866 3454 1008 3511 dixit
1043 3454 1280 3531 aequalia
1320 3471 1387 3511 ex
1429 3454 1514 3513 sui
1552 3462 1769 3525 natura,
1809 3452 1907 3513 sed
1955 3454 2101 3512 sacta
2148 3460 2277 3513 sunt

269 3544 563 3618 inaequalia
592 3550 816 3619 propter
851 3542 1128 3602 defectum
1163 3545 1269 3613 sui,
1293 3542 1402 3601 hoo
1438 3551 1523 3601 est
1568 3549 1790 3621 propter
1818 3552 2121 3619 peccatum.
2152 3545 2276 3601 Non

269 3650 398 3707 ergo
437 3650 506 3691 ex
552 3633 935 3710 adaequatione
971 3634 1373 3711 possessionum
1410 3634 1658 3693 vitantur
1696 3634 1891 3709 litigia,
1918 3636 2051 3714 quin
2091 3634 2277 3708 potius

271 3731 711 3797 augmentantur,
744 3724 873 3779 dum
913 3722 970 3779 in
1009 3721 1112 3779 boe
1155 3722 1477 3797 destruitur,
1503 3723 1619 3781 sive
1666 3722 1875 3783 tollitur
1906 3725 1997 3801 jus
2033 3730 2269 3793 naturae,

273 3814 489 3888 quando
509 3812 849 3871 subtrahitur
867 3810 1156 3887 indigenti,
1179 3812 1274 3889 qui
1300 3812 1426 3889 plus
1452 3817 1714 3870 meretur.
1737 3812 1896 3882 Item,
1924 3813 2054 3887 quia
2078 3820 2272 3871 contra

275 3902 544 3962 rationem
568 3909 652 3962 est
679 3914 801 3962 esse
829 3901 1012 3965 omnia
1038 3901 1282 3979 aequalia'
1300 3902 1356 3963 in
1381 3900 1609 3979 politia,
1629 3918 1757 3963 cum
1780 3902 1963 3966 omnia
1983 3902 2131 3963 Deus
2155 3904 2275 3963 ins-
