2784 4392
471 193 552 254 42
948 211 1005 258 s.
1044 210 1278 260 ‘raom
1320 208 1648 266 somnum
1687 210 2005 260 ornacum

472 326 641 402 aliqui
665 329 695 384 J
702 327 978 386 udaeorum
1002 330 1227 386 credere
1256 329 1566 398 noluerunt,
1594 329 1800 386 idcirco
1826 329 2274 404 praejudicabitur
2305 342 2487 392 caete-

475 419 549 474 ris
570 419 791 486 ludaeis„
816 435 884 475 ne
912 419 1062 492 digni
1099 420 1354 477 dicantur
1390 419 1640 494 accipere
1669 420 1816 494 quod
1843 422 1992 477 Deus
2018 421 2268 497 promisit
2299 424 2488 484 fideli·
2541 431 2554 440 '

472 505 591 562 bus·
624 507 883 564 Similiter
919 509 1083 565 etiam
1131 525 1232 566 nec
1272 509 1418 580 ideo,
1445 510 1574 582 quia
1605 509 1773 584 aliqui
1804 517 2082 577 voventes,
2113 512 2198 568 vel
2230 515 2485 584 jurantes

473 594 787 665 religionem
811 597 1033 665 intrare,
1049 604 1171 672 post
1200 603 1385 655 votum
1408 599 1676 672 poenitent
1700 606 1754 655 et
1771 599 2073 658 deteriores
2095 601 2248 668 fiunt,
2269 603 2479 659 idcirco

472 684 669 756 aliquis
693 688 1082 760 praejudicatur
1102 687 1335 762 illis‚qui
1365 695 1628 747 voventes
1659 690 1714 744 in
1733 694 1860 744 voto
1889 699 2332 760 perseverant,et
2356 692 2480 749 ideo

472 775 563 846 qui
594 775 839 832 homines
874 777 1135 833 inducunt
1166 778 1234 833 ad
1260 777 1568 834 vovendum
1595 778 1871 850 religionis
1906 777 2229 850 ingressum,
2257 797 2362 836 non
2391 781 2482 838 fa-

472 864 621 918 ciunt
645 881 739 920 eos
763 865 903 922 filios
928 865 1190 938 gehennas
1210 873 1476 939 quantum
1501 867 1560 923 in
1583 867 1662 922 eis
1687 873 1788 933 est,
1805 866 1897 922 sed
1929 868 2110 940 potius
2131 867 2274 925 filius
2299 871 2476 942 regni,

473 953 773 1024 praesertim
828 969 953 1010 cum
999 955 1183 1028 plnres
1227 971 1292 1010 ex
1345 940 1544 1011 talibus
1593 955 1883 1028 proficiant
1934 961 2121 1012 votum
2165 957 2472 1030 implentem

472 1057 636 1112 quam
666 1041 919 1100 deficiant
959 1060 991 1100 a
1034 1051 1160 1102 voto
1203 1042 1522 1100 recedentes
1550 1060 1562 1099 ε
1592 1043 1694 1100 nisi
1723 1043 1882 1110 forte,
1911 1045 2055 1118 quod
2096 1043 2256 1112 absit,
2289 1047 2476 1120 pravis

472 1129 730 1202 exemplis
758 1147 851 1188 eos
878 1131 947 1188 ad
978 1132 1314 1203 peccandum
1343 1133 1760 1202 inducerent,ut
1781 1139 1934 1205 patet
1959 1149 2054 1204 per
2080 1134 2474 1207 expositionem

472 1219 783 1294 Hieronymi
808 1229 861 1276 et
894 1221 1287 1294 chrysostomi.
1313 1221 1538 1278 Videtur
1566 1228 1748 1278 tamen
1773 1222 1902 1277 huic
1931 1221 2127 1277 rationi
2158 1224 2466 1295 suffragari,

470 1311 611 1382 quod
650 1311 941 1382 Apostolus
977 1311 1131 1380 dicit,
1175 1313 1245 1368 ad
1285 1312 1487 1368 Timot.
1518 1329 1574 1379 v,
1607 1314 1666 1366 Μ
1724 1329 1737 1366 :
1785 1311 2234 1368 Adolescenti-iores
2279 1313 2470 1368 viduas

469 1399 665 1456 devita.
698 1401 768 1456 Ut
796 1401 1061 1456 rationem
1092 1401 1352 1472 assignat,
1375 1416 1501 1457 cum
1527 1400 1711 1457 subdit
1743 1417 1756 1454 ε
1785 1399 2046 1457 Habentes
2075 1400 2472 1456 damnationem

469 1488 594 1561 qnia
616 1489 853 1560 primam
886 1487 1042 1561 fidem
1070 1489 1295 1546 irritam
1340 1483 1603 1562 fecerunt,
1625 1505 1734 1564 qua
1775 1488 1986 1545 scilicet
2032 1489 2146 1545 Deo
2175 1491 2468 1546 continen-

469 1579 602 1634 tiam
651 1579 1033 1652 promiserunt.
1080 1580 1185 1638 Sed
1223 1580 1368 1638 sicut
1414 1580 1781 1654 Hieronymus
1829 1578 1964 1635 dicit
2010 1579 2066 1634 in
2107 1579 2349 1652 Epistola
2398 1579 2466 1634 de

472 1671 816 1740 monogamia
847 1669 916 1726 ad
940 1667 1342 1742 Agerunchiam
1376 1687 1395 1728 ι
1425 1689 1451 1723 α
1485 1671 1712 1743 Propter
1740 1667 1840 1725 has
1868 1683 1992 1741 quae
2028 1667 2312 1724 fornicatae
2341 1675 2468 1723 sunt

470 1757 523 1811 in
562 1757 819 1828 injuriam
863 1757 967 1812 viri
1012 1759 1095 1813 sui
1138 1758 1338 1814 Christi
1376 1757 1642 1826 fecerunt,
1678 1775 1704 1807 >>
1745 1753 1862 1810 vult
1903 1756 2195 1826 Apostolus
2239 1757 2472 1813 alterum

372 1909 375 1912 ⁴
470 1845 895 1910 matrimonium,
927 1845 1221 1915 prael'erens
1249 1844 1545 1916 bigamiam
1569 1842 1934 1907 fornicationi,
1963 1843 2259 1896 secundum
2286 1843 2470 1900 indul-

469 1933 709 2004 gentiam
738 1933 1021 2000 duntaxat,
1055 1949 1162 1989 non
1202 1932 1502 1989 secundum
1544 1929 1853 2002 imperium,
1892 1929 2022 2002 quia
2065 1929 2234 1984 multo
2267 1931 2471 1989 telera-

440 2021 631 2077 bilius
654 2029 737 2078 est
760 2021 1033 2092 bigamam
1076 2037 1195 2078 esse
1222 2037 1389 2095 quam
1418 2025 1679 2086 scortum,
1712 2017 2009 2073 secundum
2039 2015 2238 2073 habere
2265 2019 2465 2089 virum,

468 2125 631 2184 quam
659 2109 838 2182 plures
863 2109 1060 2164 habere
1090 2109 1385 2165 adulteros·
1418 2109 1541 2165 Non
1569 2121 1696 2180 ergo
1729 2105 2022 2180 Apostolus
2057 2105 2304 2179 prohibet
2331 2109 2468 2164 sim-

468 2197 680 2270 pliciter
733 2197 1103 2253 adolescentes
1152 2197 1347 2253 viduas
1398 2195 1791 2253 continentiam
1841 2210 2042 2251 vovere
2085 2211 2103 2252 .·
2149 2211 2274 2251 cum
2322 2197 2344 2252 l
2396 2196 2466 2252 ad

468 2285 711 2340 Corinth.
742 2301 843 2353 vn,
878 2289 929 2354 8,
958 2285 1106 2342 dicat
1130 2303 1142 2342 :
1171 2286 1305 2358 quod
1332 2286 1523 2342 bonum
1547 2293 1622 2344 est
1650 2285 1744 2350 eis,
1774 2283 1824 2340 si
1853 2300 1929 2340 sic
1955 2283 2009 2338 in
2039 2283 2308 2340 viduitate
2333 2300 2467 2355 per-

467 2374 785 2441 manserint,
810 2375 907 2431 sed
931 2391 1026 2432 eas
1053 2375 1301 2448 prohibet
1324 2377 1494 2448 reci'pi
1524 2375 1594 2433 ad
1626 2373 1900 2447 stipendia
1945 2371 2222 2439 Ecclesiae,
2257 2388 2381 2446 quae
2409 2373 2462 2427 in

466 2463 689 2521 lascivia
744 2465 953 2522 vivunt.
980 2466 1135 2523 Unde
1178 2467 1313 2524 dicit
1346 2483 1359 2522 ε
1390 2463 1840 2522 Adolescentiores
1885 2460 2072 2517 viduas
2127 2459 2323 2527 devita,
2349 2477 2463 2534 quoe

464 2571 579 2610 eum
606 2555 899 2613 luxuriatae
926 2555 1157 2629 fuerint,
1186 2556 1247 2611 in
1282 2554 1493 2612 Christo
1518 2553 1712 2608 nubere
1741 2551 1942 2606 volunt.

533 2644 687 2712 Quod
711 2662 837 2702 vero
865 2653 1017 2701 sexto
1048 2642 1535 2718 proponunt,quod
1560 2641 1728 2714 aliqui
1760 2646 1880 2713 post
1908 2645 2098 2696 votum
2123 2637 2190 2693 de
2215 2637 2462 2710 ingressu

462 2730 739 2803 religionis
754 2733 1028 2799 emissum,
1055 2735 1108 2788 in
1138 2733 1337 2788 saeculo
1358 2738 1704 2789 remanentes
1728 2730 1858 2786 sacti
1887 2737 2014 2784 sunt
2043 2726 2168 2782 boni
2197 2726 2457 2801 episcopi,

466 2821 748 2876 manifeste
776 2821 996 2876 veritati
1020 2822 1482 2889 contrariatur,ut
1501 2826 1651 2894 patet
1672 2835 1768 2891 per
1798 2816 2128 2874 decretalem
2157 2816 2457 2872 innocentii

462 2925 585 2982 quae
624 2908 852 2965 habetur
894 2909 961 2964 de
1004 2919 1131 2966 voto
1178 2917 1232 2966 et
1273 2911 1387 2967 voti
1431 2910 1824 2982 redemptione,
1856 2923 1981 2980 quae
2020 2907 2100 2963 sic
2139 2905 2274 2961 dicit
2308 2923 2320 2959 :
2351 2905 2460 2961 Per

462 3005 581 3056 tuas
608 2997 753 3053 nobis
778 2999 989 3055 litteras
1022 2999 1307 3066 intima-sti,
1338 3007 1387 3058 te
1411 2999 1469 3054 in
1513 2997 2024 3070 Gratianopolitana
2056 2991 2293 3052 Ecclesia
2335 3011 2460 3050 sas-

459 3088 685 3159 cipiendi
730 3087 967 3143 habitum
1006 3089 1305 3160 reqularem
1349 3095 1525 3144 votum
1563 3086 1864 3143 solemniter
1903 3085 2154 3149 emisisse,
2184 3090 2234 3140 et
2275 3091 2457 3155 postea

456 3177 757 3249 promisisse
802 3177 861 3232 in
898 3178 1142 3233 manibus
1180 3180 1400 3251 praelati
1437 3177 1666 3250 ejusdem
1712 3175 1977 3242 Ecclesiae,
2022 3182 2069 3231 te
2119 3173 2275 3244 infra
2329 3173 2456 3230 duos

454 3283 648 3322 menses
669 3275 943 3338 postquam
970 3267 1031 3322 ab
1062 3269 1363 3340 Apostolica
1385 3269 1501 3324 sede
1526 3267 1768 3333 redisses,
1793 3272 1995 3330 votum,
2025 3261 2159 3337 quod
2181 3261 2452 3327 emiseras,

452 3355 819 3427 impletarum.
866 3355 1095 3428 Cumque
1140 3358 1367 3414 termino
1413 3359 1524 3430 ipso
1564 3362 1838 3414 transacto
1870 3371 1976 3408 non
2020 3367 2275 3414 curasses,
2321 3351 2456 3422 quod

450 3461 668 3500 voveras
690 3445 997 3518 adimplere,
1022 3446 1234 3502 tandem
1258 3448 1485 3502 existens
1510 3449 1621 3505 voti
1646 3455 2032 3517 transqressor,
2055 3447 2266 3496 vocatus
2291 3439 2454 3511 fuist-i

451 3533 520 3587 ad
560 3534 787 3606 reqimen
832 3535 1079 3592 Ecclesiae
1122 3535 1450 3592 Gebenensis.
1481 3537 1550 3591 Et
1595 3537 1736 3593 infra
1769 3535 1922 3594 :Nos
1968 3531 2143 3604 igitur
2190 3537 2294 3586 tuae
2330 3529 2454 3597 des—

450 3623 707 3692 criptioni
748 3625 1085 3692 consulimus,
1120 3634 1181 3684 ut
1229 3627 1280 3682 si
1329 3634 1481 3683 tuam
1509 3641 1702 3681 sanare
1745 3624 2012 3680 desideras
2055 3617 2449 3683 conscientia-m,

449 3709 683 3779 reyimen
714 3713 941 3784 i·esi9nes
968 3715 1219 3772 Ecclesiae
1242 3722 1568 3781 memoratae,
1593 3731 1654 3769 ac
1680 3711 1871 3768 reddas
1890 3708 2166 3766 Altissimo
2184 3714 2308 3763 vota
2331 3713 2448 3763 tua.

449 3798 530 3855 Ex
552 3813 662 3874 quo
691 3806 841 3871 patet
872 3804 1175 3874 manifeste,
1205 3807 1350 3883 quod
1401 3821 1507 3863 non
1538 3808 1764 3878 possunt
1809 3801 1951 3858 bona
1977 3795 2317 3856 conscientia
2362 3794 2450 3857 vel
