2784 4392
476 332 613 384 xm.
640 347 719 362 —
746 330 985 377 colurna
1026 331 1211 378 ητα.
1257 331 1410 377 nou.
1455 332 1538 376 AB
1577 328 1822 379 menne.
1869 331 2085 380 neme.
2205 314 2284 378 19

277 451 412 507 dum
438 454 643 506 statuta
684 437 954 507 canonum
989 449 1043 505 in
1072 449 1261 521 primis
1291 449 1448 506 annis
1482 438 1747 505 arctiores
1783 447 2148 508 observantiae
2191 441 2282 506 inss·

271 541 538 612 jungitur.

346 629 624 684 Secundus
648 629 893 685 defectus
922 635 1024 698 est,
1052 627 1180 700 quia
1213 627 1267 684 in
1291 627 1536 701 quolibet
1563 627 1762 708 officio,
1793 628 1879 684 vel
1907 633 2054 684 statu
2080 644 2110 684 a
2142 626 2284 684 faci-

276 716 499 772 lioribus
528 717 596 773 ad
626 717 931 772 difficiliora
959 718 1240 773 transitur.
1254 717 1368 772 Nec
1399 723 1580 773 tamen
1609 723 1827 789 oportet
1850 718 1994 790 quod
2025 719 2282 789 quicum-

275 821 379 877 que
406 806 656 862 altiorem
682 810 887 861 statum
914 805 1127 879 recipit,
1157 806 1213 861 in
1242 805 1432 860 leviori
1456 805 1607 878 prius
1633 815 1971 862 exerceatur.
1995 807 2114 862 Non
2135 807 2280 861 enim

274 907 493 950 necesse
518 901 603 949 est
650 902 708 951 ut
752 895 845 967 qui
876 895 931 948 in
950 894 1143 967 aliquo
1184 894 1416 950 artificio
1462 895 1704 950 exerceri
1748 894 2000 957 voluerit,
2035 895 2185 966 prius
2225 897 2282 950 in

272 982 457 1056 aliquo
484 976 671 1038 leviori
706 972 1046 1050 exerceatur,
1080 982 1219 1038 sed
1207 999 1263 1038 in
1304 982 1496 1038 eodem
1523 983 1756 1039 artificio
1801 999 1830 1038 a
1875 983 2170 1039 levioribus
2209 987 2278 1040 ad
2753 1055 2780 1064 Ν

242 1075 479 1144 ‚majora
501 1089 595 1144 per
619 1073 860 1128 ducitur.
888 1072 1044 1128 Unde
1082 1087 1190 1128 non
1230 1077 1446 1146 oportet
1475 1079 1536 1128 ut
1575 1072 1668 1145 qni
1710 1073 1766 1128 in
1809 1079 1956 1126 statu
2001 1061 2278 1143 religionis
2745 1121 2780 1140 ,„

274 1177 369 1234 per
393 1160 739 1216 consiliorum
770 1160 1174 1216 observantiam
1201 1161 1442 1216 exerceri
1469 1161 1756 1232 voluerint,
1791 1160 1942 1232 prius
1979 1162 2282 1216 exercean-

274 1257 361 1304 tur
388 1249 442 1303 in
470 1249 712 1305 saeculo
699 1266 753 1304 in
784 1248 1130 1304 observantia
1162 1255 1577 1322 praeceptorum,
1609 1248 1705 1304 sed
1749 1248 1894 1320 quod
1929 1248 1998 1302 de
2040 1247 2124 1302 his
2144 1251 2279 1328 quae'

274 1338 340 1392 ad
371 1337 683 1408 religionem
714 1339 1004 1408 pertinent,
1037 1354 1067 1392 a
1099 1338 1365 1410 principio
1397 1339 1605 1394 minora
1631 1338 1710 1392 eis
1736 1337 2114 1408 imponantur-t
2133 1335 2280 1392 sicut

228 1423 373 1492 fn'ec
400 1433 615 1498 oportet
656 1442 765 1499 quo
796 1427 886 1499 qui
915 1427 1103 1482 volunt
1132 1426 1383 1482 clericale
1415 1426 1653 1482 officium
1697 1441 1994 1489 assumere,
2029 1425 2178 1497 prius
2223 1425 2280 1479 in

272 1514 383 1569 vita
413 1514 589 1570 laicali
635 1523 1010 1584 exerceantur,
1046 1523 1139 1570 aut
1182 1515 1276 1588 qui
1314 1515 1504 1570 volunt
1548 1516 1890 1570 continenter
1931 1513 2136 1580 vivere,
2169 1528 2276 1569 non

273 1604 423 1675 prius
448 1610 662 1676 oportet
688 1618 781 1658 eos
807 1604 861 1657 in
890 1605 1226 1658 continentia
1253 1603 1526 1674 conjugali
1552 1603 1815 1658 exerceri.
1851 1618 1855 1623 ·

262 1715 267 1722 ·
338 1692 554 1746 Tertius
578 1691 824 1744 defectus
848 1699 949 1756 est,
980 1690 1109 1762 quia
1133 1691 1330 1762 duplex
1356 1698 1440 1744 est
1465 1691 1644 1761 operis
1668 1689 1982 1745 difficultas·
2015 1690 2280 1758 Quaedam

269 1797 337 1834 ex
366 1779 481 1834 sola
508 1777 879 1848 magnitudine
905 1793 1147 1849 operum,
1182 1784 1238 1833 et
1264 1778 1386 1834 talis
1417 1779 1728 1848 difficultaS,
1763 1779 1854 1852 qui
1890 1780 2118 1851 requirit
2148 1794 2278 1851 per-

268 1867 560 1922 fectionem
586 1867 822 1934 virtutis,
852 1881 955 1921 non
1006 1867 1303 1940 imponitur
1339 1867 1674 1939 imperfectis
1707 1868 2009 1942 z‘quaedam
2036 1883 2166 1923 vero
2191 1875 2276 1923 est

268 1954 561 2009 difficultas
605 1953 970 2021 cohibitioniS,
1004 1970 1112 2028 qua
1151 1955 1327 2026 magis
1367 1955 1613 2027 indigent
1647 1956 1741 2028 qui
1783 1962 1910 2012 sunt
1940 1955 2274 2028 imperfectae

267 2044 506 2097 virtutis.
534 2043 684 2098 Unde
722 2044 905 2115 pueris
930 2045 1134 2100 arctior
1162 2044 1452 2099 adhibetur
1479 2045 1730 2101 custodia
1769 2045 1900 2100 dum
1939 2045 2040 2100 sub
2084 2045 2276 2117 paeda-

268 2130 419 2200 gogis
454 2129 773 2194 educantur,
808 2145 970 2201 quam
1012 2130 1353 2201 postmodum
1401 2147 1524 2186 cum
1552 2117 1919 2203 ‘pervenerint
1953 2131 2024 2187 ad
2051 2137 2274 2188 aetatem

270 2218 583 2289 perfectam.
612 2219 799 2273 Status
841 2227 1025 2273 autem
1072 2219 1349 2290 religionis
1392 2225 1477 2274 est
1509 2221 1761 2293 quaedam
1793 2220 2080 2293 disciplina
2116 2221 2274 2276 cobi-

268 2305 399 2360 bens
437 2322 466 2360 a
512 2307 771 2378 peccatiS,
801 2314 855 2360 et
903 2305 1114 2362 facilius
1158 2307 1226 2368 ad
1270 2307 1657 2378 perfectionem
1699 2309 1982 2375 inducens,
2015 2309 2158 2364 sicut
2205 2325 2272 2364 ex

267 2395 541 2466 praedictis
573 2400 819 2467 apparet.
851 2395 917 2449 Et
944 2395 1067 2449 ideo
1106 2395 1157 2450 hi
1186 2396 1278 2468 qui
1306 2403 1434 2451 sunt
1469 2398 1806 2469 imperfectas
1842 2397 2082 2465 virtutis,
2117 2404 2268 2471 puta,

268 2484 505 2537 nondum
548 2484 602 2538 in
655 2483 943 2556 praeceptis
990 2482 1295 2555 exercitati,
1340 2484 1514 2554 magis
1558 2485 1803 2554 indigent
1855 2485 1950 2540 tali
1998 2485 2268 2552 custodia,

267 2572 394 2644 qnia
420 2572 632 2627 facilius
662 2579 745 2626 est
774 2587 869 2627 eos
899 2573 1137 2643 peccatis
1182 2570 1456 2627 abstinere
1496 2571 1591 2626 tali
1630 2572 1934 2644 disciplinae
1976 2571 2268 2642 subjectOS,

267 2677 429 2732 quam
460 2661 505 2714 si
534 2661 753 2715 liberius
780 2661 833 2715 in
860 2659 1059 2716 saeculo
1082 2661 1413 2715 nutriantur.
1447 2659 1602 2730 Quod
1633 2675 1762 2716 vero
1789 2661 1842 2715 in
1871 2660 1962 2716 Gl.
1993 2660 2268 2728 subditur,

265 2750 416 2804 Multi
443 2749 587 2804 hunc
610 2749 855 2805 ordinem
885 2755 1219 2820 pervertunt,
1252 2757 1314 2804 ut
1338 2749 1580 2806 haeretici
1608 2756 1662 2805 et
1701 2750 2056 2817 schismatici,
2089 2751 2274 2806 mani-

264 2839 401 2894 feste
432 2845 659 2912 apparet
703 2855 799 2910 per
839 2840 1123 2910 sequentia
1166 2840 1233 2894 ad
1279 2839 1525 2894 ordinem
1555 2839 1820 2896 doctrinae
1853 2841 2144 2912 pertinere,
2178 2857 2274 2896 se-

265 2929 455 3000 quitur
482 2929 624 2982 enirn
644 2947 655 2981 ε
678 2929 777 2982 Hic
803 2944 929 2983 vero
960 2943 1204 2983 servasse
1228 2927 1381 2994 dicit,
1407 2926 1750 2999 obstringens
1770 2944 1829 2984 se
1850 2928 2141 2985 maledicto
2167 2929 2269 2998 sic,

265 3017 421 3088 quasi
454 3033 559 3072 non
584 3017 745 3071 modo
775 3018 829 3071 in
860 3015 980 3071 aliis
1011 3016 1123 3073 suis
1162 3016 1399 3082 humilis,
1433 3017 1527 3072 sed
1560 3018 1724 3074 etiam
1768 3017 1824 3073 in
1851 3017 2102 3084 scientia,
2137 3019 2271 3090 quia

264 3106 665 3176 ego'humiliter
688 3105 987 3160 sentiebam
1022 3107 1170 3176 prius
1196 3107 1434 3162 nutritus
1461 3107 1516 3161 in
1543 3106 1702 3173 lacte,
1733 3106 1880 3178 quod
1919 3112 2004 3162 est
2039 3105 2270 3164 Verbum

204 3213 207 3218 ·
263 3212 387 3250 caro
413 3195 637 3266 factum,
670 3207 729 3248 ut
774 3209 1175 3250 succrescerem
1220 3194 1286 3250 ad
1336 3211 1532 3266 panem
1579 3193 1896 3266 angelorum
1941 3195 2151 3251 scilicet
2198 3197 2269 3251 ad

263 3284 509 3350 verbum,
526 3283 669 3356 quod
696 3289 779 3338 est
807 3284 865 3337 in
888 3281 1164 3355 principio
1192 3282 1335 3355 apud
1358 3284 1548 3350 Deum,
1575 3289 1630 3339 et
1659 3284 1740 3340 sic
1764 3285 1910 3340 redit
1936 3285 2006 3339 ad
2037 3284 2093 3339 id
2119 3285 2267 3356 quod

264 3371 413 3444 prius
442 3372 676 3456 dixerat.
701 3372 855 3428 Unde
901 3373 1043 3444 quod
1089 3372 1365 3429 in·medio
1409 3372 1648 3446 positum
1694 3378 1793 3441 est,
1831 3387 1996 3429 causa
2033 3371 2268 3444 exempli

261 3461 559 3516 inducitur.
1154 3487 1159 3492 ·

331 3547 488 3616 Quod
520 3563 647 3603 vero
672 3547 859 3620 quinto
886 3549 1169 3604 inductum
1198 3556 1301 3615 est,
1332 3549 1402 3606 de
1423 3548 1663 3622 quinque
1693 3547 1932 3605 millibus
1958 3544 2262 3617 hominum,

261 3651 401 3707 quos
422 3635 670 3692 Christus
698 3638 764 3692 de
794 3637 1035 3709 quinque
1058 3637 1286 3707 panibus
1311 3639 1461 3709 prius
1483 3639 1653 3709 pavit,
1672 3645 1727 3693 et
1748 3635 2094 3709 postmodum
2119 3653 2266 3710 qua-

262 3729 384 3778 tuor
412 3723 578 3780 millia
606 3725 673 3779 de
697 3735 903 3795 septem
947 3723 1194 3795 panibus,
1225 3729 1335 3778 tam
1375 3723 1628 3778 frivolum
1671 3731 1774 3788 est,
1807 3728 1869 3777 ut
1913 3725 2266 3795 responsione

260 3825 363 3865 non
408 3821 597 3882 egeat.·
618 3815 731 3868 Nec
774 3814 919 3867 onim
962 3818 1176 3884 oportet
1214 3812 1512 3868 secundum
1565 3811 1808 3867 ordinem
1861 3811 2176 3885 figurarum,
2205 3822 2264 3871 et

261 3899 507 3956 ordinem
547 3908 727 3958 rerum
771 3916 889 3972 esse
918 3918 1042 3975 quae
1072 3903 1393 3974 figurantur,
1426 3903 1556 3978 quia
1587 3901 1918 3979 quandoque
1953 3917 2052 3978 per
2080 3903 2264 3977 priora
