2784 4392
563 316 696 361 xiv.
727 332 808 346 —
836 316 1074 361 conruit
1111 317 1327 361 meua.
1373 316 1479 361 nm
1520 314 1693 362 cum.
1738 315 1817 362 m
1857 314 2067 363 nsua.
2234 296 2315 359 63

309 434 554 491 divinam
583 440 781 490 vocant
810 447 996 489 curam
1026 422 1750 508 caeremoniamquae'affert.
1786 453 1813 486 ιι
1844 434 1913 489 Et
1944 434 2024 489 sic
2055 432 2228 506 primo
2258 436 2314 487 et

309 523 681 599 principaliter
701 525 768 580 ad
794 539 976 579 veram
1002 524 1317 595 religionem
1339 525 1612 597 pertinere
1638 526 1934 579 'noscuntur
1951 536 2311 595 quaecumque

311 614 380 670 ad
411 614 573 669 fidem
616 614 884 684 integram
913 614 1205 686 pertinent,
1241 619 1294 667 et
1326 612 1565 667 debitam
1616 612 1792 669 latriae
1816 613 2155 668 servitutem.
2204 608 2306 666 Sed

311 702 548 759 secundo
575 702 644 757 ad
679 702 994 771 religionem
1021 702 1292 774 pertinere
1327 708 1629 757 noscuntur
1662 700 1755 757 illa
1794 701 1995 760 omnia,
2032 700 2083 755 in
2114 698 2312 772 quibus

312 807 598 867 possumus
637 792 924 847 servitium
965 791 1080 846 Deo
1123 790 1377 846 exhibere
1407 806 1422 843 t
1454 789 1582 861 quia
1627 797 1686 844 ut
1716 781 2055 861 Augustinus
2090 788 2312 853 ‚dicit‘in

313 878 599 939 Euchirid.
634 897 647 934 :
682 900 707 933 α
738 882 881 937 Deus
905 878 1102 936 colitur
1130 895 1234 935 non
1261 878 1437 936 solum
1463 878 1588 944 fide,
1618 879 1711 933 sed
1738 894 1833 951 spe
1859 886 1913 933 et
1937 877 2225 945 charitate,
2253 884 2311 929 ut

314 972 394 1026 sic
418 970 598 1027 omnia
625 968 910 1025 charitatis
932 982 1098 1041 opera
1127 967 1405 1039 religionis
1430 982 1549 1023 esse
1578 968 1847 1023 dicantur.
1884 985 1911 1018 ιι
1940 965 2095 1023 Unde
2120 962 2312 1019 Jacob.

315 1076 356 1125 ι,
385 1060 452 1115 27
479 1075 491 1112 ε
516 1057 718 1129 Reliyio
741 1056 940 1112 munda
966 1064 1014 1112 et
1039 1057 1381 1112 immaculato
1406 1045 1555 1127 apud
1574 1056 1741 1112 Deum
1765 1062 1817 1112 et
1833 1055 2055 1112 Patrem
2077 1054 2185 1109 hoec
2209 1060 2313 1119 est,

314 1146 534 1203 visitare
559 1147 785 1219 pupillos
807 1153 857 1202 et
883 1144 1071 1201 viduos
1105 1146 1166 1201 in
1194 1146 1541 1202 tribulatione
1568 1138 1771 1211 eorum,
1810 1151 1917 1202 etc.
1950 1144 2029 1202 Ex
2067 1143 2150 1198 his
2180 1158 2313 1215 ergo

315 1244 484 1309 patet,
513 1236 657 1308 quod
683 1234 882 1307 duplex
903 1243 986 1291 est
1014 1234 1292 1305 religionis
1321 1236 1589 1307 acceptio.

383 1327 500 1382 Una
529 1324 828 1380 secundum
872 1324 956 1380 sui
999 1324 1232 1379 nominis
1278 1324 1511 1395 primam
1552 1323 1973 1390 institutionem,
2011 1321 2311 1377 secundum

315 1412 460 1485 quod
490 1411 688 1484 aliquis
723 1412 837 1465 Deo
880 1425 940 1466 se
984 1410 1115 1480 ligat
1160 1426 1256 1483 per
1283 1410 1446 1465 fidem
1494 1411 1560 1465 ad
1600 1410 1843 1466 debitum
1874 1409 2101 1476 cultum,
2137 1414 2192 1463 et
2232 1408 2313 1463 sic

316 1500 545 1572 quilibet
568 1498 890 1555 Christianae
931 1498 1208 1570 religionis
1236 1498 1296 1555 fit
1326 1500 1601 1570 particeps
1627 1496 1681 1553 in
1710 1498 1999 1571 baptismo,
2036 1497 2313 1553 abrenun-

317 1589 461 1645 tians
495 1590 712 1645 Satanae
735 1594 791 1643 et
833 1588 1084 1643 omnibus
1115 1588 1324 1659 pompis
1366 1588 1504 1657 ejus.
1536 1587 1785 1643 Secunda
1814 1592 1974 1657 prout
2014 1586 2211 1657 aliquis
2242 1584 2323 1639 ad.
2402 1605 2406 1609 ·

317 1677 502 1749 aliqua
525 1675 808 1732 charitatis
836 1691 999 1748 opera
1024 1692 1084 1731 se
1112 1674 1335 1745 obligat,
1365 1675 1565 1746 quibus
1591 1673 1902 1747 specialiter
1932 1675 2046 1728 Deo
2072 1673 2311 1729 servitur

318 1764 708 1821 abrenuntians
733 1764 1108 1831 saecularibus,
1125 1770 1179 1819 et
1206 1762 1307 1818 hoc
1331 1764 1493 1818 modo
1519 1761 1795 1833 religionis
1824 1763 2040 1817 nomine
2070 1762 2149 1817 ad‘
2167 1777 2316 1833 prae-

316 1870 444 1911 sens
473 1852 696 1909 utimur.
727 1852 975 1909 Charitas
1015 1858 1198 1911 autem
1226 1847 1349 1908 'Deo
1379 1852 1627 1910 debitum
1657 1852 1980 1923 obsequium
2012 1851 2191 1907 reddit
2221 1868 2315 1907 se-

316 1942 552 2001 cundum
578 1947 732 1997 actus
757 1942 886 1998 vitae
927 1942 1124 1997 activae
1159 1949 1214 1997 et
1257 1940 1701 2013 contemplative.
1740 1940 1800 1995 In
1844 1940 2059 1996 actibus
2090 1940 2311 2021 quidem

318 2031 513 2088 activae
541 2032 671 2087 vitae
695 2022 1058 2087 diversimode
1083 2030 1380 2087 secundum
1410 2030 1625 2086 diversa
1657 2027 1833 2085 officia
1864 2029 2169 2096 charitatis,
2192 2045 2315 2101 quae

317 2120 576 2193 proximis
618 2118 1049 2191 impenduntur:
1081 2126 1137 2173 et
1173 2118 1295 2174 ideo
1325 2130 1453 2174 sunt
1489 2118 1690 2189 aliquae
1718 2116 2008 2189 religiones
2046 2117 2315 2173 institutae

317 2210 384 2265 ad
417 2208 716 2265 vacandum
745 2209 861 2263 Deo
890 2223 986 2280 per
1023 2208 1558 2279 contemplationem,
1591 2208 1735 2263 sicut
1773 2207 1965 2278 religio
2012 2208 2317 2262 monastica

317 2305 374 2353 et
402 2300 682 2355 eremitica
715 2316 728 2352 z
763 2297 961 2369 aliquae
991 2304 1172 2352 autem
1202 2296 1272 2351 ad
1299 2296 1648 2352 serviendum
1684 2298 1797 2351 Deo
1829 2296 1881 2349 in
1912 2296 2170 2350 membris
2201 2296 2319 2350 suis

318 2404 412 2459 per
439 2387 726 2453 actionem,
758 2386 899 2442 sicut
929 2384 1144 2440 illorum
1174 2386 1265 2457 qui
1296 2384 1360 2440 ad
1393 2384 1497 2439 hoc
1528 2386 1638 2440 Deo
1668 2400 1727 2439 se
1764 2384 2039 2450 dedicant,
2066 2390 2129 2438 ut
2159 2383 2317 2439 infir-

319 2491 435 2531 mos
475 2476 795 2546 suscipiant,
840 2476 1089 2546 captivos
1127 2472 1421 2543 redimant,
1471 2479 1526 2527 et
1572 2473 1678 2528 alia
1724 2473 2113 2529 misericordiae
2151 2488 2317 2544 opera

317 2570 678 2637 exequantur.
707 2565 820 2619 Nec
851 2571 932 2619 est
975 2561 1198 2635 aliquod
1241 2577 1376 2635 opus
1404 2560 1793 2617 misericordias
1824 2560 1890 2613 ad
1920 2560 2075 2629 cujus
2115 2576 2319 2615 execu-

321 2654 521 2710 tionem
548 2654 737 2724 religio
764 2652 975 2709 institui
1007 2668 1111 2707 non
1139 2653 1330 2724 possit,
1363 2650 1465 2707 etsi
1495 2664 1599 2705 non
1638 2648 1710 2705 sit
1750 2650 2011 2731 hactenus
2042 2635 2316 2705 instituta.

388 2745 540 2800 Sicut
563 2749 746 2798 autem
771 2740 825 2796 in
859 2741 1126 2813 baptismo
1153 2740 1312 2795 homo
1337 2756 1433 2812 per
1456 2740 1579 2795 fidei
1612 2738 1926 2810 religionem
1951 2738 2063 2792 Deo
2093 2736 2314 2808 ligatur,

319 2839 542 2905 peccato
573 2832 820 2895 moritur,
856 2830 931 2886 ita
963 2848 1056 2902 per
1082 2839 1269 2885 votum
1303 2829 1579 2900 religionis
1608 2844 1715 2883 non
1739 2827 1913 2902 solum
1940 2836 2188 2899 peccate,
2222 2827 2315 2882 sed

317 2920 519 2977 saeculo
548 2919 795 2984 moritur,
834 2924 895 2973 ut
924 2918 1024 2973 soli
1067 2919 1179 2972 Deo
1226 2918 1378 2973 vivat
1421 2919 1475 2971 in
1517 2916 1609 2971 illo
1654 2932 1835 2988 opere,
1870 2916 1925 2971 in
1968 2930 2075 2987 quo
2104 2931 2163 2971 se
2204 2916 2318 2969 Deo

317 3008 755 3063 ministraturum
782 3006 1000 3063 devovit
1033 3007 1156 3061 fidei
1195 3025 1208 3061 :
1242 3008 1382 3078 quia·
1407 3007 1551 3061 sicut
1583 3022 1678 3078 per
1710 3014 1996 3078 peccatum
2022 3005 2135 3060 vita
2171 3004 2325 3058 tolli-·

320 3107 427 3163 tur,
462 3098 535 3151 ita
576 3112 668 3166 per
711 3097 1095 3167 occupationes
1137 3095 1322 3151 saeculi
1365 3096 1564 3149 Christi
1597 3094 1956 3148 ministerium
1997 3093 2315 3163 impeditur,

316 3185 571 3241 secundae
605 3182 672 3240 ad
701 3185 937 3241 Timoth.
971 3201 1035 3252 ιι,
1071 3186 1101 3239 4
1141 3184 1355 3239 :Nemo
1408 3184 1644 3239 militans
1689 3180 1795 3237 Deo
1842 3181 2081 3253 implicat
2124 3196 2177 3234 se
2219 3196 2319 3235 ite-

315 3274 476 3346 ⁴‹yoliis
519 3274 906 3330 soecularibus:
948 3282 1002 3329 et
1048 3273 1171 3329 ideo
1214 3289 1308 3344 per
1349 3272 1624 3343 religionis
1672 3279 1862 3325 votum
1900 3269 2319 3325 abrenuntiatur

319 3362 444 3427 illis,
477 3360 672 3431 quibus
715 3362 982 3417 humanus
1025 3361 1239 3416 animus
1273 3362 1507 3416 maxime
1550 3361 1805 3432 occupari
1848 3359 2151 3423 consuevit,
2185 3363 2240 3412 et
2286 3374 2318 3413 a

318 3449 520 3505 divinis
569 3447 846 3519 obsequiis
894 3449 1164 3521 impediri.
1211 3449 1451 3517 Quorum
1503 3449 1735 3520 primurn
1776 3453 1829 3501 et
1883 3445 2181 3518 principale
2236 3450 2317 3499 est

318 3537 632 3611 conjugium
662 3536 684 3589 Ι
711 3536 776 3590 ad
802 3535 1045 3591 Corinth.
1075 3552 1176 3601 vn,
1211 3540 1276 3592 23
1307 3554 1320 3590 ε
1363 3536 1485 3593 Volo
1509 3544 1682 3591 aulem
1709 3552 1796 3589 vos
1818 3534 1931 3590 sino
1958 3533 2315 3589 sollicitudine

319 3636 440 3685 esse.
478 3624 580 3692 Qui
602 3625 717 3679 sine
746 3640 913 3681 uxore
951 3632 1046 3688 est,
1083 3623 1340 3680 sollicitus
1367 3632 1441 3680 est
1479 3642 1594 3696 quae
1631 3622 1849 3679 Domini
1887 3629 2033 3687 sunt,
2070 3624 2319 3695 quomodo

312 3718 522 3791 placeat
543 3716 648 3771 Deo
672 3715 797 3786 :qui-
817 3721 990 3769 aulem
1015 3730 1130 3769 cum
1158 3730 1324 3768 temore
1343 3722 1438 3779 est,
1460 3714 1713 3776 sollicitus
1738 3720 1813 3769 est
1828 3728 1942 3783 quoe
1965 3720 2087 3769 sunt
2109 3714 2313 3778 mundi,

319 3806 568 3879 quomodo
591 3806 800 3878 placeat
826 3806 1006 3869 umori,
1037 3810 1084 3858 et
1126 3802 1328 3859 divisus
1350 3811 1444 3859 est.
1478 3804 1785 3859 Secundum
1814 3810 1897 3857 est
1928 3802 2195 3877 possessio
2228 3803 2320 3857 di-

319 3893 576 3953 vitiarum
603 3902 962 3952 terrenarum.
993 3893 1184 3951 Manu.
1232 3905 1360 3964 xlii,
1392 3898 1459 3953 22
1489 3912 1503 3951 ε
1544 3891 1849 3950 Sollicitudo
1880 3891 2038 3965 liujus
2064 3891 2242 3950 saeculi
2271 3894 2325 3952 et
