<?xml version="1.0" encoding="UTF-8"?>
<!DOCTYPE html PUBLIC "-//W3C//DTD XHTML 1.0 Transitional//EN"
    "http://www.w3.org/TR/xhtml1/DTD/xhtml1-transitional.dtd">
<html xmlns="http://www.w3.org/1999/xhtml" xml:lang="en" lang="en">
 <head>
  <title>
</title>
<meta http-equiv="Content-Type" content="text/html;charset=utf-8" />
  <meta name='ocr-system' content='tesseract 3.04.00' />
  <meta name='ocr-capabilities' content='ocr_page ocr_carea ocr_par ocr_line ocrx_word'/>
</head>
<body>
  <div class='ocr_page' id='page_1' title='image "./sthomaquinatisd01thomgoog_0174.png"; bbox 0 0 2784 4392; ppageno 0'>
   <div class='ocr_carea' id='block_1_1' title="bbox 445 250 1972 323">
    <p class='ocr_par' dir='ltr' id='par_1_1' title="bbox 445 250 1972 323">
     <span class='ocr_line' id='line_1_1' title="bbox 445 250 1972 323; baseline -0.003 -1"><span class='ocrx_word' id='word_1_1' title='bbox 445 250 566 322; x_wconf 77' lang='lat'>162.</span> <span class='ocrx_word' id='word_1_2' title='bbox 924 270 979 319; x_wconf 82' lang='lat' dir='ltr'>s.</span> <span class='ocrx_word' id='word_1_3' title='bbox 1019 270 1254 321; x_wconf 69' lang='grc' dir='ltr'><strong>τιιοιω</strong></span> <span class='ocrx_word' id='word_1_4' title='bbox 1291 269 1622 323; x_wconf 66' lang='lat' dir='ltr'>sommus</span> <span class='ocrx_word' id='word_1_5' title='bbox 1662 268 1972 319; x_wconf 65' lang='lat' dir='ltr'>ornacum</span> 
     </span>
    </p>
   </div>
   <div class='ocr_carea' id='block_1_2' title="bbox 334 385 2470 3937">
    <p class='ocr_par' dir='ltr' id='par_1_2' title="bbox 445 385 2469 801">
     <span class='ocr_line' id='line_1_2' title="bbox 445 385 2466 451; baseline 0.003 -8"><span class='ocrx_word' id='word_1_6' title='bbox 445 386 636 445; x_wconf 87' lang='lat' dir='ltr'>eadem</span> <span class='ocrx_word' id='word_1_7' title='bbox 677 386 890 449; x_wconf 83' lang='lat' dir='ltr'>ratione</span> <span class='ocrx_word' id='word_1_8' title='bbox 921 388 1086 447; x_wconf 85' lang='lat' dir='ltr'>multi·</span> <span class='ocrx_word' id='word_1_9' title='bbox 1116 387 1302 449; x_wconf 81' lang='lat' dir='ltr'>cleriei</span> <span class='ocrx_word' id='word_1_10' title='bbox 1341 388 1635 447; x_wconf 75' lang='lat' dir='ltr'>soeculares</span> <span class='ocrx_word' id='word_1_11' title='bbox 1674 402 1781 447; x_wconf 86' lang='lat' dir='ltr'>non</span> <span class='ocrx_word' id='word_1_12' title='bbox 1823 386 2089 447; x_wconf 81' lang='lat' dir='ltr'>habentos</span> <span class='ocrx_word' id='word_1_13' title='bbox 2114 400 2308 448; x_wconf 76' lang='lat' dir='ltr'>euram</span> <span class='ocrx_word' id='word_1_14' title='bbox 2338 385 2466 451; x_wconf 73' lang='lat' dir='ltr'>aui·</span> 
     </span>
     <span class='ocr_line' id='line_1_3' title="bbox 449 476 2469 551; baseline 0.001 -18"><span class='ocrx_word' id='word_1_15' title='bbox 449 490 680 545; x_wconf 84' lang='lat' dir='ltr'>marum,</span> <span class='ocrx_word' id='word_1_16' title='bbox 711 480 805 551; x_wconf 85' lang='lat' dir='ltr'>qui</span> <span class='ocrx_word' id='word_1_17' title='bbox 835 478 904 535; x_wconf 89' lang='lat' dir='ltr'>de</span> <span class='ocrx_word' id='word_1_18' title='bbox 929 478 1364 551; x_wconf 66' lang='lat' dir='ltr'>possessionibus</span> <span class='ocrx_word' id='word_1_19' title='bbox 1390 477 1670 545; x_wconf 79' lang='lat' dir='ltr'>Ecclesiae,</span> <span class='ocrx_word' id='word_1_20' title='bbox 1698 492 1823 551; x_wconf 79' lang='lat' dir='ltr'>quae</span> <span class='ocrx_word' id='word_1_21' title='bbox 1851 477 1921 535; x_wconf 88' lang='lat' dir='ltr'>de</span> <span class='ocrx_word' id='word_1_22' title='bbox 1944 476 2309 551; x_wconf 76' lang='lat' dir='ltr'>eleemosynis</span> <span class='ocrx_word' id='word_1_23' title='bbox 2332 491 2469 549; x_wconf 85' lang='lat' dir='ltr'>pro-</span> 
     </span>
     <span class='ocr_line' id='line_1_4' title="bbox 449 564 2465 666; baseline 0.001 -46"><span class='ocrx_word' id='word_1_24' title='bbox 449 566 692 633; x_wconf 88' lang='lat' dir='ltr'>veniunt,</span> <span class='ocrx_word' id='word_1_25' title='bbox 712 568 926 623; x_wconf 86' lang='lat' dir='ltr'>vivunt.</span> <span class='ocrx_word' id='word_1_26' title='bbox 952 568 1096 639; x_wconf 85' lang='lat' dir='ltr'>Ergo</span> <span class='ocrx_word' id='word_1_27' title='bbox 1118 566 1409 623; x_wconf 87' lang='lat' dir='ltr'>ridiculum</span> <span class='ocrx_word' id='word_1_28' title='bbox 1424 572 1507 623; x_wconf 91' lang='lat' dir='ltr'>est</span> <span class='ocrx_word' id='word_1_29' title='bbox 1532 566 1734 632; x_wconf 86' lang='lat' dir='ltr'>dicere,</span> <span class='ocrx_word' id='word_1_30' title='bbox 1761 565 1908 639; x_wconf 90' lang='lat' dir='ltr'>quod</span> <span class='ocrx_word' id='word_1_31' title='bbox 1932 580 2201 666; x_wconf 79' lang='lat' dir='ltr'>pauperes</span> <span class='ocrx_word' id='word_1_32' title='bbox 2220 564 2465 637; x_wconf 79' lang='lat' dir='ltr'>religiosi</span> 
     </span>
     <span class='ocr_line' id='line_1_5' title="bbox 447 653 2467 767; baseline 0.001 -58"><span class='ocrx_word' id='word_1_33' title='bbox 447 668 552 711; x_wconf 90' lang='lat' dir='ltr'>non</span> <span class='ocrx_word' id='word_1_34' title='bbox 589 661 815 727; x_wconf 79' lang='lat' dir='ltr'>possunt</span> <span class='ocrx_word' id='word_1_35' title='bbox 857 655 1102 715; x_wconf 85' lang='lat' dir='ltr'>modicas</span> <span class='ocrx_word' id='word_1_36' title='bbox 1131 655 1507 730; x_wconf 78' lang='lat' dir='ltr'>eleemosynas</span> <span class='ocrx_word' id='word_1_37' title='bbox 1535 655 1798 729; x_wconf 82' lang='lat' dir='ltr'>recipere,</span> <span class='ocrx_word' id='word_1_38' title='bbox 1830 660 1886 715; x_wconf 85' lang='lat' dir='ltr'>et</span> <span class='ocrx_word' id='word_1_39' title='bbox 1919 670 1987 713; x_wconf 84' lang='lat' dir='ltr'>ex</span> <span class='ocrx_word' id='word_1_40' title='bbox 2025 654 2105 713; x_wconf 87' lang='lat' dir='ltr'>eis</span> <span class='ocrx_word' id='word_1_41' title='bbox 2130 654 2251 715; x_wconf 81' lang='lat' dir='ltr'>sine</span> <span class='ocrx_word' id='word_1_42' title='bbox 2278 653 2467 767; x_wconf 78' lang='lat' dir='ltr'>labore</span> 
     </span>
     <span class='ocr_line' id='line_1_6' title="bbox 449 744 1054 801; baseline 0.002 -3"><span class='ocrx_word' id='word_1_43' title='bbox 449 756 706 799; x_wconf 85' lang='lat' dir='ltr'>manuum</span> <span class='ocrx_word' id='word_1_44' title='bbox 735 744 1054 801; x_wconf 84' lang='lat' dir='ltr'>sustentari.</span> 
     </span>
    </p>

    <p class='ocr_par' dir='ltr' id='par_1_3' title="bbox 401 775 2470 2059">
     <span class='ocr_line' id='line_1_7' title="bbox 515 775 2465 907; baseline 0.002 -19"><span class='ocrx_word' id='word_1_45' title='bbox 515 832 674 889; x_wconf 87' lang='lat' dir='ltr'>Item.</span> <span class='ocrx_word' id='word_1_46' title='bbox 713 832 884 904; x_wconf 67' lang='lat' dir='ltr'>uagis</span> <span class='ocrx_word' id='word_1_47' title='bbox 907 831 1304 890; x_wconf 68' lang='lat' dir='ltr'>defraudantur</span> <span class='ocrx_word' id='word_1_48' title='bbox 1338 844 1610 907; x_wconf 79' lang='lat' dir='ltr'>pauperes</span> <span class='ocrx_word' id='word_1_49' title='bbox 1646 830 1873 891; x_wconf 76' lang='lat' dir='ltr'>invalidi</span> <span class='ocrx_word' id='word_1_50' title='bbox 1902 775 1973 890; x_wconf 75' lang='lat' dir='ltr'>acl</span> <span class='ocrx_word' id='word_1_51' title='bbox 2002 829 2385 900; x_wconf 83' lang='lat' dir='ltr'>laborandum,</span> <span class='ocrx_word' id='word_1_52' title='bbox 2416 831 2465 891; x_wconf 87' lang='lat' dir='ltr'>si</span> 
     </span>
     <span class='ocr_line' id='line_1_8' title="bbox 449 919 2467 995; baseline 0.001 -18"><span class='ocrx_word' id='word_1_53' title='bbox 449 919 570 977; x_wconf 87' lang='lat' dir='ltr'>aliis</span> <span class='ocrx_word' id='word_1_54' title='bbox 597 920 762 978; x_wconf 83' lang='lat' dir='ltr'>detur</span> <span class='ocrx_word' id='word_1_55' title='bbox 799 921 853 977; x_wconf 91' lang='lat' dir='ltr'>id</span> <span class='ocrx_word' id='word_1_56' title='bbox 893 922 1039 995; x_wconf 87' lang='lat' dir='ltr'>quod</span> <span class='ocrx_word' id='word_1_57' title='bbox 1068 928 1152 977; x_wconf 81' lang='lat' dir='ltr'>est</span> <span class='ocrx_word' id='word_1_58' title='bbox 1191 920 1441 977; x_wconf 86' lang='lat' dir='ltr'>debitum</span> <span class='ocrx_word' id='word_1_59' title='bbox 1474 926 1560 977; x_wconf 83' lang='lat' dir='ltr'>est</span> <span class='ocrx_word' id='word_1_60' title='bbox 1587 920 2033 989; x_wconf 84' lang='lat' dir='ltr'>determinatum,</span> <span class='ocrx_word' id='word_1_61' title='bbox 2060 935 2227 994; x_wconf 83' lang='lat' dir='ltr'>quam</span> <span class='ocrx_word' id='word_1_62' title='bbox 2268 920 2315 979; x_wconf 84' lang='lat' dir='ltr'>si</span> <span class='ocrx_word' id='word_1_63' title='bbox 2341 919 2467 979; x_wconf 83' lang='lat' dir='ltr'>aliis</span> 
     </span>
     <span class='ocr_line' id='line_1_9' title="bbox 454 1007 2468 1083; baseline 0.004 -20"><span class='ocrx_word' id='word_1_64' title='bbox 454 1008 614 1064; x_wconf 85' lang='lat' dir='ltr'>detur</span> <span class='ocrx_word' id='word_1_65' title='bbox 643 1008 698 1064; x_wconf 87' lang='lat' dir='ltr'>id</span> <span class='ocrx_word' id='word_1_66' title='bbox 723 1010 866 1081; x_wconf 90' lang='lat' dir='ltr'>quod</span> <span class='ocrx_word' id='word_1_67' title='bbox 889 1009 1078 1065; x_wconf 83' lang='lat' dir='ltr'>osteis</span> <span class='ocrx_word' id='word_1_68' title='bbox 1099 1008 1392 1067; x_wconf 84' lang='lat' dir='ltr'>debitum:</span> <span class='ocrx_word' id='word_1_69' title='bbox 1420 1008 1515 1069; x_wconf 83' lang='lat' dir='ltr'>sed</span> <span class='ocrx_word' id='word_1_70' title='bbox 1540 1008 1753 1065; x_wconf 80' lang='lat' dir='ltr'>fructus</span> <span class='ocrx_word' id='word_1_71' title='bbox 1772 1010 2179 1083; x_wconf 81' lang='lat' dir='ltr'>possessionum</span> <span class='ocrx_word' id='word_1_72' title='bbox 2205 1007 2468 1071; x_wconf 74' lang='lat' dir='ltr'>Ecclesiae</span> 
     </span>
     <span class='ocr_line' id='line_1_10' title="bbox 453 1096 2465 1173; baseline 0.001 -22"><span class='ocrx_word' id='word_1_73' title='bbox 453 1102 582 1152; x_wconf 86' lang='lat' dir='ltr'>sunt</span> <span class='ocrx_word' id='word_1_74' title='bbox 609 1096 858 1169; x_wconf 88' lang='lat' dir='ltr'>deputati</span> <span class='ocrx_word' id='word_1_75' title='bbox 884 1098 952 1155; x_wconf 82' lang='lat' dir='ltr'>ad</span> <span class='ocrx_word' id='word_1_76' title='bbox 979 1098 1082 1155; x_wconf 84' lang='lat' dir='ltr'>hoo</span> <span class='ocrx_word' id='word_1_77' title='bbox 1101 1104 1164 1155; x_wconf 86' lang='lat' dir='ltr'>ut</span> <span class='ocrx_word' id='word_1_78' title='bbox 1188 1098 1519 1173; x_wconf 83' lang='lat' dir='ltr'>pauperibus</span> <span class='ocrx_word' id='word_1_79' title='bbox 1542 1098 1765 1169; x_wconf 86' lang='lat' dir='ltr'>dentur,</span> <span class='ocrx_word' id='word_1_80' title='bbox 1782 1106 1843 1155; x_wconf 91' lang='lat' dir='ltr'>ut</span> <span class='ocrx_word' id='word_1_81' title='bbox 1862 1104 2017 1171; x_wconf 84' lang='lat' dir='ltr'>patet</span> <span class='ocrx_word' id='word_1_82' title='bbox 2035 1112 2147 1167; x_wconf 66' lang='grc' dir='ltr'><strong>ιιι,</strong></span> <span class='ocrx_word' id='word_1_83' title='bbox 2178 1103 2381 1171; x_wconf 76' lang='lat' dir='ltr'>quaest.</span> <span class='ocrx_word' id='word_1_84' title='bbox 2410 1100 2465 1165; x_wconf 76' lang='grc'>4,</span> 
     </span>
     <span class='ocr_line' id='line_1_11' title="bbox 452 1184 2465 1261; baseline 0.002 -21"><span class='ocrx_word' id='word_1_85' title='bbox 452 1200 573 1258; x_wconf 86' lang='lat' dir='ltr'>cap.</span> <span class='ocrx_word' id='word_1_86' title='bbox 627 1184 889 1243; x_wconf 77' lang='lat' dir='ltr'>Videntes.</span> <span class='ocrx_word' id='word_1_87' title='bbox 925 1187 1082 1244; x_wconf 86' lang='lat' dir='ltr'>Unde</span> <span class='ocrx_word' id='word_1_88' title='bbox 1133 1186 1354 1255; x_wconf 88' lang='lat' dir='ltr'>dicitur,</span> <span class='ocrx_word' id='word_1_89' title='bbox 1385 1190 1443 1245; x_wconf 72' lang='grc'>4.</span> <span class='ocrx_word' id='word_1_90' title='bbox 1482 1193 1681 1260; x_wconf 74' lang='lat' dir='ltr'>quoest.</span> <span class='ocrx_word' id='word_1_91' title='bbox 1713 1191 1765 1253; x_wconf 71' lang='grc' dir='ltr'>Ξ,</span> <span class='ocrx_word' id='word_1_92' title='bbox 1798 1202 1922 1261; x_wconf 84' lang='lat' dir='ltr'>cap.</span> <span class='ocrx_word' id='word_1_93' title='bbox 1954 1186 2215 1253; x_wconf 73' lang='lat' dir='ltr'>Clericus,</span> <span class='ocrx_word' id='word_1_94' title='bbox 2244 1194 2302 1243; x_wconf 85' lang='lat' dir='ltr'>ot</span> <span class='ocrx_word' id='word_1_95' title='bbox 2338 1202 2465 1260; x_wconf 84' lang='lat' dir='ltr'>cap.</span> 
     </span>
     <span class='ocr_line' id='line_1_12' title="bbox 450 1273 2465 1351; baseline 0 -22"><span class='ocrx_word' id='word_1_96' title='bbox 450 1273 508 1329; x_wconf 79' lang='lat' dir='ltr'>Si</span> <span class='ocrx_word' id='word_1_97' title='bbox 537 1274 676 1347; x_wconf 77' lang='lat' dir='ltr'>quis,</span> <span class='ocrx_word' id='word_1_98' title='bbox 701 1276 848 1348; x_wconf 87' lang='lat' dir='ltr'>quod</span> <span class='ocrx_word' id='word_1_99' title='bbox 889 1295 915 1329; x_wconf 78' lang='grc' dir='ltr'><strong><em>α</em></strong></span> <span class='ocrx_word' id='word_1_100' title='bbox 945 1275 1131 1333; x_wconf 86' lang='lat' dir='ltr'>clerici</span> <span class='ocrx_word' id='word_1_101' title='bbox 1162 1277 1258 1351; x_wconf 87' lang='lat' dir='ltr'>qui</span> <span class='ocrx_word' id='word_1_102' title='bbox 1286 1276 1355 1333; x_wconf 81' lang='lat' dir='ltr'>de</span> <span class='ocrx_word' id='word_1_103' title='bbox 1382 1276 1541 1333; x_wconf 87' lang='lat' dir='ltr'>bonis</span> <span class='ocrx_word' id='word_1_104' title='bbox 1567 1282 1857 1350; x_wconf 85' lang='lat' dir='ltr'>parentum</span> <span class='ocrx_word' id='word_1_105' title='bbox 1885 1276 2183 1334; x_wconf 83' lang='lat' dir='ltr'>sustentari</span> <span class='ocrx_word' id='word_1_106' title='bbox 2211 1281 2465 1349; x_wconf 75' lang='lat' dir='ltr'>possunt,</span> 
     </span>
     <span class='ocr_line' id='line_1_13' title="bbox 453 1365 2469 1439; baseline 0 -20"><span class='ocrx_word' id='word_1_107' title='bbox 453 1378 558 1419; x_wconf 90' lang='lat' dir='ltr'>non</span> <span class='ocrx_word' id='word_1_108' title='bbox 588 1372 814 1436; x_wconf 79' lang='lat' dir='ltr'>possunt</span> <span class='ocrx_word' id='word_1_109' title='bbox 843 1366 959 1423; x_wconf 86' lang='lat' dir='ltr'>sine</span> <span class='ocrx_word' id='word_1_110' title='bbox 989 1372 1214 1439; x_wconf 87' lang='lat' dir='ltr'>peccato</span> <span class='ocrx_word' id='word_1_111' title='bbox 1243 1382 1372 1423; x_wconf 85' lang='lat' dir='ltr'>vere</span> <span class='ocrx_word' id='word_1_112' title='bbox 1414 1365 1484 1423; x_wconf 87' lang='lat' dir='ltr'>de</span> <span class='ocrx_word' id='word_1_113' title='bbox 1520 1366 1678 1423; x_wconf 82' lang='lat' dir='ltr'>honis</span> <span class='ocrx_word' id='word_1_114' title='bbox 1704 1365 1981 1435; x_wconf 76' lang='lat' dir='ltr'>Ecclesiae,</span> <span class='ocrx_word' id='word_1_115' title='bbox 2014 1366 2158 1423; x_wconf 88' lang='lat' dir='ltr'>unde</span> <span class='ocrx_word' id='word_1_116' title='bbox 2198 1379 2469 1439; x_wconf 80' lang='lat' dir='ltr'>pauperes</span> 
     </span>
     <span class='ocr_line' id='line_1_14' title="bbox 453 1454 2465 1529; baseline 0.002 -22"><span class='ocrx_word' id='word_1_117' title='bbox 453 1459 580 1509; x_wconf 85' lang='lat' dir='ltr'>sunt</span> <span class='ocrx_word' id='word_1_118' title='bbox 608 1454 803 1512; x_wconf 78' lang='lat' dir='ltr'>victuri</span> <span class='ocrx_word' id='word_1_119' title='bbox 846 1470 860 1512; x_wconf 77' lang='grc' dir='ltr'>ι</span> <span class='ocrx_word' id='word_1_120' title='bbox 903 1474 930 1509; x_wconf 71' lang='lat' dir='ltr'>a</span> <span class='ocrx_word' id='word_1_121' title='bbox 963 1469 1093 1529; x_wconf 87' lang='lat' dir='ltr'>orgo</span> <span class='ocrx_word' id='word_1_122' title='bbox 1123 1455 1296 1527; x_wconf 77' lang='lat' dir='ltr'>magis</span> <span class='ocrx_word' id='word_1_123' title='bbox 1331 1455 1548 1513; x_wconf 81' lang='lat' dir='ltr'>videtur</span> <span class='ocrx_word' id='word_1_124' title='bbox 1580 1455 1726 1529; x_wconf 86' lang='lat' dir='ltr'>quod</span> <span class='ocrx_word' id='word_1_125' title='bbox 1756 1454 2147 1513; x_wconf 82' lang='lat' dir='ltr'>defraudentur</span> <span class='ocrx_word' id='word_1_126' title='bbox 2174 1470 2465 1527; x_wconf 86' lang='lat' dir='ltr'>pauperes,</span> 
     </span>
     <span class='ocr_line' id='line_1_15' title="bbox 453 1542 2470 1617; baseline 0.003 -22"><span class='ocrx_word' id='word_1_127' title='bbox 453 1542 498 1596; x_wconf 89' lang='lat' dir='ltr'>si</span> <span class='ocrx_word' id='word_1_128' title='bbox 527 1542 696 1617; x_wconf 87' lang='lat' dir='ltr'>aliqui</span> <span class='ocrx_word' id='word_1_129' title='bbox 727 1558 834 1599; x_wconf 89' lang='lat' dir='ltr'>non</span> <span class='ocrx_word' id='word_1_130' title='bbox 860 1543 1170 1605; x_wconf 77' lang='lat' dir='ltr'>laborantes</span> <span class='ocrx_word' id='word_1_131' title='bbox 1198 1543 1468 1609; x_wconf 88' lang='lat' dir='ltr'>manibus,</span> <span class='ocrx_word' id='word_1_132' title='bbox 1500 1560 1627 1603; x_wconf 89' lang='lat' dir='ltr'>cum</span> <span class='ocrx_word' id='word_1_133' title='bbox 1659 1544 1771 1601; x_wconf 82' lang='lat' dir='ltr'>sint</span> <span class='ocrx_word' id='word_1_134' title='bbox 1794 1542 1983 1611; x_wconf 81' lang='lat' dir='ltr'>validi,</span> <span class='ocrx_word' id='word_1_135' title='bbox 2010 1543 2077 1599; x_wconf 84' lang='lat' dir='ltr'>de</span> <span class='ocrx_word' id='word_1_136' title='bbox 2102 1543 2470 1617; x_wconf 82' lang='lat' dir='ltr'>possessioni·</span> 
     </span>
     <span class='ocr_line' id='line_1_16' title="bbox 454 1629 2469 1709; baseline 0.004 -24"><span class='ocrx_word' id='word_1_137' title='bbox 454 1631 555 1687; x_wconf 86' lang='lat' dir='ltr'>bus</span> <span class='ocrx_word' id='word_1_138' title='bbox 581 1632 842 1690; x_wconf 83' lang='lat' dir='ltr'>Ecclesiae</span> <span class='ocrx_word' id='word_1_139' title='bbox 872 1634 1078 1701; x_wconf 85' lang='lat' dir='ltr'>vivant,</span> <span class='ocrx_word' id='word_1_140' title='bbox 1107 1650 1274 1709; x_wconf 90' lang='lat' dir='ltr'>quam</span> <span class='ocrx_word' id='word_1_141' title='bbox 1301 1629 1347 1689; x_wconf 89' lang='lat' dir='ltr'>si</span> <span class='ocrx_word' id='word_1_142' title='bbox 1380 1633 1569 1690; x_wconf 80' lang='lat' dir='ltr'>vivant</span> <span class='ocrx_word' id='word_1_143' title='bbox 1597 1648 1864 1707; x_wconf 74' lang='lat' dir='ltr'>pauperos</span> <span class='ocrx_word' id='word_1_144' title='bbox 1892 1631 2091 1689; x_wconf 80' lang='lat' dir='ltr'>Christi</span> <span class='ocrx_word' id='word_1_145' title='bbox 2120 1632 2191 1689; x_wconf 83' lang='lat' dir='ltr'>de</span> <span class='ocrx_word' id='word_1_146' title='bbox 2219 1631 2306 1689; x_wconf 86' lang='lat' dir='ltr'>his</span> <span class='ocrx_word' id='word_1_147' title='bbox 2342 1647 2469 1705; x_wconf 78' lang='lat' dir='ltr'>quoe</span> 
     </span>
     <span class='ocr_line' id='line_1_17' title="bbox 455 1718 2469 1797; baseline 0 -21"><span class='ocrx_word' id='word_1_148' title='bbox 455 1735 486 1776; x_wconf 89' lang='lat' dir='ltr'>a</span> <span class='ocrx_word' id='word_1_149' title='bbox 516 1720 764 1777; x_wconf 85' lang='lat' dir='ltr'>fidelibus</span> <span class='ocrx_word' id='word_1_150' title='bbox 791 1723 1093 1781; x_wconf 78' lang='lat' dir='ltr'>offeruntur</span> <span class='ocrx_word' id='word_1_151' title='bbox 1121 1722 1189 1778; x_wconf 79' lang='lat' dir='ltr'>de</span> <span class='ocrx_word' id='word_1_152' title='bbox 1213 1718 1369 1781; x_wconf 81' lang='lat' dir='ltr'>bonis</span> <span class='ocrx_word' id='word_1_153' title='bbox 1400 1721 1654 1797; x_wconf 79' lang='lat' dir='ltr'>propriis,</span> <span class='ocrx_word' id='word_1_154' title='bbox 1690 1736 1816 1797; x_wconf 81' lang='lat' dir='ltr'>quae</span> <span class='ocrx_word' id='word_1_155' title='bbox 1847 1720 2175 1793; x_wconf 86' lang='lat' dir='ltr'>pauperibus</span> <span class='ocrx_word' id='word_1_156' title='bbox 2202 1736 2315 1779; x_wconf 88' lang='lat' dir='ltr'>non</span> <span class='ocrx_word' id='word_1_157' title='bbox 2340 1728 2469 1782; x_wconf 83' lang='lat' dir='ltr'>sunt</span> 
     </span>
     <span class='ocr_line' id='line_1_18' title="bbox 455 1806 2469 1883; baseline 0.005 -22"><span class='ocrx_word' id='word_1_158' title='bbox 455 1806 738 1877; x_wconf 85' lang='lat' dir='ltr'>deputata.</span> <span class='ocrx_word' id='word_1_159' title='bbox 795 1810 850 1866; x_wconf 84' lang='lat' dir='ltr'>Si</span> <span class='ocrx_word' id='word_1_160' title='bbox 893 1825 1022 1881; x_wconf 82' lang='lat' dir='ltr'>ergo</span> <span class='ocrx_word' id='word_1_161' title='bbox 1058 1810 1218 1883; x_wconf 85' lang='lat' dir='ltr'>primi</span> <span class='ocrx_word' id='word_1_162' title='bbox 1254 1826 1522 1883; x_wconf 86' lang='lat' dir='ltr'>pauperes</span> <span class='ocrx_word' id='word_1_163' title='bbox 1549 1825 1656 1867; x_wconf 88' lang='lat' dir='ltr'>non</span> <span class='ocrx_word' id='word_1_164' title='bbox 1695 1810 2037 1876; x_wconf 75' lang='lat' dir='ltr'>defraudant,</span> <span class='ocrx_word' id='word_1_165' title='bbox 2076 1808 2247 1869; x_wconf 85' lang='lat' dir='ltr'>multo</span> <span class='ocrx_word' id='word_1_166' title='bbox 2285 1810 2469 1871; x_wconf 61' lang='lat' dir='ltr'>minus</span> 
     </span>
     <span class='ocr_line' id='line_1_19' title="bbox 455 1896 2467 1999; baseline 0.002 -46"><span class='ocrx_word' id='word_1_167' title='bbox 455 1911 557 1953; x_wconf 87' lang='lat' dir='ltr'>nec</span> <span class='ocrx_word' id='word_1_168' title='bbox 581 1896 826 1953; x_wconf 84' lang='lat' dir='ltr'>secundi.</span> <span class='ocrx_word' id='word_1_169' title='bbox 863 1898 944 1955; x_wconf 86' lang='lat' dir='ltr'>Ad</span> <span class='ocrx_word' id='word_1_170' title='bbox 975 1898 1079 1954; x_wconf 87' lang='lat' dir='ltr'>hoo</span> <span class='ocrx_word' id='word_1_171' title='bbox 1114 1898 1282 1955; x_wconf 84' lang='lat' dir='ltr'>etiam</span> <span class='ocrx_word' id='word_1_172' title='bbox 1311 1898 1519 1956; x_wconf 80' lang='lat' dir='ltr'>faciunt</span> <span class='ocrx_word' id='word_1_173' title='bbox 1550 1899 1721 1961; x_wconf 84' lang='lat' dir='ltr'>multa</span> <span class='ocrx_word' id='word_1_174' title='bbox 1744 1914 1871 1973; x_wconf 83' lang='lat' dir='ltr'>quae</span> <span class='ocrx_word' id='word_1_175' title='bbox 1896 1898 2211 1973; x_wconf 87' lang='lat' dir='ltr'>supradicta</span> <span class='ocrx_word' id='word_1_176' title='bbox 2240 1906 2369 1999; x_wconf 76' lang='lat' dir='ltr'>sunt</span> <span class='ocrx_word' id='word_1_177' title='bbox 2412 1900 2467 1959; x_wconf 88' lang='lat' dir='ltr'>in</span> 
     </span>
     <span class='ocr_line' id='line_1_20' title="bbox 401 1978 1469 2059; baseline 0.004 -18"><span class='ocrx_word' id='word_1_178' title='bbox 401 1978 406 1983; x_wconf 77' lang='grc'><em>’</em></span> <span class='ocrx_word' id='word_1_179' title='bbox 458 1991 698 2041; x_wconf 86' lang='lat' dir='ltr'>tractatu</span> <span class='ocrx_word' id='word_1_180' title='bbox 725 1987 794 2043; x_wconf 89' lang='lat' dir='ltr'>de</span> <span class='ocrx_word' id='word_1_181' title='bbox 821 1986 1078 2059; x_wconf 87' lang='lat' dir='ltr'>operibus</span> <span class='ocrx_word' id='word_1_182' title='bbox 1101 1987 1469 2045; x_wconf 73' lang='lat' dir='ltr'>manualibus.</span> 
     </span>
    </p>

    <p class='ocr_par' dir='ltr' id='par_1_4' title="bbox 455 2074 2470 3391">
     <span class='ocr_line' id='line_1_21' title="bbox 526 2074 2463 2150; baseline 0.003 -21"><span class='ocrx_word' id='word_1_183' title='bbox 526 2074 684 2136; x_wconf 88' lang='lat' dir='ltr'>Nunc</span> <span class='ocrx_word' id='word_1_184' title='bbox 729 2074 968 2132; x_wconf 87' lang='lat' dir='ltr'>seeundo</span> <span class='ocrx_word' id='word_1_185' title='bbox 1013 2075 1412 2136; x_wconf 87' lang='lat' dir='ltr'>ostendendum</span> <span class='ocrx_word' id='word_1_186' title='bbox 1472 2083 1575 2144; x_wconf 82' lang='lat' dir='ltr'>est,</span> <span class='ocrx_word' id='word_1_187' title='bbox 1640 2076 1785 2150; x_wconf 83' lang='lat' dir='ltr'>quod</span> <span class='ocrx_word' id='word_1_188' title='bbox 1839 2076 2007 2133; x_wconf 86' lang='lat' dir='ltr'>etiam</span> <span class='ocrx_word' id='word_1_189' title='bbox 2051 2076 2463 2150; x_wconf 81' lang='lat' dir='ltr'>praedieatores.</span> 
     </span>
     <span class='ocr_line' id='line_1_22' title="bbox 455 2163 2470 2239; baseline 0.003 -22"><span class='ocrx_word' id='word_1_190' title='bbox 455 2163 707 2235; x_wconf 87' lang='lat' dir='ltr'>quamvls</span> <span class='ocrx_word' id='word_1_191' title='bbox 734 2178 844 2221; x_wconf 89' lang='lat' dir='ltr'>non</span> <span class='ocrx_word' id='word_1_192' title='bbox 876 2163 983 2221; x_wconf 86' lang='lat' dir='ltr'>sint</span> <span class='ocrx_word' id='word_1_193' title='bbox 1011 2164 1242 2239; x_wconf 78' lang='lat' dir='ltr'>praelati,</span> <span class='ocrx_word' id='word_1_194' title='bbox 1275 2171 1503 2239; x_wconf 79' lang='lat' dir='ltr'>possunt</span> <span class='ocrx_word' id='word_1_195' title='bbox 1533 2166 1785 2239; x_wconf 80' lang='lat' dir='ltr'>accipere</span> <span class='ocrx_word' id='word_1_196' title='bbox 1810 2164 1879 2223; x_wconf 84' lang='lat' dir='ltr'>ab</span> <span class='ocrx_word' id='word_1_197' title='bbox 1904 2164 2009 2221; x_wconf 84' lang='lat' dir='ltr'>illis</span> <span class='ocrx_word' id='word_1_198' title='bbox 2034 2164 2233 2239; x_wconf 86' lang='lat' dir='ltr'>quibus</span> <span class='ocrx_word' id='word_1_199' title='bbox 2262 2166 2470 2239; x_wconf 82' lang='lat' dir='ltr'>praedi-</span> 
     </span>
     <span class='ocr_line' id='line_1_23' title="bbox 456 2251 2467 2329; baseline 0.003 -20"><span class='ocrx_word' id='word_1_200' title='bbox 456 2258 585 2309; x_wconf 84' lang='lat' dir='ltr'>cant</span> <span class='ocrx_word' id='word_1_201' title='bbox 604 2251 978 2329; x_wconf 80' lang='lat' dir='ltr'>eleemosynas</span> <span class='ocrx_word' id='word_1_202' title='bbox 999 2254 1140 2310; x_wconf 88' lang='lat' dir='ltr'>unde</span> <span class='ocrx_word' id='word_1_203' title='bbox 1164 2254 1372 2311; x_wconf 82' lang='lat' dir='ltr'>vivant.</span> <span class='ocrx_word' id='word_1_204' title='bbox 1398 2253 1690 2327; x_wconf 79' lang='lat' dir='ltr'>Apostolus</span> <span class='ocrx_word' id='word_1_205' title='bbox 1712 2254 1857 2311; x_wconf 88' lang='lat' dir='ltr'>enim</span> <span class='ocrx_word' id='word_1_206' title='bbox 1898 2253 2033 2310; x_wconf 87' lang='lat' dir='ltr'>dicit</span> <span class='ocrx_word' id='word_1_207' title='bbox 2066 2256 2089 2312; x_wconf 90' lang='lat'>1</span> <span class='ocrx_word' id='word_1_208' title='bbox 2118 2256 2245 2311; x_wconf 86' lang='lat' dir='ltr'>Cor.</span> <span class='ocrx_word' id='word_1_209' title='bbox 2278 2271 2362 2323; x_wconf 76' lang='lat' dir='ltr'>rx,</span> <span class='ocrx_word' id='word_1_210' title='bbox 2391 2258 2426 2315; x_wconf 79' lang='lat'><em>7</em></span> <span class='ocrx_word' id='word_1_211' title='bbox 2452 2274 2467 2315; x_wconf 73' lang='lat' dir='ltr'>t</span> 
     </span>
     <span class='ocr_line' id='line_1_24' title="bbox 461 2339 2470 2417; baseline 0.004 -22"><span class='ocrx_word' id='word_1_212' title='bbox 461 2339 592 2404; x_wconf 74' lang='lat' dir='ltr'>Quis</span> <span class='ocrx_word' id='word_1_213' title='bbox 630 2340 830 2399; x_wconf 80' lang='lat' dir='ltr'>militat</span> <span class='ocrx_word' id='word_1_214' title='bbox 857 2342 968 2399; x_wconf 75' lang='lat' dir='ltr'>suis</span> <span class='ocrx_word' id='word_1_215' title='bbox 1007 2342 1286 2415; x_wconf 73' lang='lat' dir='ltr'>stipendiis</span> <span class='ocrx_word' id='word_1_216' title='bbox 1322 2342 1604 2417; x_wconf 73' lang='lat' dir='ltr'>unquam?</span> <span class='ocrx_word' id='word_1_217' title='bbox 1650 2342 1777 2408; x_wconf 76' lang='lat' dir='ltr'>Quis</span> <span class='ocrx_word' id='word_1_218' title='bbox 1798 2342 2015 2413; x_wconf 78' lang='lat' dir='ltr'>plantat</span> <span class='ocrx_word' id='word_1_219' title='bbox 2052 2342 2284 2409; x_wconf 80' lang='lat' dir='ltr'>vineam,</span> <span class='ocrx_word' id='word_1_220' title='bbox 2315 2351 2364 2401; x_wconf 83' lang='lat' dir='ltr'>et</span> <span class='ocrx_word' id='word_1_221' title='bbox 2408 2345 2470 2404; x_wconf 75' lang='lat' dir='ltr'>ds</span> 
     </span>
     <span class='ocr_line' id='line_1_25' title="bbox 456 2428 2470 2505; baseline 0.003 -22"><span class='ocrx_word' id='word_1_222' title='bbox 456 2428 647 2501; x_wconf 77' lang='lat' dir='ltr'>fructu</span> <span class='ocrx_word' id='word_1_223' title='bbox 682 2430 796 2503; x_wconf 78' lang='lat' dir='ltr'>ejus</span> <span class='ocrx_word' id='word_1_224' title='bbox 840 2447 947 2487; x_wconf 80' lang='lat' dir='ltr'>non</span> <span class='ocrx_word' id='word_1_225' title='bbox 975 2431 1131 2488; x_wconf 77' lang='lat' dir='ltr'>edit?</span> <span class='ocrx_word' id='word_1_226' title='bbox 1161 2432 1289 2497; x_wconf 79' lang='lat' dir='ltr'>Quis</span> <span class='ocrx_word' id='word_1_227' title='bbox 1329 2432 1505 2505; x_wconf 77' lang='lat' dir='ltr'>pascit</span> <span class='ocrx_word' id='word_1_228' title='bbox 1548 2447 1775 2503; x_wconf 65' lang='lat' dir='ltr'>prepara,</span> <span class='ocrx_word' id='word_1_229' title='bbox 1821 2437 1871 2486; x_wconf 81' lang='lat' dir='ltr'>et</span> <span class='ocrx_word' id='word_1_230' title='bbox 1899 2430 1961 2485; x_wconf 77' lang='lat' dir='ltr'>de</span> <span class='ocrx_word' id='word_1_231' title='bbox 1988 2431 2119 2488; x_wconf 78' lang='lat' dir='ltr'>lacte</span> <span class='ocrx_word' id='word_1_232' title='bbox 2156 2432 2339 2503; x_wconf 72' lang='lat' dir='ltr'>yrayis</span> <span class='ocrx_word' id='word_1_233' title='bbox 2365 2450 2470 2491; x_wconf 77' lang='lat' dir='ltr'>non</span> 
     </span>
     <span class='ocr_line' id='line_1_26' title="bbox 455 2516 2467 2595; baseline 0.002 -22"><span class='ocrx_word' id='word_1_234' title='bbox 455 2518 787 2575; x_wconf 76' lang='lat' dir='ltr'>manducat?</span> <span class='ocrx_word' id='word_1_235' title='bbox 827 2520 963 2590; x_wconf 74' lang='lat' dir='ltr'>Qu·</span> <span class='ocrx_word' id='word_1_236' title='bbox 1004 2521 1271 2577; x_wconf 63' lang='lat' dir='ltr'>omniwet</span> <span class='ocrx_word' id='word_1_237' title='bbox 1296 2520 1453 2595; x_wconf 88' lang='lat' dir='ltr'>plura</span> <span class='ocrx_word' id='word_1_238' title='bbox 1484 2516 1591 2577; x_wconf 86' lang='lat' dir='ltr'>alia</span> <span class='ocrx_word' id='word_1_239' title='bbox 1630 2518 1875 2591; x_wconf 84' lang='lat' dir='ltr'>exempla</span> <span class='ocrx_word' id='word_1_240' title='bbox 1910 2518 2141 2593; x_wconf 74' lang='lat' dir='ltr'>inducit,</span> <span class='ocrx_word' id='word_1_241' title='bbox 2174 2526 2233 2573; x_wconf 88' lang='lat' dir='ltr'>ut</span> <span class='ocrx_word' id='word_1_242' title='bbox 2271 2520 2467 2578; x_wconf 85' lang='lat' dir='ltr'>Glossa</span> 
     </span>
     <span class='ocr_line' id='line_1_27' title="bbox 457 2607 2468 2681; baseline -0 -19"><span class='ocrx_word' id='word_1_243' title='bbox 457 2607 610 2674; x_wconf 86' lang='lat' dir='ltr'>dicit,</span> <span class='ocrx_word' id='word_1_244' title='bbox 653 2610 720 2664; x_wconf 89' lang='lat' dir='ltr'>ad</span> <span class='ocrx_word' id='word_1_245' title='bbox 752 2607 1147 2665; x_wconf 87' lang='lat' dir='ltr'>ostendendum</span> <span class='ocrx_word' id='word_1_246' title='bbox 1176 2608 1321 2681; x_wconf 85' lang='lat' dir='ltr'>quod</span> <span class='ocrx_word' id='word_1_247' title='bbox 1353 2608 1599 2681; x_wconf 81' lang='lat' dir='ltr'>Apostoli</span> <span class='ocrx_word' id='word_1_248' title='bbox 1630 2624 1735 2665; x_wconf 91' lang='lat' dir='ltr'>non</span> <span class='ocrx_word' id='word_1_249' title='bbox 1766 2608 1867 2663; x_wconf 86' lang='lat' dir='ltr'>sibi</span> <span class='ocrx_word' id='word_1_250' title='bbox 1895 2607 2101 2679; x_wconf 85' lang='lat' dir='ltr'>aliquid</span> <span class='ocrx_word' id='word_1_251' title='bbox 2132 2607 2277 2664; x_wconf 81' lang='lat' dir='ltr'>ultra</span> <span class='ocrx_word' id='word_1_252' title='bbox 2308 2610 2468 2667; x_wconf 44' lang='lat' dir='ltr'>debis</span> 
     </span>
     <span class='ocr_line' id='line_1_28' title="bbox 459 2695 2469 2775; baseline 0.004 -25"><span class='ocrx_word' id='word_1_253' title='bbox 459 2702 575 2750; x_wconf 90' lang='lat' dir='ltr'>tum</span> <span class='ocrx_word' id='word_1_254' title='bbox 617 2702 899 2768; x_wconf 83' lang='lat' dir='ltr'>usurpant,</span> <span class='ocrx_word' id='word_1_255' title='bbox 928 2698 973 2752; x_wconf 87' lang='lat' dir='ltr'>si</span> <span class='ocrx_word' id='word_1_256' title='bbox 999 2696 1144 2753; x_wconf 87' lang='lat' dir='ltr'>sicut</span> <span class='ocrx_word' id='word_1_257' title='bbox 1172 2697 1435 2775; x_wconf 77' lang='lat' dir='ltr'>Dominus</span> <span class='ocrx_word' id='word_1_258' title='bbox 1463 2698 1768 2763; x_wconf 84' lang='lat' dir='ltr'>constituit,</span> <span class='ocrx_word' id='word_1_259' title='bbox 1801 2712 1869 2753; x_wconf 83' lang='lat' dir='ltr'>ex</span> <span class='ocrx_word' id='word_1_260' title='bbox 1898 2695 2191 2767; x_wconf 78' lang='lat' dir='ltr'>Evangelio</span> <span class='ocrx_word' id='word_1_261' title='bbox 2214 2698 2469 2759; x_wconf 74' lang='lat' dir='ltr'>viventes</span> 
     </span>
     <span class='ocr_line' id='line_1_29' title="bbox 457 2784 2469 2857; baseline 0.002 -21"><span class='ocrx_word' id='word_1_262' title='bbox 457 2798 651 2855; x_wconf 85' lang='lat' dir='ltr'>panem</span> <span class='ocrx_word' id='word_1_263' title='bbox 695 2785 993 2855; x_wconf 84' lang='lat' dir='ltr'>gratuitum</span> <span class='ocrx_word' id='word_1_264' title='bbox 1028 2784 1429 2843; x_wconf 80' lang='lat' dir='ltr'>manducabant</span> <span class='ocrx_word' id='word_1_265' title='bbox 1477 2785 1545 2842; x_wconf 90' lang='lat' dir='ltr'>ab</span> <span class='ocrx_word' id='word_1_266' title='bbox 1578 2786 1657 2841; x_wconf 89' lang='lat' dir='ltr'>eis</span> <span class='ocrx_word' id='word_1_267' title='bbox 1686 2791 1983 2857; x_wconf 81' lang='lat' dir='ltr'>sumptum,</span> <span class='ocrx_word' id='word_1_268' title='bbox 2022 2784 2223 2857; x_wconf 90' lang='lat' dir='ltr'>quibus</span> <span class='ocrx_word' id='word_1_269' title='bbox 2251 2788 2469 2857; x_wconf 47' lang='lat' dir='ltr'>gestui*-</span> 
     </span>
     <span class='ocr_line' id='line_1_30' title="bbox 457 2873 2469 2948; baseline 0.005 -22"><span class='ocrx_word' id='word_1_270' title='bbox 457 2877 572 2926; x_wconf 85' lang='lat' dir='ltr'>tam</span> <span class='ocrx_word' id='word_1_271' title='bbox 610 2873 841 2943; x_wconf 79' lang='lat' dir='ltr'>gratiam</span> <span class='ocrx_word' id='word_1_272' title='bbox 891 2874 1294 2944; x_wconf 75' lang='lat' dir='ltr'>praedicabant3</span> <span class='ocrx_word' id='word_1_273' title='bbox 1341 2875 1434 2931; x_wconf 86' lang='lat' dir='ltr'>sed</span> <span class='ocrx_word' id='word_1_274' title='bbox 1479 2881 1694 2931; x_wconf 86' lang='lat' dir='ltr'>constat</span> <span class='ocrx_word' id='word_1_275' title='bbox 1720 2874 1864 2948; x_wconf 87' lang='lat' dir='ltr'>quod</span> <span class='ocrx_word' id='word_1_276' title='bbox 1915 2874 2073 2929; x_wconf 88' lang='lat' dir='ltr'>militi</span> <span class='ocrx_word' id='word_1_277' title='bbox 2122 2874 2371 2945; x_wconf 79' lang='lat' dir='ltr'>cuilibet,</span> <span class='ocrx_word' id='word_1_278' title='bbox 2414 2885 2469 2936; x_wconf 80' lang='lat' dir='ltr'>et</span> 
     </span>
     <span class='ocr_line' id='line_1_31' title="bbox 457 2950 2469 3038; baseline 0.004 -23"><span class='ocrx_word' id='word_1_279' title='bbox 457 2958 751 3033; x_wconf 84' lang='lat' dir='ltr'>plantatori</span> <span class='ocrx_word' id='word_1_280' title='bbox 795 2962 990 3028; x_wconf 60' lang='lat' dir='ltr'>vineae,</span> <span class='ocrx_word' id='word_1_281' title='bbox 1042 2971 1096 3021; x_wconf 88' lang='lat' dir='ltr'>et</span> <span class='ocrx_word' id='word_1_282' title='bbox 1125 2964 1328 3037; x_wconf 85' lang='lat' dir='ltr'>pastori</span> <span class='ocrx_word' id='word_1_283' title='bbox 1373 2964 1554 3037; x_wconf 85' lang='lat' dir='ltr'>gregis</span> <span class='ocrx_word' id='word_1_284' title='bbox 1584 2950 1813 3020; x_wconf 81' lang='lat' dir='ltr'>debetur</span> <span class='ocrx_word' id='word_1_285' title='bbox 1841 2964 2019 3019; x_wconf 82' lang='lat' dir='ltr'>victus</span> <span class='ocrx_word' id='word_1_286' title='bbox 2056 2978 2123 3019; x_wconf 85' lang='lat' dir='ltr'>ex</span> <span class='ocrx_word' id='word_1_287' title='bbox 2159 2979 2261 3019; x_wconf 89' lang='lat' dir='ltr'>suo</span> <span class='ocrx_word' id='word_1_288' title='bbox 2304 2981 2469 3038; x_wconf 87' lang='lat' dir='ltr'>opere</span> 
     </span>
     <span class='ocr_line' id='line_1_32' title="bbox 459 3049 2465 3125; baseline 0.004 -22"><span class='ocrx_word' id='word_1_289' title='bbox 459 3056 680 3123; x_wconf 87' lang='lat' dir='ltr'>propter</span> <span class='ocrx_word' id='word_1_290' title='bbox 707 3049 826 3117; x_wconf 87' lang='lat' dir='ltr'>hoc,</span> <span class='ocrx_word' id='word_1_291' title='bbox 859 3052 1002 3125; x_wconf 84' lang='lat' dir='ltr'>quod</span> <span class='ocrx_word' id='word_1_292' title='bbox 1046 3052 1101 3109; x_wconf 89' lang='lat' dir='ltr'>in</span> <span class='ocrx_word' id='word_1_293' title='bbox 1131 3069 1295 3124; x_wconf 89' lang='lat' dir='ltr'>opere</span> <span class='ocrx_word' id='word_1_294' title='bbox 1323 3052 1593 3109; x_wconf 88' lang='lat' dir='ltr'>laborant.</span> <span class='ocrx_word' id='word_1_295' title='bbox 1639 3053 1771 3107; x_wconf 92' lang='lat' dir='ltr'>Cum</span> <span class='ocrx_word' id='word_1_296' title='bbox 1807 3067 1935 3124; x_wconf 85' lang='lat' dir='ltr'>ergo</span> <span class='ocrx_word' id='word_1_297' title='bbox 1966 3052 2019 3107; x_wconf 91' lang='lat' dir='ltr'>in</span> <span class='ocrx_word' id='word_1_298' title='bbox 2049 3052 2347 3124; x_wconf 84' lang='lat' dir='ltr'>Evangelio</span> <span class='ocrx_word' id='word_1_299' title='bbox 2384 3054 2465 3111; x_wconf 84' lang='lat' dir='ltr'>la-</span> 
     </span>
     <span class='ocr_line' id='line_1_33' title="bbox 455 3139 2466 3215; baseline 0.002 -19"><span class='ocrx_word' id='word_1_300' title='bbox 455 3139 656 3196; x_wconf 84' lang='lat' dir='ltr'>horem</span> <span class='ocrx_word' id='word_1_301' title='bbox 673 3139 908 3197; x_wconf 83' lang='lat' dir='ltr'>habeant</span> <span class='ocrx_word' id='word_1_302' title='bbox 931 3143 1278 3215; x_wconf 84' lang='lat' dir='ltr'>praedicando</span> <span class='ocrx_word' id='word_1_303' title='bbox 1309 3158 1413 3199; x_wconf 91' lang='lat' dir='ltr'>non</span> <span class='ocrx_word' id='word_1_304' title='bbox 1441 3142 1613 3198; x_wconf 87' lang='lat' dir='ltr'>solum</span> <span class='ocrx_word' id='word_1_305' title='bbox 1635 3141 1869 3214; x_wconf 84' lang='lat' dir='ltr'>praelati,</span> <span class='ocrx_word' id='word_1_306' title='bbox 1897 3142 1990 3197; x_wconf 82' lang='lat' dir='ltr'>secl</span> <span class='ocrx_word' id='word_1_307' title='bbox 2017 3142 2183 3197; x_wconf 87' lang='lat' dir='ltr'>etiam</span> <span class='ocrx_word' id='word_1_308' title='bbox 2208 3144 2466 3215; x_wconf 85' lang='lat' dir='ltr'>quicum-</span> 
     </span>
     <span class='ocr_line' id='line_1_34' title="bbox 456 3228 2459 3339; baseline 0.002 -55"><span class='ocrx_word' id='word_1_309' title='bbox 456 3244 562 3301; x_wconf 83' lang='lat' dir='ltr'>que</span> <span class='ocrx_word' id='word_1_310' title='bbox 588 3228 677 3284; x_wconf 88' lang='lat' dir='ltr'>alii</span> <span class='ocrx_word' id='word_1_311' title='bbox 710 3228 858 3285; x_wconf 87' lang='lat' dir='ltr'>liclte</span> <span class='ocrx_word' id='word_1_312' title='bbox 881 3231 1203 3303; x_wconf 68' lang='lat' dir='ltr'>praedicant,</span> <span class='ocrx_word' id='word_1_313' title='bbox 1233 3231 1425 3305; x_wconf 88' lang='lat' dir='ltr'>utique</span> <span class='ocrx_word' id='word_1_314' title='bbox 1453 3238 1679 3305; x_wconf 80' lang='lat' dir='ltr'>possunt</span> <span class='ocrx_word' id='word_1_315' title='bbox 1706 3229 1775 3284; x_wconf 87' lang='lat' dir='ltr'>ab</span> <span class='ocrx_word' id='word_1_316' title='bbox 1800 3228 1881 3286; x_wconf 86' lang='lat' dir='ltr'>his</span> <span class='ocrx_word' id='word_1_317' title='bbox 1912 3229 2111 3303; x_wconf 88' lang='lat' dir='ltr'>quibus</span> <span class='ocrx_word' id='word_1_318' title='bbox 2136 3231 2459 3339; x_wconf 80' lang='lat' dir='ltr'>praedicant,</span> 
     </span>
     <span class='ocr_line' id='line_1_35' title="bbox 455 3318 1541 3391; baseline 0 -18"><span class='ocrx_word' id='word_1_319' title='bbox 455 3334 649 3389; x_wconf 83' lang='lat' dir='ltr'>panem</span> <span class='ocrx_word' id='word_1_320' title='bbox 680 3318 944 3391; x_wconf 85' lang='lat' dir='ltr'>accipere,</span> <span class='ocrx_word' id='word_1_321' title='bbox 979 3320 1120 3375; x_wconf 85' lang='lat' dir='ltr'>unde</span> <span class='ocrx_word' id='word_1_322' title='bbox 1145 3324 1541 3376; x_wconf 76' lang='lat' dir='ltr'>sustententur.</span> 
     </span>
    </p>

    <p class='ocr_par' dir='ltr' id='par_1_5' title="bbox 334 3405 2465 3937">
     <span class='ocr_line' id='line_1_36' title="bbox 515 3405 2465 3480; baseline 0.002 -19.016"><span class='ocrx_word' id='word_1_323' title='bbox 515 3408 680 3463; x_wconf 87' lang='lat' dir='ltr'>Item.</span> <span class='ocrx_word' id='word_1_324' title='bbox 721 3407 1011 3479; x_wconf 85' lang='lat' dir='ltr'>Apostolus</span> <span class='ocrx_word' id='word_1_325' title='bbox 1042 3408 1235 3479; x_wconf 86' lang='lat' dir='ltr'>probat</span> <span class='ocrx_word' id='word_1_326' title='bbox 1263 3407 1408 3480; x_wconf 88' lang='lat' dir='ltr'>quod</span> <span class='ocrx_word' id='word_1_327' title='bbox 1442 3412 1691 3479; x_wconf 83' lang='lat' dir='ltr'>poterant</span> <span class='ocrx_word' id='word_1_328' title='bbox 1727 3405 1973 3479; x_wconf 81' lang='lat' dir='ltr'>Apostoli</span> <span class='ocrx_word' id='word_1_329' title='bbox 2006 3408 2329 3480; x_wconf 86' lang='lat' dir='ltr'>temporalia</span> <span class='ocrx_word' id='word_1_330' title='bbox 2364 3424 2465 3465; x_wconf 76' lang='lat' dir='ltr'>ac-</span> 
     </span>
     <span class='ocr_line' id='line_1_37' title="bbox 453 3495 2462 3570; baseline 0.002 -21"><span class='ocrx_word' id='word_1_331' title='bbox 453 3495 633 3567; x_wconf 82' lang='lat' dir='ltr'>cipere</span> <span class='ocrx_word' id='word_1_332' title='bbox 657 3496 817 3551; x_wconf 80' lang='lat' dir='ltr'>abeis</span> <span class='ocrx_word' id='word_1_333' title='bbox 842 3496 1038 3570; x_wconf 85' lang='lat' dir='ltr'>quibus</span> <span class='ocrx_word' id='word_1_334' title='bbox 1054 3496 1441 3569; x_wconf 61' lang='lat' dir='ltr'>praedicabant,</span> <span class='ocrx_word' id='word_1_335' title='bbox 1468 3496 1597 3569; x_wconf 85' lang='lat' dir='ltr'>quia</span> <span class='ocrx_word' id='word_1_336' title='bbox 1622 3496 1701 3551; x_wconf 87' lang='lat' dir='ltr'>eis</span> <span class='ocrx_word' id='word_1_337' title='bbox 1726 3495 2031 3567; x_wconf 82' lang='lat' dir='ltr'>spiritualia</span> <span class='ocrx_word' id='word_1_338' title='bbox 2064 3497 2411 3556; x_wconf 79' lang='lat' dir='ltr'>seminabant</span> <span class='ocrx_word' id='word_1_339' title='bbox 2442 3514 2462 3553; x_wconf 81' lang='grc' dir='ltr'>ι</span> 
     </span>
     <span class='ocr_line' id='line_1_38' title="bbox 453 3584 2461 3657; baseline 0.002 -19"><span class='ocrx_word' id='word_1_340' title='bbox 453 3584 580 3655; x_wconf 75' lang='lat' dir='ltr'>quia</span> <span class='ocrx_word' id='word_1_341' title='bbox 612 3584 703 3655; x_wconf 81' lang='lat' dir='ltr'>qui</span> <span class='ocrx_word' id='word_1_342' title='bbox 731 3584 825 3640; x_wconf 85' lang='lat' dir='ltr'>dat</span> <span class='ocrx_word' id='word_1_343' title='bbox 855 3600 1070 3657; x_wconf 72' lang='lat' dir='ltr'>magna,</span> <span class='ocrx_word' id='word_1_344' title='bbox 1103 3598 1208 3639; x_wconf 87' lang='lat' dir='ltr'>non</span> <span class='ocrx_word' id='word_1_345' title='bbox 1242 3589 1326 3640; x_wconf 86' lang='lat' dir='ltr'>est</span> <span class='ocrx_word' id='word_1_346' title='bbox 1358 3586 1554 3640; x_wconf 86' lang='lat' dir='ltr'>mirum</span> <span class='ocrx_word' id='word_1_347' title='bbox 1580 3585 1625 3640; x_wconf 84' lang='lat' dir='ltr'>si</span> <span class='ocrx_word' id='word_1_348' title='bbox 1658 3585 1892 3655; x_wconf 81' lang='lat' dir='ltr'>acciplat</span> <span class='ocrx_word' id='word_1_349' title='bbox 1920 3600 2109 3657; x_wconf 83' lang='lat' dir='ltr'>parva.</span> <span class='ocrx_word' id='word_1_350' title='bbox 2141 3586 2299 3643; x_wconf 86' lang='lat' dir='ltr'>Unde</span> <span class='ocrx_word' id='word_1_351' title='bbox 2330 3588 2461 3643; x_wconf 88' lang='lat' dir='ltr'>dicit</span> 
     </span>
     <span class='ocr_line' id='line_1_39' title="bbox 457 3670 2461 3745; baseline 0.004 -21"><span class='ocrx_word' id='word_1_352' title='bbox 457 3670 510 3725; x_wconf 89' lang='lat' dir='ltr'>in</span> <span class='ocrx_word' id='word_1_353' title='bbox 539 3670 727 3725; x_wconf 85' lang='lat' dir='ltr'>eodem</span> <span class='ocrx_word' id='word_1_354' title='bbox 750 3688 869 3743; x_wconf 85' lang='lat' dir='ltr'>cap.</span> <span class='ocrx_word' id='word_1_355' title='bbox 901 3688 942 3728; x_wconf 90' lang='grc' dir='ltr'>ιι</span> <span class='ocrx_word' id='word_1_356' title='bbox 962 3688 974 3727; x_wconf 87' lang='lat'>:</span> <span class='ocrx_word' id='word_1_357' title='bbox 1000 3672 1057 3727; x_wconf 78' lang='lat' dir='ltr'>Si</span> <span class='ocrx_word' id='word_1_358' title='bbox 1072 3688 1164 3727; x_wconf 78' lang='lat' dir='ltr'>nos</span> <span class='ocrx_word' id='word_1_359' title='bbox 1182 3672 1326 3729; x_wconf 78' lang='lat' dir='ltr'>vobis</span> <span class='ocrx_word' id='word_1_360' title='bbox 1344 3671 1658 3745; x_wconf 79' lang='lat' dir='ltr'>spiritualia</span> <span class='ocrx_word' id='word_1_361' title='bbox 1676 3672 2068 3739; x_wconf 68' lang='lat' dir='ltr'>seminavimus,</span> <span class='ocrx_word' id='word_1_362' title='bbox 2086 3690 2339 3745; x_wconf 73' lang='lat' dir='ltr'>maynum</span> <span class='ocrx_word' id='word_1_363' title='bbox 2364 3682 2461 3741; x_wconf 75' lang='lat' dir='ltr'>est,</span> 
     </span>
     <span class='ocr_line' id='line_1_40' title="bbox 453 3758 2465 3837; baseline 0 -25"><span class='ocrx_word' id='word_1_364' title='bbox 453 3758 502 3812; x_wconf 78' lang='lat' dir='ltr'>si</span> <span class='ocrx_word' id='word_1_365' title='bbox 527 3774 617 3812; x_wconf 72' lang='grc' dir='ltr'>ποι</span> <span class='ocrx_word' id='word_1_366' title='bbox 642 3761 887 3816; x_wconf 77' lang='lat' dir='ltr'>carnalia</span> <span class='ocrx_word' id='word_1_367' title='bbox 929 3768 1105 3817; x_wconf 76' lang='lat' dir='ltr'>uestra</span> <span class='ocrx_word' id='word_1_368' title='bbox 1140 3764 1435 3833; x_wconf 73' lang='lat' dir='ltr'>metamus?</span> <span class='ocrx_word' id='word_1_369' title='bbox 1463 3762 1566 3819; x_wconf 88' lang='lat' dir='ltr'>Sed</span> <span class='ocrx_word' id='word_1_370' title='bbox 1597 3762 1785 3817; x_wconf 86' lang='lat' dir='ltr'>eadem</span> <span class='ocrx_word' id='word_1_371' title='bbox 1814 3761 2118 3835; x_wconf 83' lang='lat' dir='ltr'>spiritualia</span> <span class='ocrx_word' id='word_1_372' title='bbox 2148 3778 2276 3834; x_wconf 83' lang='lat' dir='ltr'>quae</span> <span class='ocrx_word' id='word_1_373' title='bbox 2314 3780 2465 3837; x_wconf 69' lang='lat' dir='ltr'>prm.-</span> 
     </span>
     <span class='ocr_line' id='line_1_41' title="bbox 334 3844 2461 3937; baseline 0.006 -40"><span class='ocrx_word' id='word_1_374' title='bbox 334 3916 340 3923; x_wconf 27' lang='lat'><strong>.</strong></span> <span class='ocrx_word' id='word_1_375' title='bbox 451 3844 637 3921; x_wconf 63' lang='lat' dir='ltr'>(licant</span> <span class='ocrx_word' id='word_1_376' title='bbox 667 3846 897 3935; x_wconf 46' lang='lat' dir='ltr'>praelati,</span> <span class='ocrx_word' id='word_1_377' title='bbox 943 3849 1245 3937; x_wconf 56' lang='grc' dir='ltr'><strong>ριῳᾱίρβιιι</strong></span> <span class='ocrx_word' id='word_1_378' title='bbox 1277 3849 1370 3917; x_wconf 80' lang='lat' dir='ltr'>alii</span> <span class='ocrx_word' id='word_1_379' title='bbox 1400 3866 1465 3918; x_wconf 61' lang='lat' dir='ltr'>ex</span> <span class='ocrx_word' id='word_1_380' title='bbox 1493 3864 1680 3915; x_wconf 81' lang='lat' dir='ltr'>eorum</span> <span class='ocrx_word' id='word_1_381' title='bbox 1718 3851 2046 3916; x_wconf 72' lang='lat' dir='ltr'>auctoritate</span> <span class='ocrx_word' id='word_1_382' title='bbox 2087 3868 2100 3914; x_wconf 70' lang='lat' dir='ltr'><strong><em>z</em></strong></span> <span class='ocrx_word' id='word_1_383' title='bbox 2134 3866 2265 3925; x_wconf 83' lang='lat' dir='ltr'>ergo</span> <span class='ocrx_word' id='word_1_384' title='bbox 2292 3849 2461 3909; x_wconf 84' lang='lat' dir='ltr'>etiam</span> 
     </span>
    </p>
   </div>
  </div>
 </body>
</html>
