2784 4392
617 379 746 422 nv,
779 380 1121 426 -.conrna
1164 381 1378 424 meuc.
1425 381 1527 424 nm
1569 380 1741 426 cum.
1788 381 1863 424 m*
1904 383 2108 426 nume.
2250 363 2361 427 101

431 490 590 547 Item.
616 489 940 552 ‚Praedicare
985 498 1040 546 et
1078 491 1447 568 consessiones
1490 490 1679 546 audire
1724 498 1848 546 sunt
1886 491 2286 563 jurisdictionis
2310 499 2365 547 et

363 578 568 634 ordinis
597 577 756 637 simul
789 595 801 631 ε
830 579 924 636 sed
961 594 1028 634 ea
1066 595 1190 654 quae
1221 589 1348 634 suut
1386 577 1697 649 hujusmodi
1724 587 1946 652 possunt
1984 580 2365 636 committihis

361 669 554 734 saltem
587 666 679 738 qui
709 667 954 722 ordinem
978 666 1199 728 habent.
1229 668 1369 744 Ergo
1395 683 1520 727 cum
1549 667 1845 740 Episcopus
1868 670 2037 740 possit
2066 667 2365 743 praedicare

361 763 418 812 et
471 755 837 812 confessiones
873 755 1064 812 audire
1114 755 1170 814 iu
1199 756 1456 828 parochia
1496 771 1601 811 non
1638 757 1906 830 requisito
1946 757 2251 824 sacerdote,
2305 764 2363 813 ut

361 862 524 919 supra
555 845 842 918 probatum
888 851 990 910 est,
1021 845 1123 902 hoc
1166 845 1310 900 idem
1351 851 1407 900 et
1437 843 1577 900 alius
1612 845 1813 916 poterit
1851 861 1917 900 ex
1944 846 2061 918 ojus
2104 847 2366 900 commis-

361 937 532 992 sione.
2231 974 2235 981 .

431 1026 588 1080 Item.
636 1022 720 1079 Ad
759 1022 860 1078 hoc
907 1022 1039 1079 facit
1085 1022 1421 1078 consuetudo
1451 1023 1711 1081 Romanae
1756 1022 2031 1090 Ecclesiae‚
2071 1024 2148 1079 >ad
2197 1041 2361 1097 quam

361 1114 683 1170 accedentes
710 1129 738 1166 a
766 1113 1186 1184 poenitentiariis
1224 1115 1382 1184 Papae
1408 1127 1781 1184 quoscumque
1811 1113 2123 1170 sacerdotes
2152 1111 2365 1170 litteras

311 1237 314 1239 Α
361 1203 675 1275 impetrant,
711 1210 768 1256 ut
800 1202 876 1256 eis
898 1201 1283 1258 confiteantur.

430 1290 787 1361 ltem.Legati
819 1291 997 1362 Papae,
1031 1297 1087 1344 et
1112 1305 1298 1345 eorum
1320 1289 1711 1360 poenitentiarii
1742 1289 2111 1344 confessiones
2134 1291 2364 1347 audiunt

361 1397 465 1436 non
509 1379 678 1452 petita
727 1377 945 1433 licentia
995 1393 1025 1433 a
1072 1365 1471 1448 parochialibus
1520 1385 1575 1434 et
1618 1377 1782 1432 etiam
1823 1377 2155 1434 auctoritate
2201 1381 2362 1450 Papae

362 1467 560 1538 ubique
590 1467 908 1538 praedicant,
953 1473 1006 1520 et
1045 1466 1119 1520 ita
1164 1472 1350 1537 patet,
1382 1465 1529 1537 quod
1576 1466 1875 1538 praedicare
1919 1471 1974 1520 et
2020 1466 2363 1523 confessione

359 1557 546 1612 audire
577 1560 756 1626 potest
795 1553 918 1610 aliis
947 1554 1214 1608 committi
1263 1553 1380 1606 sine
1424 1552 1645 1609 licentia
1692 1553 2038 1632 sacerdotum
2072 1556 2363 1626 parochia-

359 1644 510 1698 lium.
1203 1681 1212 1692 ·

368 1720 375 1731 ’
428 1733 585 1786 Nunc
615 1734 786 1784 restat
814 1726 1122 1793 ostendere,
1157 1727 1300 1798 quod
1340 1726 1579 1797 religiosi
1609 1733 1735 1785 sunt
1761 1727 1939 1782 idonei
1972 1727 2040 1784 ad
2066 1728 2185 1798 hoc,
2216 1733 2363 1803 quod

359 1820 492 1880 talia
521 1821 602 1874 eis
642 1816 1078 1872 committuntur.
1110 1816 1248 1872 Nam
1293 1817 1358 1870 ⁴6
1405 1824 1601 1888 quaest.
1648 1831 1665 1871 1
1697 1831 1820 1888 cap.
1853 1815 2126 1882 Pervenit,
2160 1819 2362 1874 dicitur

358 1907 502 1980 quod
533 1927 556 1957 «
593 1904 840 1961 monachi
882 1909 936 1959 et
965 1903 1192 1960 abbates
1231 1903 1435 1975 absque
1480 1904 1679 1976 proprii
1705 1904 1957 1977 Episcopi
1990 1904 2211 1962 licentia
2260 1908 2361 1964 hoc

357 1996 667 2055 nullatenus
705 2008 1031 2066 praesumere
1070 1992 1287 2057 debent,
1316 2003 1378 2048 ut
1420 1993 1675 2048 videlicet
1724 1995 2104 2064 poeniteutiam
2144 1997 2295 2054 dent.
2332 2017 2359 2050 ι)

357 2085 434 2139 Ex
473 2099 580 2156 quo
611 2073 953 2155 relinquitur,
987 2081 1132 2154 quod
1163 2098 1226 2135 ex
1257 2080 1587 2138 auctoritate
1620 2083 1781 2154 Papae
1806 2091 1859 2137 et
1885 2083 2359 2156 Episcopimoua·

358 2174 475 2230 chis
503 2181 556 2227 et
582 2171 703 2227 aliis
728 2171 995 2242 religiosis
1027 2169 1188 2226 liceat
1213 2169 1580 2226 confessiones
1610 2172 1821 2233 audire.

429 2263 582 2316 Item.
617 2249 932 2328 Quaestione
975 2258 1166 2313 eadem
1224 2258 1426 2313 dicitur
1468 2275 1533 2314 ex
1581 2259 1910 2318 auctoritate
1952 2260 2112 2332 hujus
2152 2263 2360 2318 decreti

357 2351 500 2424 quod
553 2371 576 2402 α
626 2349 925 2420 apostolico
971 2347 1367 2412 moderamine,
1406 2354 1461 2402 et
1500 2349 1722 2420 pietatis
1771 2348 1945 2404 officio
1998 2365 2030 2405 a
2083 2351 2238 2406 nobis
2276 2358 2359 2406 est

357 2437 734 2494 constitutum.
766 2433 1142 2490 sacerdotibus
1169 2434 1449 2489 monachis
1478 2435 1863 2506 Apostolorum
1903 2436 2134 2508 figuram
2167 2441 2362 2494 tene'n-

359 2528 504 2583 tibus
534 2527 694 2581 liceat
725 2523 1042 2596 praedicare,
1071 2522 1369 2596 baptizare,
1395 2522 1831 2578 communionem
1858 2523 2006 2589 dare,
2040 2541 2135 2597 pro
2162 2537 2381 2598 pecca-·

359 2615 566 2672 toribus
593 2603 768 2682 orare,
796 2613 1150 2689 poenitentias
1178 2612 1455 2682 imponere
1485 2619 1651 2684 atque
1677 2619 1903 2683 peccata
1930 2611 2160 2671 solvere.
2191 2633 2217 2665 ›>

367 2773 372 2780 ¹
428 2707 584 2761 ltem.
617 2704 675 2759 ln
711 2702 959 2774 sequenti
999 2700 1239 2774 capitulo
1273 2717 1286 2754 ε
1318 2700 1452 2756 Sunt
1484 2707 1657 2756 tamen
1684 2700 1951 2766 nonnulli,
1978 2700 2111 2758 dicit
2138 2703 2361 2760 Bonifa-

355 2796 474 2854 cius
500 2795 642 2866 Papa
677 2809 690 2846 :
721 2812 746 2840 α
791 2791 1076 2847 Credimus
1100 2805 1132 2846 a
1169 2787 1547 2846 sacerdotibus
1580 2788 1861 2864 monachis
1892 2789 2096 2861 ligandi
2140 2792 2360 2852 solven-

357 2881 522 2955 dique
562 2879 800 2938 officium
847 2880 961 2934 Deo
1009 2884 1267 2951 operante
1316 2877 1480 2949 digne
1528 2877 1919 2947 administrari,
1970 2881 2015 2934 si
2059 2896 2153 2936 eos
2200 2883 2361 2954 digne

357 2970 650 3046 contigerit
677 2969 777 3024 hoc
803 2967 1105 3024 ministerio
1131 2965 1434 3026 sublimari..
1462 2966 1818 3024 Decertantes
1849 2969 2011 3040 igitur
2045 2972 2362 3027 monasticae

359 3058 708 3132 professionis
740 3057 1088 3129 presbyteros
1110 3055 1467 3113 sacerdotalis
1496 3058 1759 3132 potentiae
1789 3073 1977 3117 arcere
2006 3058 2203 3128 offici0,
2240 3076 2361 3114 om-

358 3149 488 3203 nino
509 3145 872 3220 praecipimus,
895 3152 956 3200 ut
981 3143 1051 3200 ab
1075 3143 1450 3216 hujuscemodi
1478 3145 1701 3200 ausibus
1725 3148 2091 3216 reprimantur
2112 3148 2165 3201 in
2191 3153 2365 3219 poste-

357 3252 521 3290 rum:
563 3236 692 3308 quia
733 3227 939 3306 quanto
978 3232 1208 3306 quisque
1251 3231 1447 3288 celsior
1488 3230 1591 3300 est,
1640 3239 1789 3290 tanto
1824 3241 1879 3290 et
1917 3234 2025 3290 illis
2060 3235 2165 3290 erit
2204 3251 2363 3295 casus

359 3325 647 3398 potentior.
686 3343 711 3376 »
1149 3375 1156 3380 .

429 3415 586 3469 Item.
619 3412 869 3487 Episcopi
901 3411 1101 3467 debent
1134 3411 1318 3468 divina
1353 3411 1562 3482 judicia
1591 3411 1791 3466 imitari
1818 3413 2080 3483 quantum
2114 3421 2362 3483 possunt,

357 3501 806 3558 ICorinthiorum
833 3517 914 3568 xr,
946 3503 968 3554 l
1009 3517 1020 3555 :
1050 3499 1355 3558 Imitatores
1397 3499 1499 3554 mei
1528 3505 1704 3564 estote,
1734 3499 1872 3554 sicut
1912 3507 1963 3555 et
2000 3515 2087 3570 eqo
2130 3499 2361 3557 Christi.

356 3591 464 3648 Sed
502 3591 686 3647 divino
725 3591 935 3664 judicio
972 3589 1144 3660 aliqui
1193 3588 1431 3658 religiosi
1480 3596 1607 3642 sunt
1648 3589 1884 3663 reputati
1934 3589 2243 3664 idonei,qut
2278 3591 2359 3645 eis

358 3679 673 3734 immediate
700 3696 731 3736 a
757 3680 870 3734 Deo
910 3677 1318 3750 praedicationis
1353 3677 1791 3732 committeretur
1829 3675 2085 3743 officium,
2118 3678 2260 3736 sicut
2291 3679 2362 3734 de

356 3769 580 3840 Equitio
611 3767 877 3824 monacho
905 3768 966 3821 Β.
993 3765 1292 3836 Gregorius
1321 3771 1508 3819 narrat
1544 3763 1603 3818 in
1639 3763 1787 3820 Dial.
1817 3771 1871 3818 et
1900 3765 2067 3820 etiam
2096 3765 2164 3822 de
2192 3769 2362 3824 Beato

358 3857 672 3914 Benedict0.
705 3843 846 3928 Ergo
872 3861 927 3910 et
953 3855 1004 3908 in
1023 3853 1637 3926 judicioEpiscoporum
1664 3851 1831 3926 aliqui
1863 3853 2099 3925 religiosi
2134 3861 2361 3932 possunt

360 3947 605 4018 reputari
640 3945 839 4013 idonei,
872 3952 934 4002 ut
957 3944 1038 4002 eis
1061 3943 1378 4016 praedicatio
1404 3943 1803 4001 committatur.
