2784 4392
465 296 546 357 22
941 316 994 363 s.
1038 312 1270 361 'metm
1312 316 1637 368 nomm-ris
1678 318 1987 364 ornacum

481 454 488 461 ⁴
534 429 692 499 Quod
721 446 848 488 vero
870 438 1064 490 octavo
1091 436 1432 507 propositum
1454 441 1536 490 est
1564 434 1763 493 :Nemo
1784 442 1997 508 repente
2010 435 2081 493 sit
2093 450 2472 504 summus,non

465 515 695 572 multum
724 520 794 574 ad
826 521 1164 592 propositum
1204 520 1354 591 facit,
1384 522 1635 594 quamvis
1672 524 1839 579 etiam
1886 539 2049 596 super
2088 522 2194 580 hoc
2235 523 2472 579 multum

405 678 410 683 “
464 604 790 663 innitantur.
826 607 921 664 Est
968 609 1113 673 enim
1157 625 1433 666 summum
1478 617 1533 666 et
1579 610 1824 667 infimum
1870 612 2121 684 accipere
2172 613 2230 669 in
2278 612 2471 668 eodem

463 701 612 750 statu
641 703 696 751 et
725 696 780 751 in
810 697 1001 753 eodem
1028 698 1246 754 homine
1277 707 1371 755 aut
1401 699 1457 753 in
1485 699 1717 758 diversis
1759 699 2014 768 statibuS,
2048 708 2103 757 et
2150 701 2204 757 in
2236 700 2473 757 diversis

461 783 790 841 hominibus».
814 787 869 842 Si
891 787 1112 859 quidem
1143 788 1309 859 igitur
1336 793 1627 861 utrumque
1658 788 1961 861 accipiatur
1990 790 2047 845 in
2075 789 2267 846 eodem
2298 797 2468 858 statu,

464 879 520 927 et
545 872 600 927 in
629 875 819 931 eodem
843 874 1078 943 homine,
1107 878 1453 934 manifestum
1484 884 1585 946 est,
1614 878 1760 951 quod
1787 892 1945 933 nemo
1978 887 2202 951 repente
2228 880 2289 934 fit
2317 894 2473 934 sum-

463 975 603 1028 mus,
638 964 770 1035 quia
799 966 1173 1039 unusquisque
1201 974 1352 1023 recte
1379 967 1589 1035 vivenS,
1624 974 1740 1023 toto
1768 972 2011 1039 tempore
2042 968 2174 1025 vitae
2201 982 2317 1024 suae
2341 982 2474 1041 pro-

465 1048 597 1115 ficit,
625 1058 684 1104 ut
713 1052 782 1107 ad
807 1068 1077 1109 summum
1104 1056 1407 1127 perveniat.
1438 1057 1493 1113 Si
1534 1071 1665 1113 vero
1689 1054 1793 1111 hoc
1821 1055 2090 1113 referatur
2120 1056 2187 1111 ad
2228 1056 2472 1112 diversos

467 1146 661 1207 statue,
693 1154 796 1195 non
826 1151 1040 1215 oportet
1066 1152 1127 1200 ut
1152 1146 1483 1218 quicumque
1506 1147 1625 1201 vult
1654 1145 1723 1201 ad
1750 1145 2087 1219 superiorem
2111 1152 2320 1201 statum
2344 1161 2471 1217 per-

464 1227 650 1282 venire
674 1243 707 1285 a
734 1230 924 1285 minori
953 1237 1103 1287 statu
1132 1234 1378 1305 incipiat,
1408 1234 1550 1290 sicut
1579 1251 1685 1291 non
1711 1240 1946 1307 oportet,
1979 1241 2041 1289 ut
2067 1234 2160 1307 qui
2192 1234 2309 1289 vult
2352 1249 2472 1289 esse

465 1313 694 1371 clericus
723 1318 872 1389 prius
916 1318 971 1375 in
1016 1320 1192 1377 laicali
1230 1323 1345 1377 vita
1369 1330 1733 1390 exerceatur,
1767 1325 1864 1379 sed
1900 1324 2086 1380 statim
2114 1340 2145 1379 a
2175 1324 2473 1395 puerilibus

465 1406 622 1460 annis
645 1403 815 1480 aliqui
835 1408 1074 1465 clericali
1098 1410 1310 1469 militiae
1339 1412 1707 1469 ascribuntur.
1738 1413 2001 1469 Similiter
2030 1414 2195 1469 etiam
2236 1428 2333 1469 nec
2369 1413 2473 1469 hoc

466 1501 702 1563 oportet,
755 1505 1020 1569 quantum
1070 1506 1139 1555 ad
1186 1501 1433 1557 diversas
1474 1490 1946 1575 personas.·Unus
1983 1502 2125 1558 enim
2173 1501 2241 1558 ab
2287 1501 2468 1558 altiori
2524 1519 2535 1529 ·

465 1584 776 1641 sanctitatis
803 1587 977 1658 gradu
1006 1589 1216 1661 incipit,
1237 1606 1403 1663 quam
1431 1594 1505 1647 sit
1528 1607 1801 1648 summum
1830 1592 2078 1659 alterius,
2105 1590 2173 1647 ad
2200 1591 2343 1663 quod
2377 1606 2474 1662 per

468 1678 638 1741 totam
662 1689 817 1729 suam
847 1676 986 1731 alter
1010 1679 1312 1750 perveniet.
1337 1680 1494 1735 Unde
1521 1681 1686 1751 Greg.
1718 1681 1851 1736 dicit
1887 1682 1943 1735 in
1986 1696 2029 1736 ιι
2072 1679 2418 1749 Dialogorum
2452 1694 2466 1732 ε

467 1760 737 1824 Quatenus
759 1772 1047 1833 praesentes
1071 1773 1119 1821 et
1145 1766 1331 1835 futuri
1359 1784 1537 1824 omnes
1573 1776 1954 1840 coquoscerent,
1983 1769 2299 1825 Benedictus
2330 1784 2469 1841 puer

467 1850 824 1905 conversionis
845 1852 1082 1922 qratiam
1111 1871 1145 1908 a
1168 1863 1368 1925 quanta
1391 1857 1713 1927 perfectione
1742 1857 1991 1926 caepisset.

539 1938 693 2005 Quod
735 1953 864 1994 vero
903 1956 1046 1997 nono
1091 1945 1411 2018 proponitur
1454 1945 1521 1999 de
1563 1944 1863 2016 parietibus
1905 1943 2233 2009 recentibuS‚
2275 1944 2473 2013 quibus

469 2042 576 2081 non
599 2032 725 2081 sunt
754 2028 1025 2098 tignorum
1061 2044 1226 2089 onera
1257 2032 1601 2104 imponenda,
1631 2038 1687 2086 et
1716 2030 1861 2103 quod
1890 2030 2102 2098 decimo
2130 2033 2468 2104 proponitur,

468 2128 656 2169 casum
684 2119 882 2189 quaerit
902 2120 996 2191 qui
1023 2128 1142 2191 post
1174 2123 1364 2192 positis
1390 2118 1649 2190 gradibus
1679 2136 1774 2190 per
1800 2118 2027 2192 abrupta
2054 2121 2253 2193 quaerit
2276 2136 2473 2176 ascen-

469 2218 608 2273 sum,
642 2220 744 2260 non
787 2215 913 2262 sunt
951 2208 1020 2263 ad
1062 2212 1418 2281 propositum,
1461 2208 1589 2279 quia
1621 2209 1975 2265 auctoritates
2027 2208 2133 2265 illae
2178 2208 2472 2283 loquuntur

469 2291 536 2347 de
582 2292 784 2349 honore
825 2295 1176 2367 praelationiS,
1227 2298 1318 2368 qui
1350 2297 1579 2369 requirit
1610 2297 1905 2369 perfectam
1947 2298 2222 2364 virtutem,
2264 2307 2319 2354 et
2348 2299 2471 2353 ideo

471 2397 575 2437 non
616 2389 699 2439 est
735 2384 1065 2456 imperfectis
1104 2386 1507 2457 imponendum.
1552 2387 1656 2443 Sed
1693 2385 1919 2442 consilia
1949 2394 2075 2442 sunt
2106 2388 2473 2460 promotiones

470 2471 722 2543 quendam
763 2474 833 2529 ad
871 2474 1256 2546 perfectionem
1287 2482 1342 2531 et
1371 2475 1730 2531 cohibitiones
1762 2489 1793 2529 a
1823 2473 2082 2546 peccatiS,
2120 2473 2318 2547 quibus
2346 2477 2471 2530 novi

468 2562 705 2632 parietes
749 2562 1012 2634 indigent,
1059 2571 1118 2618 ut
1148 2565 1489 2619 exsiccentur
1518 2561 1587 2618 ab
1614 2562 1841 2618 humore
1870 2563 2147 2632 vitiorum,
2190 2570 2245 2618 et
2274 2564 2475 2636 quibus

469 2651 624 2719 quasi
655 2668 751 2721 per
779 2652 993 2706 debitos
1016 2652 1220 2721 gradus
1245 2652 1314 2706 ad
1345 2652 1731 2723 perfectionem
1758 2654 2095 2725 pervenitur.

537 2735 694 2803 Quod
752 2752 879 2792 vero
923 2739 1209 2794 undecimo
1256 2740 1596 2811 proponitur,
1639 2740 1821 2812 priora
1864 2757 1983 2797 esse
2029 2749 2241 2799 naturae
2281 2742 2473 2798 ordine

465 2832 743 2896 praecepta
771 2826 1029 2893 consiliis,
1063 2834 1215 2899 patet
1254 2843 1319 2882 ex
1356 2828 1637 2900 praedictis
1662 2830 1897 2902 qualiter
1935 2830 2131 2887 habeat
2156 2832 2469 2887 veritatem.

461 2913 523 2969 si
561 2912 706 2968 enim
735 2912 1021 2986 loquamur
1057 2914 1124 2971 de
1161 2916 1451 2989 praeceptis
1494 2918 1764 2985 finalibuS‚
1809 2935 1931 2992 quae
1956 2926 2083 2975 sunt
2108 2919 2329 2975 dilectio
2372 2919 2471 2975 Dei

467 3007 522 3057 et
551 3001 802 3074 proximi,
845 3002 1190 3059 manifestum
1213 3013 1316 3074 est,
1350 3006 1495 3079 quod
1526 3006 1753 3063 consilia
1782 3008 2103 3064 ordinantur
2133 3008 2202 3064 ad
2232 3024 2296 3063 ea
2329 3008 2472 3063 sicut

467 3090 535 3147 ad
567 3090 748 3146 finem.
778 3091 924 3147 Talis
949 3101 1032 3149 est
1055 3109 1183 3165 ergo
1210 3094 1342 3150 ordo
1366 3096 1716 3152 consiliorum
1740 3095 1809 3152 ad
1837 3103 2111 3169 praecepta
2137 3095 2467 3167 hujusmodi,

467 3177 644 3252 qualis
667 3196 856 3236 eorum
884 3196 1008 3253 quae
1035 3188 1162 3237 sunt
1191 3183 1260 3239 ad
1303 3183 1467 3240 finem
1502 3192 1750 3258 respectu
1796 3184 1936 3240 finis.
1979 3185 2127 3238 Finis
2160 3191 2344 3239 autem
2386 3190 2471 3239 est

465 3269 615 3341 prior
655 3268 710 3324 in
748 3270 1068 3341 intentione,
1119 3272 1389 3343 posterior
1426 3274 1569 3330 vero'
1600 3281 1683 3329 est
1725 3272 1779 3327 in
1822 3271 2161 3328 executione.
2206 3272 2274 3327 Et
2315 3274 2395 3329 sic
2422 3273 2469 3329 si

465 3358 691 3417 consilia
729 3359 1109 3416 ordinarentur
1143 3361 1214 3417 ad
1244 3361 1507 3433 praedicta
1544 3369 1849 3434 praecepta,¹
1872 3361 2013 3416 sicut
2058 3376 2181 3434 quae
2226 3362 2344 3418 sine
2389 3362 2470 3417 eis

464 3448 770 3507 nullatenus
803 3457 1022 3523 possent
1059 3450 1287 3517 servari,
1329 3457 1669 3524 sequeretur,
1702 3449 1847 3521 quod
1886 3464 2105 3505 necesse
2147 3457 2289 3525 esset
2318 3450 2469 3522 prius

463 3538 740 3596 observari
759 3537 1004 3607 consilia,
1031 3554 1198 3613 quam
1222 3538 1421 3612 aliquis
1442 3539 1634 3611 diligat
1660 3540 1835 3595 Deum
1857 3537 1943 3594 vel
1970 3539 2294 3610 proximum,
2322 3539 2468 3611 quod

463 3632 548 3683 est
583 3628 870 3685 manifeste
905 3628 1123 3685 falsum.
1162 3629 1267 3686 Sed
1298 3630 1429 3701 quia
1462 3629 1565 3686 hoc
1594 3628 1753 3684 modo
1787 3626 2012 3683 consilia
2040 3627 2361 3683 ordinantur
2398 3627 2468 3683 ad

461 3715 728 3788 praedicta
761 3724 1054 3790 praecepta,
1094 3723 1156 3773 ut
1187 3734 1280 3789 per
1309 3734 1375 3774 ea
1404 3717 1616 3774 facilius
1654 3722 1709 3771 et
1747 3715 2041 3788 perfectius
2067 3716 2464 3781 custodiantur,

459 3819 800 3880 consequens
837 3812 938 3872 est,
980 3805 1125 3877 quod
1156 3822 1252 3878 per
1278 3806 1588 3878 hujusmodi
1614 3804 1839 3891 cqnsilia
1868 3804 2216 3879 perveniatur
2244 3806 2313 3862 ad
2339 3822 2471 3878 per-

448 3892 663 3954 Sectam
687 3891 1038 3953 dilectionem
1066 3895 1170 3955 Dei
1197 3901 1254 3952 et
1278 3896 1531 3968 proximi,
1566 3911 1691 3970 quae
1718 3896 2018 3956 intentione
2042 3894 2305 3969 praecedit
2332 3910 2469 3952 con-
2540 3928 2548 3937 ·

1181 4076 1376 4095 ----·n-f

2526 309 2545 345 s
2760 2 2769 393 l
