2784 4392
412 267 529 334 198
887 291 942 338 s.
982 288 1219 340 'rueme
1257 288 1590 345 neumam
1628 285 1945 337 croscum

387 413 469 462 'se
490 405 723 464 habetur
752 419 849 482 per
884 408 1281 485 Hieronymum
1308 407 1364 467 in
1403 406 1647 484 Epistola
1693 407 1766 465 nd
1801 402 2208 465 Pammachium
2229 417 2427 462 mona·-

410 493 563 552 rhum
609 508 630 554 .·
672 516 700 551 α
747 497 805 555 Si
852 498 1195 556 adamaveris
1218 499 1498 572 captivam
1535 496 1842 566 mulierem,
1873 493 2164 553 scientiam
2209 493 2428 552 scilicet

411 583 732 643 saecularem
786 591 844 642 et
892 589 1012 660 ejus
1052 584 1456 663 pulchritudine
1503 592 1702 662 captus
1757 583 1944 653 fueris,
1989 583 2215 643 decalva
2273 599 2420 652 eam,

412 677 577 746 atque
598 673 881 733 illecebras
908 677 1142 734 crinium
1171 683 1340 752 atque
1369 684 1694 734 ornamenta
1716 674 2010 734 verborum
2039 687 2164 730 cum
2190 673 2421 729 remotis

414 760 683 833 unguibus
708 777 854 831 seca,
876 763 1002 822 lava
1019 779 1142 823 eam
1168 764 1474 840 prophetali
1497 765 1664 834 nitro,
1685 769 1742 821 et
1761 771 1894 821 tunc
1923 759 2272 836 requiescens
2292 775 2425 818 cum

417 847 530 914 illa,
563 849 733 908 dicito
768 851 1044 911 :Sinistra
1081 855 1202 928 ejus
1240 853 1345 912 snb
1380 853 1565 928 capite
1593 866 1736 920 meo,
1781 857 1839 908 et
1879 850 2075 908 dextra
2117 848 2261 906 illius
2301 863 2427 906 am·

418 935 728 1009 plexabitur
755 955 862 1008 me,
880 941 1158 1007 etmulios
1188 941 1285 999 tibi
1308 941 1474 1000 foetus
1501 943 1721 1016 captiva
1743 939 1917 1008 dabit,
1947 953 2014 996 ac
2037 937 2105 996 de
2129 936 2428 996 Moabitidis

418 1023 682 1082 efficietur
710 1027 993 1088 Israelitis.
1026 1051 1054 1085 n
1079 1029 1159 1089 Ex
1184 1047 1294 1106 quo
1325 1036 1497 1105 patet,
1523 1029 1671 1105 quod
1698 1037 1754 1087 et
1777 1027 2058 1106 monachis
2089 1027 2216 1084 licet
2245 1040 2432 1085 saecu-

419 1111 561 1170 lares
602 1115 862 1174 scientias
899 1119 1203 1190 addiscere,
1245 1120 1541 1179 dummodo
1582 1135 1648 1177 ea
1685 1118 1762 1176 ibi
1801 1133 1926 1192 quae
1977 1113 2429 1192 reprehensibilia

419 1203 787 1274 inveniuntur,
821 1209 1121 1266 secundum
1150 1203 1394 1282 regulam
1421 1225 1595 1268 sacrae
1618 1206 1919 1282 Scripturas
1947 1213 2284 1264 resecentur.

434 1321 439 1326 ·
488 1289 670 1351 ittem.
700 1293 1035 1368 Augustinus
1062 1294 1117 1354 'in
1145 1296 1195 1354 Π
1218 1295 1295 1355 De
1318 1297 1572 1356 doctrina
1603 1297 1918 1365 christiana,
1947 1295 2084 1353 dicit
2117 1311 2132 1351 τ
2165 1313 2194 1348 α
2227 1293 2431 1351 Philo-

421 1381 576 1454 sophi
602 1379 697 1456 qui
724 1395 1010 1455 vocantur,
1036 1385 1083 1444 si
1123 1403 1231 1462 qua
1258 1403 1390 1445 vera
1417 1395 1474 1446 et
1497 1385 1625 1444 fidei
1661 1391 1864 1444 nostrae
1894 1383 2246 1443 accommoda
2272 1383 2429 1440 dixe-

422 1478 569 1540 runt,
604 1473 837 1530 maxime
884 1470 1169 1545 Platonici,
1196 1488 1304 1534 non
1338 1476 1517 1534 solum
1541 1475 1886 1534 formidanda
1915 1488 2023 1531 non
2061 1481 2208 1542 sunt,
2235 1471 2330 1529 sed
2361 1471 2431 1529 ab

422 1563 505 1618 eis
534 1567 797 1636 tanquam
839 1563 909 1623 ab
947 1567 1163 1640 injustis
1200 1565 1608 1641 possessoribus
1649 1565 1710 1624 in
1752 1577 1912 1623 usum
1947 1569 2196 1621 nostrum
2232 1563 2433 1622 vendi-

424 1650 622 1708 canda.
658 1671 685 1705 1>

494 1737 655 1796 Item.
693 1738 884 1798 Daniel
914 1754 955 1814 1,
1002 1757 1166 1819 super
1207 1741 1343 1802 illud
1384 1761 1400 1801 ε
1450 1742 1639 1802 Posuit
1673 1739 1867 1801 'autem
1918 1741 2114 1798 Daniel
2164 1739 2225 1797 in
2276 1739 2432 1798 corde

424 1839 543 1894 sno,
566 1833 673 1884 etc.
716 1829 851 1886 dicit
884 1829 1116 1888 Glossa:
1147 1850 1173 1886 α
1202 1833 1309 1902 Qui
1334 1833 1404 1890 de
1427 1847 1616 1890 mensa
1649 1831 1796 1904 regis
1820 1847 1926 1888 non
1969 1831 2088 1887 vult
2122 1831 2430 1898 comedere,

427 1929 497 1971 ne
524 1914 816 1986 polluatur,
848 1917 893 1974 si
926 1919 1251 1991 sapientiam
1288 1929 1345 1978 et
1373 1921 1681 1978 doctrinam
1705 1916 2082 1995 AEgyptiorum
2121 1919 2288 1976 sciret
2313 1933 2432 1974 esse

427 2011 734 2076 peccatum,
768 2021 1045 2080 nunquam
1083 2006 1386 2065 didicisset.
1419 2009 1626 2066 Didicit
1653 2017 1860 2075 autem,
1907 2023 2011 2064 non
2053 2015 2116 2064 ut
2144 2013 2428 2081 sequatur,

431 2092 527 2148 sed
568 2100 628 2147 ut
648 2092 877 2166 judicet,
917 2104 1082 2169 atque
1124 2095 1436 2155 convincat.
1476 2097 1541 2160 ‚Si
1592 2098 1718 2172 quis
1764 2099 1908 2155 enim
1939 2097 2224 2170 imperitus
2273 2095 2435 2167 hujus

432 2180 567 2237 artis
614 2179 878 2240 adversus
920 2183 1340 2244 mathematicos
1388 2185 1616 2254 scribat,
1658 2193 1753 2244 aut
1803 2201 1996 2260 expers
2055 2185 2430 2259 philosophiae,

432 2277 622 2327 contra
682 2271 1034 2348 philosophos
1080 2281 1247 2348 agat,
1293 2273 1422 2348 quis
1462 2275 1631 2334 etiam
1679 2273 1940 2332 ridendus
1998 2274 2276 2331 irridendo
2326 2289 2436 2330 non

431 2358 649 2418 rideat?
682 2379 708 2413 n

502 2449 582 2505 Ex
608 2450 806 2525 quibus
834 2449 1085 2509 omnibus
1113 2459 1287 2528 patet,
1327 2453 1477 2530 quod
1499 2450 1742 2511 studium
1785 2453 1839 2510 in
1869 2449 2140 2526 religiosis
2169 2459 2254 2508 est
2281 2467 2436 2508 com-

430 2539 947 2612 commendandum‚
964 2547 1018 2599 et
1040 2542 1312 2616 praecipue
1335 2549 1652 2600 sanctarum
1671 2541 2094 2616 scripturarum,
2118 2547 2174 2597 et
2202 2545 2437 2600 maxime

436 2628 487 2682 in
519 2629 627 2685 illis
650 2630 741 2700 qui
773 2630 841 2686 ad
868 2630 1275 2701 praedicandum
1312 2631 1664 2702 deputantur.
1699 2631 1852 2701 Quod
1885 2646 2014 2702 ergo
2054 2630 2258 2686 dicitur
2283 2631 2332 2687 11
2367 2629 2436 2688 ad

430 2713 672 2771 Timoth.
708 2730 779 2771 m
824 2727 840 2770 t
883 2713 1094 2790 Semper
1135 2717 1412 2787 discentes,
1453 2727 1505 2777 et
1545 2731 1816 2794 nunquam
1863 2719 1934 2776 od
1975 2719 2255 2776 scientiam
2285 2719 2437 2776 veri-

433 2801 567 2859 tatis
599 2803 987 2874 pervenientes,
1032 2817 1138 2862 non
1167 2805 1222 2864 in
1251 2809 1730 2882 reprehensionem
1773 2808 1994 2876 dicitur,
2033 2807 2180 2882 quod
2224 2819 2438 2880 semper

434 2890 669 2957 discant,
693 2885 804 2948 'sed
834 2893 964 2968 quia
993 2895 1062 2951 ad
1100 2897 1389 2954 scientiam
1415 2897 1666 2956 veritatis
1695 2909 1802 2954 non
1839 2895 2163 2970 perveniunt
2197 2911 2209 2951 ε
2242 2904 2298 2952 et
2335 2895 2438 2954 hoc

434 2979 703 3052 contingit
732 2976 837 3037 illis
868 2996 1103 3057 quorum·
1136 2986 1380 3045 studium
1414 3003 1509 3044 eos
1549 2999 1582 3044 a
1615 2985 1742 3043 ndei
1789 2985 2023 3044 veritate
2053 2999 2150 3040 seu
2204 2984 2437 3041 rectitu-

434 3066 561 3128 dine
591 3081 775 3127 errare
821 3071 971 3129 facit.
1008 3075 1162 3132 Unde
1206 3083 1263 3132 et
1303 3075 1507 3134 ibidem
1547 3077 1799 3149 sequitur
1841 3085 1856 3130 ε
1893 3073 2150 3128 Homines
2192 3069 2437 3152 corrupti

431 3167 636 3225 mente,
670 3161 886 3234 reprobi
910 3165 1055 3220 circa
1082 3164 1265 3220 fldem.

503 3247 588 3305 Ad
617 3246 675 3306 id
697 3251 845 3323 quod
880 3248 1177 3326 Gregorius
1204 3247 1359 3322 dicit,
1392 3251 1538 3326 quod
1572 3247 1940 3307 Antichristus
1977 3243 2199 3305 habebit
2231 3249 2439 3323 praedi·-

427 3342 649 3396 'catores
680 3339 869 3395 mundi
907 3339 1193 3398 scientiam
1223 3337 1505 3408 habentes,
1539 3337 1848 3406 dicendum,
1882 3337 2027 3413 quod
2077 3338 2335 3412 intelligit
2367 3341 2435 3396 de

432 3425 545 3486 illis
581 3430 674 3503 qui
716 3428 952 3486 humana
994 3433 1212 3485 utentes
1252 3427 1504 3497 scientia,
1532 3427 1801 3485 inducunt
1839 3422 2102 3503 populum
2137 3429 2202 3485 ad
2248 3429 2432 3484 mundi

434 3519 707 3576 desideria
745 3525 802 3575 et
838 3523 1083 3592 peccata.
1120 3517 1274 3577 Unde
1308 3517 1610 3592 Gregorius
1640 3519 1829 3575 statim
1872 3519 2153 3592 subjungit
2191 3517 2436 3574 auctori-

434 3615 606 3665 tatem
643 3607 820 3665 Esaiae
847 3619 1015 3676 xviii,
1048 3609 1071 3664 l
1122 3625 1135 3664 ε
1170 3601 1259 3668 Voe
1303 3612 1466 3667 terroe
1499 3607 1725 3682 cymbalo
1758 3607 1974 3666 alarum
2009 3623 2125 3681 quae
2164 3606 2336 3664 mittit
2373 3605 2434 3664 in

432 3697 578 3752 mari
598 3697 790 3768 leontos
816 3715 957 3765 suos,
982 3707 1031 3754 et
1071 3699 1132 3754 in
1160 3699 1300 3755 vasis
1321 3699 1522 3774 papyri
1558 3714 1719 3771 super
1750 3714 1936 3772 aquas,
1976 3697 2121 3770 quod
2160 3710 2435 3770 exponens

434 3782 638 3836 ibidem
664 3783 841 3839 dicit:
882 3807 909 3839 «
950 3781 1031 3841 Ex
1070 3799 1279 3861 papyro
1317 3789 1520 3860 quippe
1561 3785 1752 3842 charta
1795 3794 1897 3842 est.
1945 3785 2085 3853 Ouid
2127 3785 2312 3859 itaque
2338 3802 2434 3859 per

434 3882 721 3944 papyrum,
756 3869 860 3930 nisi
886 3873 1131 3930 scientiae
1166 3875 1449 3932 saecularis
1481 3874 1836 3946 designatur?
1861 3872 2006 3933 Vasa
2041 3873 2208 3945 igitur
2237 3875 2432 3950 papyri
