2784 4392
780 252 901 320 tr.
926 283 1011 304 —
1032 263 1117 318 nn
1152 251 1464 319 ntorum!
1501 253 1846 318 inmersum
2189 242 2322 320 '27³1

312 381 618 442 intentione
642 385 917 444 serviendi
938 387 1076 458 Deo,
1104 387 1201 447 sed
1228 403 1331 447 sua
1352 387 1481 446 odia
1524 390 1584 444 et
1619 387 1950 461 cupiditates
1991 386 2318 460 exequendi,

310 476 469 531 tanta
496 475 747 532 mercede
772 476 1037 536 Dominus
1066 483 1402 546 remunerat,
1433 485 1496 534 ut
1519 476 1588 534 de
1605 475 1854 534 hostibus
1891 475 2180 534 victoriam
2214 475 2324 534 tri-

310 559 465 647 buat,
498 580 665 640 regna
692 565 967 638 subjiciat,
990 574 1045 625 et
1092 566 1267 640 spolia
1300 567 1610 640 diripienda
1653 571 1948 640 proponat,
1976 564 2106 639 quid
2155 565 2322 622 faciet

310 649 469 708 bonis
496 653 715 726 regibus
752 655 846 728 qui
876 654 968 728 pia
1012 656 1315 713 intentione
1352 656 1450 712 Dei
1489 655 1749 729 populum
1794 661 1992 728 regunt
2031 659 2088 710 et
2127 653 2320 722 hostes

312 739 811 817 impugnantiNon
848 745 1072 818 quidem
1114 752 1410 813 terrenam,
1433 744 1529 802 sed
1572 751 1838 802 aeternam
1885 743 2194 800 mercedem
2235 743 2316 800 eis

308 831 603 902 promittit,
630 848 733 888 nee
756 832 811 888 in
854 833 963 890 alio
1000 849 1168 907 quam
1196 833 1249 888 in
1274 849 1334 890 se
1371 835 1509 906 ipso,
1539 833 1756 908 dicente
1793 833 1959 890 Petro
2001 831 2318 906 pastoribus

310 920 494 991 populi
519 921 639 989 Dei,
670 921 695 976 1
722 923 869 978 Petr.
894 937 951 990 v,
984 925 1016 978 3
1050 939 1065 980 ι
1094 923 1303 980 Pascite
1324 923 1417 996 qui
1453 923 1514 978 in
1548 921 1693 980 vobis
1729 927 1806 980 est
1841 937 2044 996 yreyem
2075 919 2319 989 Domini,

308 1014 371 1064 ut
406 1025 526 1064 cum
568 1009 776 1066 venerit
816 1009 1075 1084 Princeps
1100 1017 1404 1088 pastorum,
1441 1011 1501 1068 id
1543 1017 1626 1066 est
1672 1027 1768 1068 rex
1807 1026 1996 1083 regum
2041 1009 2316 1078 Christus,

304 1097 621 1170 percipiatis
666 1098 1150 1156 immarcescibilem
1194 1100 1383 1172 yiorioe
1429 1115 1697 1166 coronam,
1741 1099 1812 1156 de
1865 1114 1977 1172 qua
2019 1097 2155 1154 dicit
2205 1099 2316 1156 lsa.

310 1199 567 1253 xxxviii,
595 1187 629 1241 5
662 1203 675 1243 t
700 1185 841 1246 Erit
866 1187 1126 1244 Dominus
1150 1195 1355 1246 sertum
1380 1187 1727 1246 exultationis
1765 1195 1818 1246 et
1855 1186 2096 1244 diadma
2131 1185 2318 1260 olorioe

306 1274 499 1347 populo
524 1291 639 1332 suo.

380 1365 710 1422 Hocautem
732 1365 947 1424 ratione
990 1364 1397 1424 manifestatur.
1429 1367 1526 1423 Est
1565 1369 1715 1424 enim
1755 1365 2030 1422 mentibus
2073 1364 2320 1426 omnium
2420 1431 2432 1442 ,

312 1452 526 1512 ratione
552 1455 825 1512 utentium
868 1455 1123 1522 inditum,
1156 1456 1381 1514 virtutis
1411 1456 1699 1530 praemium
1744 1455 2142 1511 beatitudinem
2173 1469 2315 1510 esse.

309 1541 499 1600 Virtus
520 1543 666 1598 enim
684 1544 1114 1616 uniuscujusque
1130 1535 1211 1598 rei
1230 1543 1578 1610 describitur,
1599 1558 1724 1616 quae
1746 1541 1948 1599 bonum
1973 1541 2105 1598 facit
2125 1540 2321 1598 haben·

312 1639 442 1697 tem,
472 1639 528 1688 et
554 1647 693 1704 opus
720 1633 838 1703 ejus
863 1632 1063 1688 bonum
1090 1631 1293 1688 reddit.
1312 1632 1395 1688 Ad
1422 1629 1525 1686 hoe
1545 1639 1730 1688 autem
1757 1631 1992 1704 quisque
2020 1629 2157 1685 bene
2181 1645 2322 1702 ope-

310 1720 484 1778 rando
510 1721 706 1776 nititur
735 1720 1041 1794 pervenire,
1074 1719 1221 1796 quod
1244 1725 1331 1776 est
1357 1719 1595 1776 maxime
1621 1718 1895 1774 desiderio
1919 1717 2187 1787 inditum3
2214 1717 2320 1776 hoe

312 1817 497 1868 autem
534 1816 619 1866 est
646 1825 767 1866 esse
795 1807 1211 1882 felicem‚‚quod
1244 1806 1432 1865 nullus
1467 1813 1648 1882 potest
1680 1823 1784 1864 non
1814 1805 1973 1864 veile.
2001 1807 2118 1864 Hoc
2145 1807 2318 1880 igitur

312 1901 598 1972 praemium
614 1897 837 1956 virtutis
858 1897 1244 1955 convenienter
1263 1903 1604 1970 expectatur,
1627 1898 1772 1972 quod
1793 1895 2068 1954 hominem
2091 1895 2319 1955 beatum

312 1989 466 2046 facit.
490 1990 545 2046 Si
578 1993 763 2046 autem
790 1987 927 2046 bene
952 1976 1177 2062 'operari
1214 1986 1440 2046 virtutis
1477 1995 1560 2045 est
1601 2003 1757 2061 opuS‚
1790 1978 1936 2060 regis
1963 1995 2150 2044 autem
2179 2002 2318 2061 opus

312 2085 397 2134 est
420 2079 556 2134 bene
573 2094 765 2150 regere
788 2077 1055 2145 subditos,
1080 2078 1188 2134 hoc
1206 2078 1375 2135 etiam
1399 2079 1504 2134 erit
1526 2078 1813 2151 praemium
1837 2077 1983 2150 regis
2019 2077 2167 2151 quod
2191 2091 2320 2134 eum

311 2167 480 2225 faciat
509 2183 628 2223 esse
653 2167 897 2222 beatum.
924 2157 1065 2236 Quid
1093 2172 1275 2223 autem
1308 2166 1412 2222 hoc
1439 2168 1530 2234 sit,
1568 2166 1695 2222 hinc
1715 2167 2180 2245 ‚considerandum
2207 2171 2315 2222 est.
2347 2203 2350 2206 ·

310 2255 713 2312 Beatitudinem
738 2254 961 2328 quidem
976 2253 1209 2310 dicimus
1230 2243 1484 2311 ultimum
1497 2253 1890 2311 desideriorum
1905 2251 2094 2312 finem.
2124 2257 2320 2329 Neque

312 2345 459 2401 enim
504 2342 759 2409 desiderii
798 2351 985 2399 motus
1036 2359 1207 2419 usque
1250 2343 1307 2398 in
1354 2343 1628 2400 infinitum
1671 2343 1922 2416 procedit
1947 2360 1961 2413 3
2007 2359 2128 2402 esse
2167 2345 2319 2403 enim

312 2435 475 2490 inane
504 2431 751 2490 naturale
793 2431 1145 2502 desiderium,
1179 2447 1305 2490 cum
1339 2432 1552 2490 infinita
1593 2433 1910 2504 pertransiri
1935 2449 2047 2488 non
2079 2434 2314 2506 possint.

310 2525 446 2580 Cum
473 2528 655 2579 autem
686 2521 1020 2578 desiderium
1051 2519 1438 2578 intellectualis
1466 2529 1680 2580 naturae
1705 2523 1780 2580 sit
1807 2522 2134 2593 universalis
2162 2523 2312 2592 boni,

312 2611 415 2668 hoc
440 2613 617 2668 sotum
644 2611 847 2668 bonum
872 2626 1000 2666 vere
1024 2609 1247 2668 beatum
1277 2609 1459 2666 facere
1487 2613 1706 2684 poterit,
1739 2626 1848 2684 quo
1879 2611 2078 2683 adepto
2101 2610 2316 2668 nullum

309 2701 510 2756 bonum
532 2706 705 2757 restat
740 2700 882 2774 quod
922 2698 1157 2774 amptius
1182 2699 1484 2756 desiderari
1525 2700 1698 2776 possit
1727 2717 1740 2754 :
1767 2699 1912 2756 unde
1939 2707 1996 2757 et
2027 2699 2314 2758 beatitudo

312 2789 511 2844 dicitur
540 2789 743 2844 bonum
784 2789 1107 2862 perfectum,
1140 2784 1297 2862 quasi
1342 2788 1526 2845 omnia
1555 2787 1942 2846 desiderabilia
1984 2789 2042 2846 in
2071 2805 2130 2846 se
2157 2805 2316 2848 com-

312 2875 669 2947 preoendens,
712 2874 822 2930 tale
846 2882 1031 2932 autem
1069 2891 1178 2931 non
1220 2882 1305 2931 est
1344 2875 1566 2950 aliquod
1607 2876 1808 2932 bonum
1845 2882 2156 2948 terrenum3
2183 2895 2316 2938 nam

310 2964 405 3036 qui
430 2963 653 3020 divitias
674 2962 899 3031 habent,
926 2963 1161 3038 amplius
1186 2963 1389 3020 habere
1417 2965 1752 3032 desiderant,
1785 2971 1841 3021 et
1863 2966 2042 3024 simile
2072 2974 2230 3041 patet
2255 2968 2316 3029 in

310 3053 549 3110 caeteris.
579 3051 647 3108 Et
684 3051 729 3106 si
759 3051 1023 3123 ampliora
1052 3067 1159 3108 non
1188 3061 1462 3126 quaerunt,
1490 3053 1766 3110 desiderat
1799 3060 1982 3110 tamen
2008 3062 2068 3111 ut
2097 3071 2162 3112 ea
2181 3072 2316 3128 per-

312 3148 589 3198 maneant.
615 3139 701 3196 vel
730 3140 838 3196 alia
863 3141 919 3196 in
958 3139 1135 3196 iocum
1171 3156 1359 3196 eorum
1384 3143 1700 3198 succedant.
1731 3143 1878 3209 Nihil
1917 3143 2061 3199 enim
2091 3160 2314 3215 perma-

312 3247 447 3288 nens
492 3225 766 3286 invenitur
803 3231 857 3284 in
894 3229 1057 3285 rebus
1091 3230 1341 3296 terrenis,
1372 3229 1502 3286 nihii
1534 3230 1700 3302 igitur
1728 3237 2006 3288 terrenum
2043 3239 2128 3290 est
2165 3235 2316 3306 quod

310 3321 560 3392 quietare
580 3319 913 3375 desiderium
932 3314 1123 3393 possit.
1146 3317 1336 3392 Neque
1356 3319 1525 3390 igitur
1541 3329 1819 3375 terrenum
1845 3319 2066 3394 aliquod
2087 3319 2316 3380 beatum

310 3411 491 3466 facere
517 3413 715 3481 potest,
748 3415 809 3463 ut
836 3409 1005 3480 possit
1036 3424 1153 3464 esse
1181 3409 1326 3478 regis
1354 3398 1684 3466 conveniens
1709 3410 2015 3480 praemium.

379 3497 573 3554 Adhuc
614 3496 906 3570 cujuslibet
944 3496 1023 3552 rei
1051 3495 1229 3552 finalis
1258 3497 1518 3569 perfectio
1553 3504 1612 3554 et
1641 3496 1845 3552 bonum
1883 3498 2214 3572 completum
2243 3499 2316 3559 ab

310 3587 494 3664 aliquo
522 3585 804 3658 superiore
842 3584 1132 3660 dependet,
1164 3584 1293 3658 quia
1334 3591 1389 3642 et
1429 3586 1548 3659 ipsa
1581 3585 1885 3658 corporalia
1909 3587 2139 3645 meliora
2178 3586 2314 3646 red-

308 3677 512 3733 duntur
554 3693 621 3732 ex
663 3671 1015 3748 adjunctione
1060 3674 1348 3732 meliorum
1368 3715 1382 3742 ,
1437 3676 1626 3750 pejora
1670 3691 1802 3735 vero
1849 3677 1896 3732 si
1945 3677 2314 3736 deterioribus

308 3768 661 3822 misceantur.
694 3766 751 3822 Si
776 3766 925 3822 enim'
958 3771 1183 3840 argento
1208 3766 1506 3823 misceatur
1533 3751 1747 3839 aurum,
1781 3773 2069 3839 argentum
2093 3767 2166 3824 sit
2191 3783 2312 3824 me-

309 3851 433 3922 lius,
490 3854 637 3928 quod
690 3870 758 3910 ex
809 3852 1013 3928 ptumbi
1063 3853 1398 3918 admixtione
1447 3853 1722 3927 impurum
1779 3853 2028 3914 efficitur.
2081 3855 2310 3916 Constat

1555 4046 1581 4052 ”
1617 4059 1731 4078 bm-
1785 4067 1830 4080 -....
