2784 4392
559 293 690 339 xxv.
723 306 805 325 --
831 290 1070 339 comm
1110 290 1325 341 mave,
1370 290 1475 339 nm
1514 286 1711 350 eutr,
1734 290 2054 341 emanue.
2230 277 2307 341 81

303 417 534 487 possunt
561 408 862 485 apostolica
899 408 1250 481 auctoritate,
1281 414 1344 467 ut
1370 408 1655 482 religiosos
1700 408 1769 474 ad
1796 426 1951 473 suam
1978 412 2310 477 societatem

305 502 624 561 admittant.
1684 552 1689 559 ,
1822 553 1828 560 .

377 591 509 647 Haec
531 594 715 647 autem
743 604 932 648 eorum
973 588 1246 651 sententia
1284 588 1559 649 invenitur
1608 604 1727 647 esse
1766 590 2030 649 damnosa
2078 590 2215 647 falsa
2254 599 2312 649 et

305 680 521 737 frivola,
547 680 822 735 Damnosa
855 677 1077 751 quidem
1115 683 1216 743 est,
1247 678 1380 750 quia
1416 677 1648 749 derogat
1684 678 2073 737 ecclesiasticae
2110 680 2307 737 unitati

309 784 435 843 quae
458 768 708 825 consistit
737 766 1036 823 secundum
1071 768 1390 841 Apostolum
1424 766 1491 823 ad
1529 767 1687 825 Rom.
1720 782 1825 832 xu,
1856 769 1907 833 ὃ,
1938 768 1990 823 in
2028 768 2149 834 hoc,
2174 770 2313 839 quod

306 850 466 915 multi
519 872 686 911 unum
727 870 916 925 corpus
964 870 1144 910 summ
1195 854 1256 914 in
1315 845 1549 919 Christo,
1600 855 1802 925 tinnuli
1848 862 2024 915 autem
2077 858 2305 915 alteriue

306 946 562 1005 membra.
609 944 806 999 Glossa
855 959 871 999 ε
917 943 1173 1001 «Sumus
1219 942 1356 1001 alter
1385 944 1613 1001 alterius
1659 943 1923 1009 membra,
1952 945 2082 1002 dum
2124 944 2313 1005 sumus

309 1034 434 1094 aliis
469 1034 790 1089 servientes·
827 1050 852 1083 a>
897 1030 1024 1089 Ideo
1055 1031 1274 1099 dicitur,
1311 1030 1833 1111 sinqulisecundum
1876 1033 2149 1099 Glossam,
2180 1038 2309 1112 quia

309 1124 490 1181 nullus
513 1122 820 1179 excluditur
844 1121 1019 1190 major
1049 1120 1133 1177 vel
1162 1122 1369 1180 minor:
1404 1121 1545 1201 unde
1572 1127 1725 1195 patet
1750 1123 1894 1194 quod
1922 1124 2310 1181 ecclesiastica

309 1214 505 1271 unitati
535 1210 1147 1285 derogat‚.quicumque
1192 1209 1439 1281 impedit,
1468 1210 1613 1281 quod
1660 1213 2037 1285 unusquisque
2080 1214 2309 1289 alterius
2351 1284 2354 1286 .

309 1302 614 1360 membrum
639 1306 748 1357 uon
775 1300 850 1355 sit
877 1299 927 1355 ei
947 1298 1235 1359 serviendo
1255 1299 1554 1359 secundum
1576 1298 1817 1361 officium
1846 1301 1951 1357 sibi
1972 1310 2307 1373 competens.

308 1393 445 1449 Cum
475 1406 602 1460 ergo
627 1387 898 1459 religiosis
924 1393 1200 1458 competat
1221 1386 1451 1447 docendi
1480 1386 1740 1454 officium,
1762 1388 1965 1461 dequo
1994 1396 2117 1461 post
2139 1406 2311 1460 pauca

309 1478 603 1553 Apostolus
633 1476 963 1533 mentionem
1007 1474 1156 1543 facit,
1191 1475 1378 1533 dicens
1412 1492 1426 1529 ε
1466 1475 1583 1529 Sive
1620 1475 1712 1547 qui
1752 1476 1898 1532 docet
1938 1476 1997 1533 in
2037 1477 2305 1533 doctrina.

311 1563 508 1627 Glossa
539 1584 552 1625 z
581 1586 608 1619 ιι
651 1566 754 1637 Qui
785 1564 949 1621 habet
987 1564 1222 1635 gratiam
1251 1563 1504 1629 docendi,
1539 1571 1598 1622 ut
1643 1563 1947 1621 membrum
1987 1565 2212 1621 alterius
2254 1569 2308 1621 in

311 1656 643 1713 exhibitione
685 1654 969 1719 doctrinae,
1007 1672 1032 1703 ³>
1064 1652 1411 1709 manifestum
1446 1658 1547 1717 est,
1582 1651 1728 1723 quod
1770 1652 2156 1711 ecclesiasticae
2186 1656 2309 1712 uni-

313 1745 414 1801 tati
440 1744 684 1814 derogat,
716 1742 1048 1816 quicumque
1087 1737 1342 1811 religioso
1378 1738 1627 1809 impedit,
1661 1756 1728 1795 ne
1758 1741 2310 1811 quemquam-docere

310 1833 502 1907 possit,
527 1831 612 1887 vel
637 1848 667 1887 a
693 1845 1037 1903 quocumque
1063 1828 1368 1885 addiscere.
1391 1828 1669 1899 Derogant
1692 1828 1860 1885 eliam
1884 1829 2145 1901 praedicta
2176 1832 2312 1888 cha-
2336 1902 2343 1911 ,

312 1922 485 1988 ritati,
513 1920 642 1993 quia
670 1920 967 1977 secundum
999 1917 1380 1989 Philosophum
1414 1917 1467 1973 in
1504 1932 1609 1988 vui
1646 1925 1701 1973 et
1729 1933 1769 1975 x
1792 1916 2111 1975 Ethicornm
2139 1916 2160 1977 .·“
2192 1942 2216 1973 α
2248 1914 2308 1977 I'n
2339 1904 2351 1923 ”

311 2008 804 2071 communicatione
855 2006 1099 2064 amicitia
1143 2006 1403 2066 fundatur
1444 2014 1500 2061 et
1542 1998 1805 2070 salvatur,
1862 2026 1887 2059 n
1934 2008 2022 2064 cui
2062 2012 2309 2081 congruit

313 2098 583 2157 sententia
613 2097 936 2163 Salomonis,
970 2095 1224 2151 Proverb.
1259 2111 1430 2160 xvm,
1466 2097 1533 2154 24
1567 2112 1580 2149 ε
1621 2095 1722 2154 Vir
1760 2096 2009 2153 amabilis
2036 2098 2107 2153 ad
2144 2100 2313 2154 socies-

315 2197 478 2248 tatem
495 2188 662 2260 mo9is
684 2184 1012 2257 amicusherit
1036 2200 1194 2255 quam
1217 2183 1417 2255 frater.
1446 2183 1599 2245 Unde
1626 2184 1719 2255 qui
1750 2185 1999 2257 prohibet
2024 2187 2313 2245 saeculares

313 2280 370 2336 in
395 2278 576 2336 studio
601 2276 868 2348 religiosis
897 2274 1320 2344 communicare,
1339 2271 1475 2335 vele
1506 2288 1785 2341 converso,
1816 2275 2041 2353 impedit
2069 2276 2312 2335 charita-

317 2378 446 2435 tem,
475 2373 529 2423 et
559 2382 626 2421 ex
651 2365 754 2421 hoc
783 2364 950 2419 etiam
979 2361 1331 2443 dissensionis
1364 2369 1421 2417 at
1447 2362 1578 2419 rixae
1606 2362 1927 2423 disseminat
1956 2350 2310 2422 incentivum.

317 2460 553 2528 Derogat
579 2454 747 2511 etiam
787 2452 904 2511 baec
943 2450 1214 2509 sententia
1268 2449 1542 2523 profectui
1578 2450 1934 2507 studentium.
1964 2452 2023 2508 In
2064 2456 2313 2510 omnibus

317 2546 459 2603 enim
490 2544 740 2617 negotiiS,
773 2557 896 2615 quaa
939 2539 1255 2613 &pluribus
1293 2542 1535 2601 exerceri
1566 2545 1811 2611 possunt,
1849 2539 2062 2609 plur-um
2082 2542 2317 2599 societas

317 2634 548 2691 multum
574 2631 794 2705 prodest
828 2648 840 2685 ι
869 2630 1012 2697 unde
1035 2628 1290 2698 Proverb-
1313 2644 1485 2697 xviii,
1517 2630 1585 2689 ⁴9
1616 2645 1627 2685 ε
1656 2628 1883 2693 Frater,
1905 2630 1998 2701 qui
2024 2630 2317 2703 adjtwatui·

316 2741 352 2781 a
373 2724 572 2796 fratre,
599 2720 752 2793 quasi
780 2719 970 2788 civitae
989 2718 1183 2789 firrma3
1207 2724 1264 2775 et
1293 2716 1608 2775 Ecclesiast.
1637 2733 1715 2783 iv,
1744 2720 1775 2772 9
1796 2726 1821 2774 ’ς
1859 2718 2049 2775 Melius
2076 2729 2151 2777 est
2186 2722 2315 2778 duos

317 2829 422 2871 esse
449 2810 630 2875 simul,
659 2825 816 2881 quam
845 2824 1030 2875 unum,
1062 2806 1252 2869 habent
1287 2806 1431 2863 enim
1464 2807 1867 2865 emolumentum
1894 2809 2159 2867 societatis
2184 2828 2314 2867 ετιω.
2397 2806 2401 2808 ’

317 2901 426 2959 Sed
450 2898 722 2972 praecipue
753 2898 806 2953 in
839 2896 1202 2968 acquisitione
1239 2895 1488 2953 scientim
1516 2895 1834 2969 plerumque
1856 2898 2091 2955 societas
2119 2903 2321 2957 multo-

321 3005 442 3046 rum
467 2985 824 3047 studientium
845 2985 1084 3057 prodest,
1117 2984 1246 3057 quia
1275 2984 1552 3041 interdum
1581 2983 1719 3040 alter
1743 2984 1976 3055 ignorat,
2006 2989 2150 3059 quod
2181 2989 2321 3045 alius

319 3075 548 3143 invenit,
583 3083 678 3131 aut
703 3072 848 3147 quod
873 3073 923 3130 ei
955 3072 1246 3131 revelatur.
1277 3072 1434 3130 Unde
1476 3078 1531 3127 et
1559 3072 1989 3145 Philosophu5,·1
2014 3076 2150 3131 libro
2190 3078 2322 3133 Goelt

320 3175 373 3224 et
403 3166 608 3232 mundi,
653 3164 806 3231 dicit,
835 3163 978 3234 quod
1013 3182 1039 3215 α
1071 3160 1283 3233 antiqui
1315 3159 1618 3232 philosophi
1656 3162 1707 3219 in
1752 3164 2203 3221 conventionibus
2232 3166 2319 3221 di-

319 3256 498 3311 versis
523 3254 810 3309 veritatem
835 3251 904 3307 de
945 3249 1259 3308 coelestibus
1300 3248 1719 3319 investigarunt,
1753 3270 1779 3303 »
1824 3250 2163 3325 Quicumque
2193 3270 2323 3325 ergo

321 3340 543 3413 aliquod
594 3355 764 3409 genus
790 3339 1070 3395 hominum
1107 3353 1140 3393 a
1179 3337 1444 3397 societate
1472 3338 1808 3395 studentium
1846 3347 2113 3411 segregat,
2148 3344 2325 3397 mani·-

323 3431 460 3485 seste
487 3440 773 3483 commune
803 3424 1044 3482 studium
1087 3422 1332 3495 impedit,
1361 3432 1417 3479 et
1454 3423 1557 3479 hoc
1600 3426 1871 3496 praecipue
1920 3442 2111 3493 verum
2147 3438 2231 3483 est
2259 3430 2327 3485 do

322 3514 614 3588 religiosiS,
647 3511 736 3585 qui
764 3516 966 3583 quanto
1002 3518 1128 3568 sunt
1159 3526 1189 3563 a
1215 3510 1362 3565 curis
1401 3510 1755 3567 saecularibus
1794 3512 2045 3579 absoluti,
2078 3521 2229 3571 tanto
2258 3517 2329 3574 ad

325 3607 565 3664 studium
611 3598 962 3657 inveniuntur
1003 3596 1177 3665 magis
1221 3597 1421 3663 idonei,
1457 3598 1755 3655 secundum
1798 3600 1930 3657 illud
1958 3602 2335 3664 Ecclesiasticl·

324 3708 578 3760 xxxvm,
613 3692 680 3749 25
725 3707 737 3744 :
773 3685 877 3754 Qui
914 3684 1225 3742 minoratur
1249 3689 1392 3751 actu,
1426 3684 1747 3757 sapientiam
1768 3690 2049 3763 percipiet.
2090 3694 2331 3768 Derogat

327 3789 510 3840 autem
539 3781 802 3855 praedicta
827 3773 1099 3832 sententia
1128 3774 1250 3829 fidei
1280 3773 1689 3843 communicati,
1722 3793 1847 3849 quae
1875 3782 2003 3853 quia
2030 3799 2136 3839 una
2169 3785 2331 3840 debut

326 3887 464 3941 esse,
497 3868 776 3944 catholica
805 3864 1138 3923 nominatur.
1159 3862 1342 3923 Facile
1363 3862 1507 3919 enim
1533 3866 1821 3939 contingit,
1850 3878 1911 3926 ut
1938 3870 2033 3947 qui
2062 3887 2245 3941 secum
2278 3874 2333 3942 in

833 3982 884 4035 S.
917 3981 1074 4035 Tuon.
1105 3980 1192 4046 Ao.
1229 3981 1495 4039 Orpscutn.
1518 4005 1581 4018 -
1603 3981 1662 4040 ill
1718 3982 1836 4048 -6
1942 4023 1951 4033 .
