2784 4392
763 314 872 358 xv.
902 327 984 342 —
1009 312 1088 357 nn
1130 311 1434 356 anamma
1478 313 1839 361 rnmomnu'
2169 291 2319 362 325³

287 427 438 486 ditur
469 443 600 501 ergo
621 445 688 486 ex
705 427 828 495 hoo,
844 426 992 501 quod
1020 425 1280 500 quaelibet
1301 441 1388 484 res
1404 433 1611 498 quanto
1628 427 1915 484 ordinatur
1930 428 1999 486 ad
2015 432 2311 491 excellent-3

288 517 486 578 tiorem
511 517 692 582 finem,
721 521 874 580 tanto
900 514 1026 589 plus
1050 514 1344 587 participat
1370 514 1441 570 de
1474 513 1689 570 actione
1730 515 1938 574 divina.
1966 518 2289 592 Hujusmodi

289 611 471 662 autem
499 610 584 662 est
617 620 844 677 regnum
883 604 1276 676 cujuscumque
1315 603 1745 671 communitatis,
1776 619 1872 661 seu
1910 605 2145 680 collegii,
2174 612 2292 669 siv'e

287 694 504 766 regalis,
535 695 652 750 sive
677 695 1072 765 cujuscumque
1095 688 1453 760 conditionis3
1476 691 1605 764 quia
1632 707 1757 748 cum
1786 692 2293 756 intendat-nobilis-

288 782 486 838 simum
511 781 694 849 finem,
722 788 784 836 ut
816 778 1168 861 Philosophus
1195 779 1370 850 tangit
1400 779 1453 834 in
1495 779 1671 835 Echio.
1698 785 1755 836 et
1785 779 1839 836 in
1870 782 1891 836 1
1919 782 2315 854 Politicorum‚'

287 869 344 925 in
395 870 512 941 ipso
557 868 740 925 divina
789 866 1229 940 praeintclligitur
1271 867 1437 933 actio,
1470 874 1523 923 et
1560 882 1677 925 suae
1716 869 1911 926 virtuti
1949 871 2293 936 dominorum

287 954 576 1028 subjicitur
599 957 862 1027 regimen.
890 955 958 1010 Et
983 953 1110 1010 hinc
1154 953 1296 1011 forte
1337 953 1508 1010 trahit
1545 954 1811 1026 originem
1845 960 2113 1034 veritatis,
2144 965 2295 1039 quod

287 1043 491 1101 bonum
517 1058 807 1105 commune
830 1043 1032 1098 dicitur
1061 1042 1307 1114 potentin
1334 1057 1367 1099 a
1393 1041 1717 1115 Philosopho
1748 1045 1801 1100 in
1828 1046 2016 1104 Emic-

359 1131 626 1205 Amplius,
651 1133 706 1187 in
730 1129 992 1202 regimine
1016 1129 1293 1202 legislator
1319 1145 1536 1203 semper
1560 1129 1721 1188 debet
1747 1130 2031 1194 intendere
2060 1142 2122 1194 ut
2145 1139 2295 1198 cives

287 1220 598 1294 dirigantur
623 1221 694 1278 ad
731 1219 1026 1276 vivendum
1069 1219 1372 1300 secundum
1414 1220 1695 1288 virtutem,
1723 1221 1891 1279 immo
1932 1223 2022 1281 hic
2058 1233 2143 1283 est
2172 1229 2295 1286 finis

288 1309 636 1382 legislatoris,
681 1317 742 1364 ut
783 1307 1134 1380 philosophus
1173 1305 1308 1364 dicit
1347 1308 1403 1362 in
1440 1307 1488 1364 11
1524 1307 1705 1364 Echio.
1765 1310 1993 1384 Propter
2040 1317 2187 1388 quod
2239 1306 2298 1374 et

288 1397 584 1472 Apostolus
607 1395 742 1453 dicit
765 1397 834 1452 ad
860 1394 1205 1453 Timotheum
1229 1395 1272 1466 (Ι
1295 1410 1417 1467 cap.
1450 1411 1489 1464 t,
1522 1397 1607 1464 ⁴5)
1628 1397 1775 1469 quod
1802 1398 1931 1468 finis
1946 1405 2205 1478 prcecepti
2222 1395 2319 1464 est

208 1529 219 1539 .
289 1485 548 1543 charitas.
575 1485 678 1542 Sed
710 1483 778 1541 ad
822 1485 990 1540 istum
1019 1483 1181 1540 finem
1208 1483 1394 1538 venire
1422 1497 1531 1538 non
1571 1499 1861 1556 possumus
1900 1488 2020 1543 sine
2060 1493 2299 1550 motione

291 1575 497 1639 divina,
518 1573 663 1630 sicut
705 1586 806 1627 nec
850 1570 1000 1627 calor
1034 1568 1337 1626 calefacere
1383 1570 1501 1626 sine
1528 1571 1733 1627 virtute
1764 1571 1979 1630 caloris
2004 1575 2163 1648 ignis,
2196 1593 2299 1638 nec

293 1660 535 1719 lucidum
565 1660 746 1716 lucere
782 1657 902 1713 sine
930 1657 1136 1712 virtute
1181 1655 1340 1712 lucis.
1374 1655 1441 1712 Et
1471 1661 1625 1713 tanto
1657 1657 1824 1714 altius
1852 1659 1907 1715 et
1944 1658 2301 1725 excellentius

293 1752 464 1809 motio
515 1748 674 1821 primi
721 1745 1013 1812 moventiS,
1058 1749 1265 1818 quanto
1307 1745 1484 1800 virtus
1532 1745 1721 1804 divina
1774 1752 2190 1823 supergreditur
2242 1765 2299 1814 et,

294 1837 633 1896 transcendit
655 1835 919 1891 virtutem
941 1841 1184 1890 creatam
1210 1839 1264 1889 et
1293 1848 1453 1889 omne
1476 1847 1649 1906 genus
1674 1837 1876 1908 operis,
1894 1841 1991 1896 sed
2020 1849 2075 1897 et
2106 1841 2301 1902 fortius

296 1925 473 1983 influit
494 1927 549 1981 in
573 1930 805 1990 tantum,
838 1934 900 1978 ut
928 1921 1076 1978 dicat
1115 1920 1205 1976 ille
1233 1921 1405 1978 lsaias
1447 1923 1733 1995 propheta,
1758 1940 1923 1994 xxvr,
1956 1931 2025 1987 ⁴2
2058 1925 2078 1986 :⁶
2104 1931 2301 1991 Omnia

293 2030 454 2086 opera
501 2021 691 2070 nostra
735 2017 988 2084 operatus
1033 2026 1085 2065 es
1125 2009 1186 2065 in
1225 2009 1397 2074 nobis,
1428 2010 1672 2068 Domine.
1714 2013 1788 2070 Et
1824 2029 1930 2071 vox
1971 2017 2301 2093 Evangelica

297 2105 472 2174 (loan.
502 2117 602 2166 xv,
625 2101 678 2171 5)
708 2117 723 2154 z
753 2099 878 2156 Sine
901 2115 986 2154 me
1007 2097 1146 2154 nihil
1164 2097 1383 2168 potestis
1406 2097 1604 2168 facere.
2314 2111 2319 2116 ·

364 2191 574 2248 Rursus
603 2188 671 2245 ad
716 2187 880 2242 idem.
912 2185 1060 2242 Finis
1101 2191 1286 2241 movet
1328 2184 1625 2252 efficacius,
1653 2194 1861 2258 quanto
1906 2189 2029 2248 finis
2066 2195 2301 2253 nobilior

294 2287 352 2338 et
381 2279 572 2335 melior
607 2275 898 2348 reperitur,
929 2280 992 2330 ut
1028 2273 1230 2331 bonum
1257 2274 1439 2345 gentis
1467 2281 1719 2348 respectu
1764 2276 1893 2334 boni
1934 2280 2176 2340 civitatis
2214 2282 2302 2342 vel

297 2366 536 2434 familiae,
569 2365 714 2422 sicut
743 2360 1100 2434 Philosophus
1122 2360 1260 2417 dicit
1279 2362 1332 2417 in
1359 2360 1779 2419 matitia-orum.
1804 2364 1954 2423 Finis
2000 2362 2204 2428 nutem¹
2231 2373 2303 2430 ad

295 2470 460 2529 quem
499 2451 874 2527 principaliter
917 2465 1015 2506 rex
1049 2447 1336 2506 intendero
1363 2447 1529 2505 debet
1558 2451 1615 2506 in
1642 2465 1700 2505 se
1726 2452 1845 2526 ipso
1871 2460 1930 2509 et
1957 2456 2013 2511 in
2044 2457 2299 2526 subditis,

296 2550 381 2600 est
403 2553 612 2602 aeterna
640 2537 944 2606 beatitudo,
977 2552 1104 2611 quae
1137 2535 1195 2593 in
1221 2537 1435 2615 visione
1475 2537 1574 2592 Dei
1598 2539 1871 2596 consistit.
1900 2541 1971 2598 Et
2018 2545 2148 2616 quia
2196 2547 2323 2604 ista'

296 2632 438 2690 visio
466 2641 548 2688 est
577 2628 1034 2704 perfectissimum
1063 2625 1284 2691 bonum,
1315 2623 1553 2682 maxime
1578 2625 1743 2684 debet
1778 2642 1999 2686 movere
2034 2647 2219 2705 regem
2248 2640 2305 2692 et

295 2733 700 2795 quemcumque
723 2717 1024 2781 dominum,
1057 2725 1119 2771 ut
1147 2714 1292 2769 hunc
1315 2714 1479 2770 finem
1506 2713 1711 2770 subditi
1736 2727 2159 2792 consequantur,
2174 2723 2304 2796 quia

299 2814 432 2865 tunc
455 2808 661 2880 optime
685 2806 845 2877 regit,
869 2805 915 2860 si
943 2804 1069 2860 talis
1089 2804 1144 2876 in
1173 2803 1292 2874 ipso
1320 2803 1394 2858 sit
1424 2803 1547 2859 finis
1570 2803 1834 2860 intentus.

371 2895 490 2952 Tali
521 2891 716 2951 autem
732 2891 896 2948 modo
917 2905 1051 2947 suos
1066 2890 1290 2962 regebat
1313 2898 1370 2946 et
1398 2890 1738 2962 gubernabat
1765 2907 1863 2950 rex
1892 2893 2003 2962 ille,
2028 2905 2085 2954 et
2106 2899 2305 2958 Sacer-

298 2985 402 3044 dos
427 2983 675 3039 Christus
695 2979 874 3044 lesus,
899 2978 995 3051 qui
1023 2977 1242 3033 dicebat
1271 2979 1326 3032 in
1349 2978 1545 3034 loann.
1571 2993 1631 3044 x,
1665 2983 1732 3037 28
1766 2997 1779 3035 ε
1806 2979 1924 3054 Epo
1952 2982 2117 3040 vitam
2141 2991 2307 3044 σιτον-

298 3089 428 3131 nam
472 3071 538 3127 do
574 3069 668 3126 eis.
699 3067 770 3123 Et
805 3068 1006 3122 iterum
1044 3065 1176 3136 (ibid
1211 3064 1268 3136 x)
1304 3081 1319 3118 ε
1353 3064 1469 3137 Ε’ῃο
1508 3065 1632 3120 veni
1669 3073 1734 3123 ut
1772 3067 1939 3126 vitam
1982 3071 2211 3132 habeant
2255 3083 2309 3134 et

227 3188 232 3191 <
300 3157 664 3220 abundantius
693 3153 940 3212 habeam.
961 3153 1078 3210 Hoc
1100 3158 1285 3207 autem
1313 3151 1555 3208 maxime
1577 3151 1711 3209 facit
1750 3168 1867 3219 rex,
1894 3157 2117 3228 quando
2142 3159 2309 3235 super

301 3263 525 3323 gregem
547 3261 706 3304 suum
733 3245 878 3302 sicut
913 3241 1088 3299 bonus
1109 3246 1301 3315 pastor
1329 3238 1613 3312 invigilat3
1644 3240 1773 3315 quia
1813 3249 1944 3300 tunc
1987 3261 2153 3320 super
2181 3265 2309 3308 eum

301 3337 491 3396 divina
535 3335 630 3392 lux
678 3330 910 3391 irradiat
943 3331 1016 3388 ad
1055 3328 1194 3386 bene
1243 3328 1563 3400 regendum,
1614 3335 1676 3385 ut
1730 3331 2041 3404 pastoribus
2090 3337 2147 3393 in
2184 3345 2309 3399 ortu

301 3425 470 3497 Regis
497 3421 668 3480 nostri
705 3428 763 3479 et
787 3417 1108 3478 salvatoris.
1132 3416 1204 3474 Et
1237 3415 1613 3474 irradiationis
1642 3418 1763 3490 jem
1788 3418 1955 3479 dictae
1996 3421 2069 3481 ad
2108 3424 2311 3486 bonum

301 3514 551 3587 regimen
573 3516 632 3567 et
653 3510 708 3566 in
733 3506 980 3581 principe
1001 3513 1058 3564 et
1084 3504 1142 3563 in
1161 3505 1401 3562 subditis
1422 3510 1633 3561 motum
1661 3506 1987 3567 circularem
2008 3513 2313 3587 accipimus

303 3609 520 3662 rectum
546 3607 604 3656 et
643 3597 946 3670 obliquum,
978 3594 1048 3653 de
1092 3593 1295 3669 quibus
1332 3591 1657 3650 distinctum
1697 3599 1783 3650 est
1816 3609 1986 3670 supra
2026 3608 2085 3658 et
2115 3601 2313 3660 beatus

304 3687 602 3765 Dyonisius
642 3686 889 3759 loquitur
933 3683 989 3740 in
1034 3697 1160 3756 cap.
1193 3695 1254 3740 tv
1294 3681 1370 3740 De
1416 3679 1619 3739 divinis
1657 3680 2005 3742 Nominibus.
2036 3688 2139 3746 Hic
2166 3692 2313 3752 enim

307 3784 490 3836 motus
523 3775 648 3833 ideo
693 3779 880 3832 rectus
921 3770 1144 3838 dicitur,
1173 3769 1304 3842 quia
1343 3769 1406 3826 fit
1432 3785 1527 3842 per
1571 3769 1816 3829 divinam
1854 3773 2309 3840 illuminationem
2364 3801 2370 3807 ·

305 3880 472 3940 super
507 3863 814 3943 principem
855 3858 930 3920 ad
967 3857 1110 3918 bene
1145 3856 1449 3932 regendum
1486 3864 1543 3917 et
1577 3873 1743 3960 sup-er
1786 3861 2047 3937 populum
2095 3868 2312 3928 >meritis
