2784 4392
601 334 739 387 xm.
769 350 851 369 -
877 336 1118 385 coum
1157 337 1344 387 unm.
1388 338 1545 387 nou.
1585 338 1669 387 Ae
1707 341 1953 391 manns.
1996 344 2207 392 neme.
2332 330 2415 395 53

397 452 840 524 rum-excidium,
865 455 960 515 sed
987 454 1233 517 Ecclesia
1261 458 1405 534 apud
1434 464 1625 531 gentes
1654 458 2032 535 multiplicata.
2064 460 2220 535 Quod
2249 473 2409 539 post·

396 560 562 621 quam
589 544 842 619 contigit,
876 544 1008 605 utile
1030 544 1420 619 judicaverunt
1446 548 1813 607 Ecclesiarum
1833 551 2073 623 praelati,
2094 561 2154 610 ut
2195 552 2405 627 praedia

396 638 452 691 et
498 633 614 707 agri
645 632 903 695 Ecclesiis
933 634 1304 703 conserantur,
1331 652 1438 695 non
1474 645 1697 713 propter
1738 638 2092 712 perfectiores
2134 656 2400 716 quosque,

395 720 491 781 sed
515 727 736 797 propter
767 720 1114 790 infirmiores„
1143 722 1236 797 qui
1272 723 1340 783 ad
1387 726 1686 800 primorum
1731 726 1970 786 fidelium
2018 728 2407 803 perfectionem

395 811 664 885 attingere
685 824 793 869 non
813 810 1077 871 valerent.
1095 810 1338 872 Fuerunt
1365 819 1548 873 tamen
1571 822 1625 873 et
1646 814 1816 891 aliqui
1834 822 1957 891 post
1974 816 2195 883 modum
2214 818 2407 890 primae

394 898 745 971 perfectionis
773 896 975 967 aemuH,
1009 900 1104 973 qui
1144 900 1198 957 in
1229 901 1744 975 congregationibus
1773 905 2039 972 viventes,
2071 903 2156 963 his
2201 920 2403 963 carue-

393 992 540 1054 runt,
595 988 738 1047 sicut
786 986 1018 1063 plurima
1062 986 1451 1050 monachorum
1504 990 1733 1065 collegia
1786 992 1844 1050 in
1896 979 2157 1067 AEgyptoss
2201 994 2404 1051 Narrat

393 1076 562 1135 etiam
596 1074 897 1148 Gregorius
924 1074 981 1135 in
1018 1076 1086 1133 ΙΙΙ
1111 1076 1261 1133 Dial.
1292 1076 1362 1133 de
1389 1077 1629 1153 quodam
1656 1079 2000 1141 sanctissimo
2031 1081 2167 1151 viro,
2186 1082 2403 1137 nomine

393 1163 562 1235 isaac,
582 1164 676 1241 qui
697 1164 765 1223 de
779 1165 956 1239 Syriae
987 1156 1234 1237 partibus
1255 1166 1309 1225 in
1331 1165 1550 1225 ltaliam
1579 1165 1821 1236 veniens,
1847 1168 2197 1241 perfectionis
2221 1169 2395 1225 forma

391 1268 556 1329 quam
602 1252 658 1311 in
700 1254 910 1314 oriente
948 1252 1234 1325 didicerat,
1265 1255 1319 1315 in
1367 1256 1653 1313 occidente
1700 1256 2032 1315 observavit.
2060 1258 2195 1313 Cum
2252 1258 2395 1313 enim

389 1342 581 1401 crebro
605 1340 658 1399 ei
681 1340 933 1417 discipuli
955 1342 1232 1401 humiliter
1257 1342 1564 1412 innuerent,
1581 1352 1641 1403 ut
1664 1361 1762 1421 pro
1789 1361 1892 1402 usu
1918 1344 2235 1403 monasterii
2267 1361 2398 1419 pos-

389 1431 658 1493 sessiones
691 1448 818 1509 quae
857 1430 1222 1498 offerebantur
1251 1430 1546 1507 acciperet,
1575 1432 1664 1491 ille
1688 1434 1957 1493 sollicitus
2001 1450 2116 1491 suae
2160 1450 2399 1509 pauper-

391 1520 520 1578 tatis
547 1526 750 1587 custos,
780 1519 976 1576 fortem
1014 1521 1342 1579 sententiam
1381 1520 1603 1580 tenebat
1642 1522 1829 1581 dicens
1861 1536 1876 1580 ε
1906 1542 1932 1577 α
1965 1522 2257 1581 Monachus
2300 1523 2396 1598 qui

389 1608 444 1668 in
489 1615 633 1667 terra
680 1609 1048 1680 possessiones
1085 1610 1304 1685 quaerit.
1353 1608 1655 1667 monachus
1696 1626 1803 1669 non
1851 1617 1966 1680 est;
2020 1630 2047 1663 n
2100 1610 2244 1685 quod
2289 1626 2397 1668 non

391 1688 570 1773 potest
596 1697 822 1771 intelligi
845 1699 914 1755 de
944 1698 1306 1773 acquisitione
1331 1696 1737 1771 possessionum
1766 1714 1861 1777 per
1885 1698 2108 1755 modum
2146 1699 2398 1771 proprie-

392 1785 524 1847 tatis
541 1785 909 1846 habendarum
932 1804 945 1844 :
965 1803 1074 1845 non
1099 1788 1242 1845 enim
1268 1787 1613 1863 praemissum
1644 1797 1745 1855 est,
1774 1788 1921 1863 quod
1951 1788 1999 1845 ei
2027 1788 2397 1861 possessiones

389 1874 710 1940 offerrentur
737 1875 836 1933 nisi
863 1890 962 1951 pro
992 1877 1307 1935 monasterii
1341 1892 1463 1937 usu.
1494 1877 1608 1933 Nec
1641 1884 1821 1933 tamen
1852 1874 1969 1949 ejus
2016 1876 2289 1933 sententia
2313 1875 2396 1933 sic

356 1962 739 2037 ‘intelligenda
778 1973 880 2033 est,
913 1966 1070 2040 quasi
1101 1964 1471 2041 possessiones
1500 1980 1820 2024 communes
1861 1964 2144 2033 habentes,
2174 1964 2395 2021 omnino

387 2068 420 2115 n
447 2051 832 2111 monachorum
860 2051 1192 2126 perfectione
1219 2052 1496 2123 deficiant,
1528 2053 1624 2112 sed
1652 2052 1753 2111 hoc
1782 2053 2001 2112 dicebat
2028 2059 2253 2126 propter
2291 2069 2393 2128 pe·-

386 2140 618 2203 riculum
647 2141 985 2217 paupertatis
1027 2140 1366 2209 amittendus,
1400 2140 1547 2217 quod
1592 2141 1839 2201 imminet
1882 2141 2153 2217 plerisque
2196 2157 2391 2201 mona-

281 2216 290 2225 ’
385 2230 628 2299 chorum,
672 2244 988 2288 communes
1036 2230 1407 2303 possessiones
1448 2228 1785 2290 habentium.
1818 2230 1964 2287 Dicit
2007 2231 2153 2287 enim
2194 2230 2395 2287 Hiero·-

307 2314 314 2319 ’
386 2334 580 2395 nymus
609 2318 665 2379 in
695 2317 984 2393 Epitaphio
1011 2316 1306 2391 Nepotiani
1334 2318 1403 2378 ad
1434 2317 1787 2376 Heliodorum
1813 2318 2141 2393 Episcopum
2172 2333 2185 2375 z
2220 2338 2245 2371 α
2269 2318 2393 2378 Sint

385 2408 610 2468 ditiores
643 2406 914 2475 monachi,
944 2422 1110 2483 quam
1158 2406 1373 2467 fuerant
1418 2406 1729 2465 saeculares.
1763 2406 2082 2466 Possideant
2120 2422 2253 2481 opes
2288 2407 2392 2465 sub

379 2512 622 2573 paupere
666 2496 902 2566 Christo,
929 2511 1068 2571 quas
1107 2493 1211 2555 sub
1251 2493 1523 2567 locuplete
1557 2494 1773 2553 diabolo
1824 2510 1932 2551 non
1978 2494 2302 2562 habuerant,
2335 2503 2393 2550 et

383 2586 620 2662 suspiret
644 2600 739 2643 eos
755 2583 1000 2644 Ecclesia
1023 2583 1242 2651 divites,
1258 2599 1398 2659 qnos
1421 2582 1595 2639 tenuit
1620 2580 1855 2641 mundus
1875 2589 2003 2641 ante
2022 2580 2333 2639 mendicos:
2361 2601 2387 2633 ιι

384 2682 438 2735 et
467 2674 591 2734 ideo
627 2674 908 2749 signanter
943 2672 1264 2745 Gregorius,
1295 2672 1365 2729 de
1410 2673 1467 2733 S.
1493 2672 1649 2729 Isaac
1690 2658 1928 2729 subdit}
1976 2690 2002 2723 α
2055 2669 2146 2728 Sic
2187 2671 2388 2745 quippe

382 2762 662 2825 metuebat
684 2762 1028 2837 paupertatis
1053 2777 1169 2821 suae
1196 2760 1550 2819 securitatem
1579 2760 1986 2835 perdere‚sicut
2010 2759 2161 2819 avari
2186 2759 2389 2816 divites

382 2851 558 2908 solent
598 2852 873 2924 perituras
912 2850 1135 2920 divitias
1174 2850 1473 2910 custodire.
1511 2868 1537 2902 n
1566 2849 1723 2907 Unde
1773 2848 1843 2907 ad
1886 2850 2004 2923 ejus
2034 2847 2393 2907 sanctitatem·

373 2938 798 3010 ostendendam,
823 2937 1088 2999 Dominus
1113 2954 1239 2995 cum
1267 2937 1590 2995 clarificavit
1623 2954 1637 2993 z
1692 2936 1877 2998 subdit
1910 2936 2055 2995 enim
2087 2935 2388 3009 Gregorius

383 3026 452 3091 de
478 3041 543 3085 eo
565 3025 640 3083 ibi
668 3042 682 3081 z
716 3047 740 3080 α
777 3026 971 3101 ltaque
998 3026 1302 3100 prophetiae
1329 3023 1526 3101 spiritu
1554 3026 1841 3099 magisque
1872 3025 2149 3083 miraculis
2176 3024 2391 3082 cunctis

383 3114 541 3187 longe
569 3112 790 3191 lateque
815 3113 1212 3184 habitantibus,
1236 3115 1352 3175 vita
1394 3116 1511 3189 eius
1550 3114 1829 3173 inclaruit.
1860 3134 1887 3167 n
1911 3113 2258 3171 Manifestum
2304 3122 2391 3171 est
2425 3173 2433 3182 ,

381 3204 550 3277 igitur
591 3202 661 3262 ad
705 3201 984 3261 cumulum
1025 3199 1376 3277 perfectionis
1418 3202 1713 3277 pertinere,
1762 3202 1909 3275 quod
1950 3200 2121 3277 aliqui
2167 3215 2431 3275 posses-2
2490 3209 2504 3237 ⁶

381 3289 564 3349 siones
585 3307 696 3349 non
719 3290 978 3359 habeant,
1010 3306 1112 3348 nec
1141 3291 1389 3365 proprias
1414 3307 1515 3349 nec
1538 3305 1875 3350 communes.

451 3376 645 3435 Adhuc
685 3388 867 3454 potest
902 3378 1007 3437 hoc
1043 3380 1327 3451 evidenter
1366 3378 1603 3450 ostendi,
1644 3380 1690 3435 si
1739 3378 1880 3436 ratio
1922 3374 2272 3435 consiliorum
2318 3370 2389 3435 ad

381 3464 766 3539 Evangelicam
807 3467 1197 3541 perfectionem
1245 3469 1637 3543 pertinentium
1698 3467 2095 3525 consideretur.
2148 3464 2234 3526 Ad
2285 3464 2389 3525 hoc

379 3556 528 3616 enim
552 3551 990 3624 introducuntur,
1023 3562 1086 3613 ut
1112 3555 1358 3611 hemines
1385 3572 1417 3611 a
1455 3556 1603 3612 curis
1643 3555 1832 3613 mundi
1867 3552 2128 3627 expediti,
2160 3552 2387 3611 liberius

380 3646 494 3703 Deo
539 3651 740 3704 vacent
771 3660 787 3699 ι
813 3642 957 3699 unde
1007 3642 1300 3718 Apostolus
1346 3643 1626 3717 proposito
1673 3641 1902 3701 consilio
1957 3641 2027 3698 de
2068 3641 2405 3714 virginitate

379 3734 649 3793 servanda
693 3732 832 3791 dicit
870 3732 911 3805 (Ι
948 3732 1074 3790 Cor.
1105 3746 1208 3800 vn,
1237 3731 1323 3803 32)
1352 3748 1366 3787 ι
1399 3730 1506 3799 Qui
1545 3730 1661 3788 sine
1692 3747 1861 3787 uxore
1898 3734 1993 3797 est,
2014 3731 2271 3789 sollicitus
2309 3740 2384 3789 est

381 3840 497 3899 quw
514 3829 641 3883 cunt
667 3821 910 3889 Domini,
940 3820 1190 3897 quomodo
1206 3821 1418 3897 placeat
1443 3820 1573 3877 Deo.
1605 3819 1715 3889 Qui
1737 3828 1914 3879 autem
1944 3836 2061 3879 cum
2083 3838 2252 3879 uxore
2282 3828 2383 3889 est,

379 3911 636 3970 sollicitus
658 3918 733 3971 est
761 3928 876 3987 quae
897 3919 1022 3972 sunt
1047 3909 1258 3978 mundi,
1281 3910 1531 3985 quomodo
1545 3910 1754 3986 placeat
1781 3908 1965 3981 uxori,
1980 3916 2032 3971 et
2054 3909 2256 3970 divisus
2283 3914 2379 3967 est.
