2784 4392
452 266 570 328 274
929 284 980 328 s.
1023 281 1260 326 ⁰1·quAE
1299 267 1632 333 Aoumurs
1670 279 1989 347 ort-secum

369 445 372 450 .
465 399 674 456 sibene
701 399 974 472 subjectos
1016 397 1421 471 gubernaverit,
1450 413 1616 471 quam
1654 397 1855 471 aliquis
1890 394 2258 464 subditorum,
2288 394 2340 452 si
2363 393 2474 452 sub

463 503 590 560 rege
617 489 754 545 bene
774 505 833 546 se
859 488 1134 545 habuerit.
2162 477 2165 480 ’

524 577 792 650 Amplius,
816 578 862 633 si
891 577 1112 634 virtutis
1138 583 1240 644 est,
1261 583 1322 634 ut
1341 593 1439 650 per
1464 591 1586 633 eam
1608 590 1747 648 opus
1767 573 2006 630 hominis
2028 573 2232 631 bonum
2260 572 2469 630 redda-

461 672 568 733 tur,
606 667 842 740 majoris·
870 667 1090 724 virtutis
1133 681 1253 723 esse
1291 665 1513 722 videtur
1552 664 1699 738 quod
1739 665 1917 736 majus
1962 663 2165 719 bonum
2204 679 2303 735 per
2346 677 2467 718 eam

455 754 654 828 aliquis
673 761 948 829 operetur.
981 755 1154 828 Majus
1178 761 1362 812 autem
1391 761 1449 810 et
1476 753 1715 810 divinius
1758 761 1840 808 est
1865 751 2072 808 bonum
2098 751 2467 808 multitudinis

456 859 621 917 quam
646 843 848 902 bonum
877 845 1056 912 uniuS,
1089 844 1230 900 unde
1259 844 1535 900 interdum
1562 842 1763 898 malum
1794 841 1953 897 unius
1982 840 2303 906 sustinetur,
2334 840 2381 897 si
2411 840 2467 894 in

460 931 661 988 bonum
703 933 1071 990 multitudinis
1109 933 1290 1000 cedat,
1321 934 1467 989 sicut
1496 931 1764 988 occiditur
1788 930 1951 998 latro,
1986 938 2047 986 ut
2075 945 2183 1002 pax
2212 929 2467 985 multitu-

457 1021 570 1076 dini
601 1021 781 1077 detur.
809 1023 876 1078 Et
906 1023 1023 1095 ipse
1051 1023 1198 1079 Deus
1227 1021 1368 1078 mala
1400 1037 1519 1078 esse
1560 1021 1612 1076 in
1638 1019 1841 1076 mundo
1874 1035 1985 1074 non
2012 1019 2234 1084 sineret,
2265 1018 2369 1074 nisi
2399 1033 2465 1073 ex

459 1111 538 1165 eis
569 1109 712 1166 bona
740 1110 962 1168 eliceret
1000 1112 1070 1171 ad
1102 1111 1399 1168 utilitatem
1428 1120 1484 1166 et
1525 1108 1989 1182 pulchritudinem
2032 1107 2292 1164 universi.
2334 1107 2467 1162 Per-

462 1199 599 1254 tinet
629 1206 814 1256 autem
859 1208 914 1256 et
960 1201 1106 1270 regis
1148 1199 1407 1265 officium,
1459 1207 1517 1255 ut
1562 1199 1766 1254 bonurn
1811 1197 2181 1254 multitudinis
2224 1195 2467 1252 studiose

462 1294 732 1360 procuret.
766 1289 940 1360 Majus
981 1288 1149 1360 igitur
1173 1289 1463 1360 praemium
1484 1286 1715 1344 debetur
1749 1286 1863 1358 regi
1895 1301 1991 1360 pro
2016 1285 2157 1343 bono
2184 1284 2463 1357 regimine,

463 1392 630 1448 quam
657 1375 876 1432 subdito
899 1393 999 1450 pro
1026 1376 1168 1434 bona
1191 1377 1429 1433 actione.

535 1464 650 1518 Hoc
675 1472 858 1520 autem
885 1463 1226 1520 manifestius
1250 1465 1363 1531 fiet,
1383 1463 1428 1518 si
1452 1462 1577 1536 quis
1598 1463 1772 1535 magis
1802 1463 1856 1518 in
1884 1461 2108 1537 speciali
2138 1461 2465 1519 consideret.

465 1551 744 1608 Laudatur
767 1553 911 1608 enim
938 1547 1007 1608 ab
1031 1552 1338 1610 hominibus
1368 1553 1579 1625 quaevis
1607 1553 1821 1623 privata
1849 1567 2103 1625 persona,
2136 1557 2193 1606 et
2221 1551 2271 1606 ei
2301 1567 2333 1607 a
2357 1551 2468 1606 Deo

467 1649 817 1715 computatur
854 1643 909 1698 in
951 1645 1255 1714 praemium,
1287 1641 1334 1696 si
1360 1636 1539 1712 egenti
1571 1641 1879 1707 subveniat,
1910 1641 1955 1694 si
1983 1640 2275 1696 discordes
2316 1639 2469 1712 paci-

470 1731 614 1796 ficet,
634 1733 679 1786 si
705 1747 1024 1804 oppressum
1051 1749 1080 1787 a
1103 1732 1409 1803 potentiore
1428 1731 1643 1803 eripiat,
1666 1730 1903 1801 deniquo
1932 1729 1979 1784 si
2003 1729 2173 1802 aliqui
2203 1727 2470 1802 qualiter-

471 1833 704 1892 cumque
743 1835 904 1892 opom
931 1819 1017 1876 vel
1056 1819 1342 1876 consilium
1383 1820 1629 1876 conferat
1666 1820 1735 1874 ad
1776 1817 2028 1874 salutem.
2063 1817 2280 1886 Quanto
2309 1817 2473 1888 igitur

475 1907 646 1977 magis
694 1905 998 1962 laudandus
1038 1914 1122 1963 est
1167 1907 1237 1964 ab
1283 1906 1593 1963 hominibus
1635 1913 1689 1962 et
1720 1902 2086 1978 praemiandus
2116 1921 2146 1962 a
2190 1907 2327 1974 Dec,
2378 1905 2471 1979 qui

475 2002 647 2050 totam
682 1994 1020 2066 provinciam
1056 1995 1189 2052 facit
1228 2011 1361 2067 pace
1398 1996 1662 2067 gaudere,
1707 1995 1995 2051 violentias
2032 1993 2269 2061 cohibet,
2306 1997 2474 2068 justi-

475 2083 608 2138 tiam
635 2089 899 2139 servat‘et
931 2083 1169 2156 disponit
1194 2084 1325 2157 quid
1359 2085 1431 2141 sit
1463 2085 1733 2155 agendum
1762 2084 1833 2141 ab
1856 2083 2163 2139 hominibus
2196 2084 2310 2140 suis
2338 2085 2473 2156 legi-

474 2173 576 2226 bus
613 2178 669 2227 et
696 2171 1028 2245 praeceptis?
1063 2173 1201 2230 Hinc
1229 2174 1399 2230 etiam
1436 2173 1753 2245 magnitudo
1786 2174 1951 2244 regiae
1994 2173 2215 2228 virtutis
2253 2180 2475 2245 apparet

476 2260 622 2333 quod
654 2260 927 2334 praecipue
955 2261 1054 2317 Dei
1097 2261 1707 2332 similitudinemgerit,
1738 2261 1868 2316 dum
1892 2261 2007 2332 agit
2034 2261 2089 2316 in
2116 2276 2303 2332 regno,
2330 2262 2473 2334 quod
2518 2286 2521 2288 ’

480 2352 624 2405 Deus
653 2350 708 2405 in
738 2351 936 2408 mundo
964 2368 978 2406 :
1010 2351 1150 2408 unde
1194 2358 1248 2407 et
1292 2353 1347 2406 in
1374 2351 1546 2408 Exod.
1578 2367 1728 2417 xxii,
1762 2351 1977 2422 judices
2005 2349 2374 2406 multitudinis
2400 2351 2476 2404 dii

476 2449 763 2496 vocantur.
791 2441 1152 2513 Imperatores
1171 2441 1340 2498 etiam
1364 2441 1504 2514 apud
1528 2441 1801 2496 Romanos
1822 2439 1900 2495 dii
1922 2439 2281 2496 vocabantur.
2304 2441 2477 2496 Tanto

480 2538 665 2585 autem
693 2526 776 2585 est
804 2529 1007 2602 aliquid
1039 2530 1154 2586 Deo
1179 2531 1476 2602 acceptius,
1510 2535 1713 2600 quanto
1752 2528 1927 2599 magis
1956 2529 2027 2584 ad
2064 2530 2184 2600 eJus
2208 2528 2478 2584 imitatio-

477 2633 600 2672 nem
625 2618 839 2674 accedit
871 2635 884 2672 :
912 2619 1055 2674 unde
1079 2618 1455 2691 etrApostolus
1483 2623 1667 2674 monet
1695 2617 1892 2690 EpheS.
1924 2633 1980 2688 v,
2013 2619 2035 2672 l
2074 2634 2086 2671 :
2132 2617 2318 2674 Estote
2346 2617 2479 2672 imi-

477 2713 678 2761 tutores
704 2705 826 2770 Dei,
849 2705 987 2763 sicut
1007 2706 1115 2776 filii
1151 2707 1472 2764 charissimi.
1499 2706 1602 2762 Sed
1639 2707 1683 2761 si
1714 2706 2014 2762 secundum
2046 2705 2315 2778 Sapientis
2346 2721 2479 2761 sen-

482 2795 706 2848 tentiam
739 2811 752 2846 :
783 2794 956 2849 Omne
981 2795 1179 2850 animal
1215 2793 1394 2866 diligit
1423 2795 1600 2850 simile
1629 2795 1753 2861 sibi,
1786 2794 2087 2851 secundum
2123 2794 2269 2868 quod
2294 2810 2478 2853 causae

481 2881 790 2952 aliqualiter
837 2881 1248 2938 similitudinem
1291 2883 1491 2940 habent
1534 2885 1763 2950 causati,
1814 2899 2153 2957 consequens
2190 2884 2357 2954 igitur
2393 2890 2478 2940 est

480 2969 649 3025 bonos
673 2986 828 3042 reges
852 2971 962 3026 Deo
983 2986 1101 3026 esse
1127 2975 1553 3045 acceptissimoS,
1578 2980 1633 3028 et
1648 2973 1719 3030 ab
1746 2989 1811 3029 eo
1833 2973 2065 3030 maxime
2092 2974 2473 3045 praemiandos.

480 3059 648 3114 Simul
678 3060 861 3126 etiam,
895 3069 955 3116 ut
984 3061 1234 3134 Gregorii
1265 3065 1445 3120 verbis
1486 3070 1607 3119 utar
1640 3080 1653 3118 ι
1682 3063 1825 3132 Quid
1868 3070 1952 3120 est
1982 3069 2281 3136 tempestas
2311 3065 2480 3143 mgis

479 3149 580 3204 nisi
628 3154 922 3222 tempestas
966 3152 1206 3208 mentis?
1247 3151 1443 3222 Quieto
1486 3158 1668 3207 autem
1716 3153 1849 3207 mari
1891 3158 2039 3208 recte
2076 3167 2270 3206 navem
2311 3153 2479 3207 etiam

477 3240 764 3310 imperitus
791 3239 999 3311 dirigit,
1028 3240 1246 3296 turbato
1278 3248 1461 3296 autem
1489 3241 1628 3296 mari
1657 3241 1999 3312 tempestatis
2023 3239 2281 3296 fluctibus
2312 3241 2479 3296 etiam

480 3329 684 3399 peritus
714 3337 880 3386 nauta
905 3329 1251 3385 confunditur
1285 3347 1297 3382 :
1329 3329 1470 3384 undo
1500 3334 1554 3382 et
1580 3328 1900 3402 plerumque
1926 3330 1981 3383 in
2003 3329 2361 3401 occupatione
2389 3345 2480 3384 re-

475 3417 714 3486 giminiS,
744 3418 860 3490 ipse
885 3434 1101 3491 quoque
1141 3417 1262 3472 boni
1291 3417 1471 3488 operis
1503 3433 1629 3473 usus
1656 3419 1921 3491 perditur,
1955 3417 2047 3490 qui
2076 3417 2131 3472 in
2161 3416 2479 3492 tranquilli-

479 3512 589 3560 tate
612 3504 1100 3563 tenebam-‚Valde
1120 3504 1264 3560 enim
1285 3503 1503 3560 difficile
1524 3513 1607 3560 est
1631 3507 1695 3572 si,
1723 3512 1783 3561 ut
1805 3505 2141 3576 Augustinus
2158 3506 2313 3571 dicit,
2337 3505 2481 3560 iuter

477 3593 689 3664 linguas
725 3593 1134 3650 sublimantium
1176 3599 1230 3648 et
1272 3593 1678 3660 honorantium,
1712 3602 1767 3649 et
1798 3593 2060 3666 obsequia
2090 3594 2253 3650 nimis
2290 3591 2479 3648 humi-

475 3681 597 3736 liter
622 3681 977 3737 salutantium
1016 3697 1121 3737 non
1165 3681 1517 3749 extolluntur,
1546 3683 1641 3738 sed
1683 3699 1741 3739 se
1772 3682 2016 3738 homines
2046 3697 2165 3738 esso
2207 3682 2477 3738 memine-

475 3771 602 3823 rint.
634 3769 701 3822 Et
743 3770 796 3824 in
826 3770 973 3825 Eccl.
1005 3785 1176 3840 xxxi,
1209 3775 1239 3826 8
1274 3789 1287 3825 ι
1315 3771 1514 3827 Beatus
1545 3773 1637 3826 vir
1664 3772 1757 3844 qui
1790 3779 1909 3843 post
1936 3787 2133 3828 aurum
2164 3786 2269 3826 non
2317 3769 2477 3838 abiit,

473 3871 567 3912 nec
583 3857 820 3928 speravit
835 3858 892 3912 in
908 3860 1148 3929 pecuniae
1176 3858 1461 3916 thesauris.
1486 3859 1592 3927 Qui
1611 3860 1792 3932 potuit
1816 3863 2038 3934 impune
2066 3858 2397 3934 transqredi,
2424 3868 2477 3919 et

2526 3039 2564 3122 *Ὁ
