2784 4392
855 315 962 386 xv.
992 331 1072 348 -
1098 316 1176 383 nn
1217 316 1523 363 noemma
1564 317 1915 383 Pammenis
2262 299 2383 362 263

374 432 494 490 auri
519 432 636 506 ipse
665 432 832 490 etiarn
859 437 1084 490 senatus
1109 431 1413 508 reliquerit.
1442 432 1547 490 Sed
1574 447 1697 490 cum
1726 431 2155 492 dissentionibus
2176 432 2383 504 fatiga-

374 521 536 580 batur
560 522 851 589 continuiS,
884 538 1010 594 quae
1035 537 1210 596 usque
1245 523 1313 580 ad
1359 521 1499 579 bella
1542 522 1727 580 civilia
1767 530 2149 590 excreverunt,
2180 521 2381 596 quibus

375 610 532 667 bellis
559 611 809 668 civilibus
840 611 920 668 eis
947 611 1172 668 libertas
1196 611 1264 669 ad
1291 627 1457 685 quam
1486 610 1715 668 multum
1747 611 2072 670 studuerant
2101 611 2169 668 de
2198 611 2379 668 mani-

372 699 473 756 bus
499 705 685 774 erepta
719 707 822 768 est,
855 701 958 756 sub
995 707 1268 774 potestate
1302 701 1697 774 imperatorum
1720 715 1841 758 esse
1885 705 2169 774 coeperunt
2198 700 2291 773 qui
2320 714 2381 758 se

374 805 528 861 reges
555 805 586 846 a
615 789 882 864 principio
903 788 1164 862 appellari
1193 789 1503 858 noluerunt,
1530 790 1661 863 quia
1686 791 1951 848 'Romanis
1980 789 2159 847 fuerat
2183 803 2381 846 nomen

333 867 352 879 ⁸
373 879 882 950 regium-odiosum.
914 878 1118 934 Horum
1147 886 1332 936 autem
1360 877 1587 952 quidam
1616 895 1769 936 more
1804 878 1955 952 regio
1992 878 2195 936 bonum
2222 894 2383 936 com·

374 983 536 1022 mune
562 964 793 1023 fideliter
818 974 1266 1040 procuraverunt,
1289 984 1386 1039 per
1410 983 1641 1041 quorum
1665 967 1909 1024 studium
1932 983 2155 1025 romana
2186 982 2382 1040 respu-

373 1054 516 1112 blica
550 1064 604 1112 et
643 1062 804 1112 aucta
829 1062 885 1112 et
921 1064 1242 1114 conservata
1273 1063 1376 1114 est.
1406 1056 1629 1114 Plurimi
1673 1072 1801 1114 vero
1830 1072 2019 1114 eorum
2048 1056 2103 1114 in
2131 1056 2379 1114 subditos

374 1144 596 1218 quidem
638 1145 874 1219 tyranni,
911 1144 980 1201 ad
1009 1143 1196 1210 hostes
1221 1161 1352 1202 vero
1391 1145 1570 1202 effecti
1601 1145 1817 1203 desides
1847 1153 1902 1201 et
1932 1144 2251 1212 imbecilles,
2284 1161 2377 1202 ro-

374 1247 592 1290 manam
633 1233 1024 1307 rempublicam
1054 1235 1122 1291 ad
1171 1235 1399 1292 nihilum
1429 1235 1773 1307 redegerunt.
1804 1234 2009 1292 Similis
2050 1235 2215 1291 etiam
2246 1245 2379 1308 pro-

374 1337 558 1378 cessus
583 1321 685 1377 fuit
718 1323 772 1378 in
799 1323 996 1396 populo
1025 1323 1397 1381 Hebraeorum.
1436 1323 1858 1397 Primo-quidem
1887 1313 2017 1379 dum
2047 1323 2149 1378 sub
2168 1323 2377 1396 judici-

374 1409 472 1465 bus
520 1411 865 1482 regebantur,
908 1412 1148 1485 undique
1190 1413 1590 1487 diripiebantur
1620 1411 1691 1470 ab
1730 1412 1999 1470 hostibuS.
2034 1413 2176 1470 Nam
2206 1428 2374 1468 unus-

374 1501 604 1572 quisque
626 1501 769 1572 quod
793 1500 994 1556 bonum
1017 1509 1138 1558 erat
1163 1498 1417 1557 in'oculis
1440 1502 1553 1558 suis
1579 1501 1681 1557 boc.
1704 1500 1959 1558 faciebat.
1985 1501 2225 1572 Regibus
2248 1515 2377 1556 vero

373 1589 454 1643 eis
479 1587 742 1644 dit-initus
768 1589 914 1644 datis
943 1589 1010 1646 ad
1036 1604 1224 1644 eorum
1253 1589 1593 1655 instantiam,
1624 1595 1845 1661 propter
1870 1605 2059 1660 regum
2087 1589 2374 1654 malitiam,

375 1693 406 1734 a
434 1677 584 1733 cultu
625 1677 914 1733 unius-Dei
939 1684 1281 1734 recesserunt
1318 1686 1374 1734 et
1402 1676 1635 1734 finaliter
1659 1677 1811 1735 ducti
1836 1683 1965 1734 sunt
1992 1677 2045 1734 in
2079 1677 2379 1749 captivita-

377 1774 504 1824 tem.
540 1767 807 1839 Utrinque
825 1765 992 1838 igitur
1015 1765 1256 1840 pericula
1280 1767 1599 1822 imminent:
1628 1766 1745 1823 sive
1771 1766 1901 1822 dum
1930 1767 2153 1824 timetur
2182 1772 2380 1839 tyran-

375 1873 494 1926 nus-3,
520 1855 757 1913 evitetur
779 1857 924 1928 regis
958 1857 1226 1929 optimum
1251 1857 1573 1924 dominium,
1605 1857 1721 1914 sive
1763 1856 1893 1912 dum
1935 1855 2041 1914 hoo
2065 1855 2379 1914 considera·

376 1953 482 2015 tur,
516 1951 758 2019 potestas
785 1947 934 2018 regia
961 1946 1014 2002 in
1039 1944 1306 2003 malitiam
1338 1947 1682 2019 tyrannicam
1704 1951 2073 2004 convertatur.

1155 2125 1439 2196 CAPUT
1510 2127 1593 2194 V.

391 2257 570 2337 Quod
595 2260 662 2322 in
697 2257 958 2322 dominio
993 2259 1273 2340 plurium
1310 2257 1511 2340 maqis
1535 2273 1683 2340 ,ηερε
1709 2257 2014 2342 continyit
2047 2257 2378 2324 dominium

456 2349 866 2428 tyrannicum,
914 2365 1096 2431 quam
1145 2363 1228 2422 em,
1265 2345 1526 2412 dominio
1572 2349 1790 2425 πωπω
1836 2352 1894 2414 et
1937 2348 2069 2426 ideo
2117 2349 2378 2431 reyimen

452 2439 638 2503 unius
664 2439 879 2503 melius
905 2443 1013 2502 est.

445 2575 580 2631 Cum
616 2581 800 2632 autem
843 2575 986 2630 inter
1011 2571 1136 2641 duo,
1167 2587 1233 2630 ex
1262 2587 1494 2646 quorum
1522 2577 1753 2645 utroque
1778 2570 2378 2646 periculum-imminet.

374 2663 574 2735 eligere
615 2668 850 2737 oportet,
896 2663 1028 2718 illud
1065 2663 1346 2736 potissime
1387 2662 1697 2734 eligendum
1738 2667 1843 2728 est,
1871 2675 1941 2720 ex
1978 2675 2091 2734 quo
2131 2661 2380 2733 sequitur

375 2755 554 2810 minus
579 2747 905 2810 malumllEx
927 2751 1239 2808 monarchia
1268 2760 1454 2808 autem
1476 2751 1520 2807 si
1550 2751 1606 2806 in
1632 2750 1976 2824 tyrannidem
2003 2756 2375 2818 convertatur,
2446 2819 2453 2827 ι

375 2843 556 2900 minus
602 2841 803 2896 malum
845 2842 1095 2913 sequitur
1141 2855 1306 2914 quam
1353 2855 1418 2898 ex
1462 2838 1723 2912 regimine
1775 2839 2010 2912 plurium
2054 2840 2378 2912 optimatum

375 2930 596 3004 quando
624 2931 1011 3000 corrumpitur.
1057 2931 1334 2986 Dissensio
1372 2930 1514 2986 enim
1555 2944 1678 3003 quae
1720 2927 2010 3004 plurimum
2040 2929 2287 3002 sequitur
2312 2945 2378 2986 ex

375 3017 640 3092 regimine
682 3015 937 3090 plurium,
971 3017 1337 3074 contrariatur
1379 3020 1521 3074 bono
1550 3015 1718 3093 partie,
1750 3016 1896 3092 quod
1922 3021 2005 3072 est
2046 3005 2377 3092 praecipuum

374 3109 430 3166 in
459 3105 810 3184 multitudine
847 3103 1054 3174 sociali,
1102 3107 1244 3180 quod
1286 3105 1507 3179 quidem
1536 3103 1735 3163 bonum
1764 3121 1861 3182 per
1891 3105 2236 3180 tyrannidem
2274 3121 2380 3162 non

375 3199 604 3268 tollitur,
654 3195 750 3254 sed
797 3193 982 3270 aquua
1026 3191 1437 3268 particularium
1482 3195 1759 3252 hominum
1799 3192 1940 3252 bona
1968 3193 2374 3266 impenduntur,

376 3286 481 3344 nisi
513 3286 674 3342 suerit
702 3297 960 3342 excessus
983 3282 1306 3359 tyrannidiS‚
1339 3283 1483 3358 quod
1524 3284 1577 3341 in
1602 3292 1775 3343 totam
1803 3283 2252 3341 communitatem
2277 3284 2379 3338 de·-

372 3369 792 3447 saeviatliMagis
819 3375 987 3448 igitur
1016 3375 1429 3448 praeoptandum
1468 3383 1551 3432 est
1579 3375 1739 3432 unius
1767 3375 2011 3446 regimen
2038 3387 2204 3448 quam
2234 3374 2379 3428 mul-

376 3473 576 3532 torum,
605 3464 854 3538 quamvis
874 3479 941 3520 ex
959 3470 1192 3538 utroque
1212 3472 1513 3537 sequantur
1536 3447 2019 3544 pericula.QAdhuc
2042 3462 2175 3520 illud
2205 3464 2379 3535 magis

375 3555 690 3628 fugiendum
721 3554 956 3621 videtur,
985 3569 1052 3610 ex
1075 3570 1184 3627 quo
1211 3553 1414 3626 pluries
1442 3555 1595 3626 sequi
1624 3561 1849 3626 possunt
1876 3567 2073 3625 magna
2099 3553 2337 3626 pericula
2360 3571 2373 3620 ;

373 3644 713 3719 frequentius
765 3648 948 3701 autem
995 3648 1297 3717 sequuntur
1333 3641 1573 3698 maxima
1622 3641 1859 3716 pericula
1899 3641 2268 3700 multitudinis
2308 3657 2377 3698 ex

373 3735 667 3792 multorum
712 3732 994 3806 regimine,
1038 3747 1204 3804 quam
1249 3745 1316 3788 ex
1359 3731 1623 3804 regimine
1665 3730 1845 3790 unius,
1877 3730 2201 3804 Plerumque
2229 3731 2375 3786 enim

373 3825 641 3896 contingit
670 3828 732 3879 ut
757 3838 826 3879 ex
853 3821 1099 3895 pluribus
1126 3819 1322 3894 aliquis
1357 3821 1427 3878 ab
1460 3820 1759 3878 intentione
1785 3819 2087 3878 communis
2116 3819 2243 3878 boni
2274 3819 2376 3876 de-

379 3912 548 3982 ficiat,
595 3927 762 3992 quam
791 3911 937 3989 quod
981 3925 1120 3967 unus
1162 3915 1394 3970 tantum.
1441 3909 1780 3986 Quicumque
1810 3915 2004 3971 autem
2036 3925 2101 3966 ex
2131 3907 2375 3988 pluribus
