2784 4392
577 277 710 322 x1v.
740 292 820 361 -f
847 277 1084 322 coum
1123 281 1338 327 meua.
1386 284 1490 328 nm
1530 285 1701 331 cum.
1749 289 1827 332 m·
1869 291 2071 338 nume.
2215 279 2329 340 161

322 394 426 450 bus
449 393 517 451 ad
549 399 724 450 totum
747 393 955 450 victum
983 395 1339 468 quaerendum
1365 410 1435 452 ex
1476 396 1661 454 labore
1690 415 1968 470 manuum,
2003 405 2131 478 quia
2160 404 2205 461 si
2231 406 2332 462 hoe

319 485 584 552 facerent,
637 495 743 539 non
783 483 1181 555 relinqueretur
1225 483 1446 556 aliquod
1496 493 1712 560 tempus
1753 505 1987 548 vacuum
2040 493 2108 550 ad
2157 495 2327 566 spiri·-

325 573 498 629 tualia
525 588 711 645 opera.

387 662 544 716 Item.
575 661 911 732 Augustinus
937 661 988 716 in
1029 661 1222 717 eodem
1263 661 1401 718 libro
1432 663 1660 737 loquens
1689 666 1757 722 de
1792 668 1975 743 aliquo
2002 671 2192 740 divite,
2227 676 2318 746 qui

321 750 458 806 bona
501 765 600 806 sua
635 748 798 816 alicui
825 748 1160 805 monasterio
1193 749 1403 818 tribuit,
1437 751 1573 810 dicit
1613 755 1759 825 quod
1794 776 1819 808 α
1855 757 1991 813 bene
2025 757 2158 815 facit
2189 776 2325 832 ope-

319 840 508 904 rando,
528 848 590 896 ut
618 837 740 894 aliis
764 837 1070 909 exemplum
1100 837 1210 906 det,
1232 841 1485 913 quamvis
1510 842 1628 914 ipsa
1659 859 1747 899 res
1774 847 2079 903 communis
2104 863 2327 906 monas-

319 929 436 983 terii
457 929 574 998 jam
598 927 746 983 facta
762 923 966 981 'debeat
995 927 1044 980 ei
1079 927 1376 998 rependere
1407 930 1583 984 vicem
1624 930 1692 987 ad
1732 932 1902 989 vitam
1940 936 2059 1006 ejus
2095 945 2323 993 ‘susten-

316 1009 558 1071 landam.
608 1014 760 1084 Quod
809 1014 1030 1087 quidem
1067 1014 1111 1069 si
1158 1014 1313 1083 nolit,
1357 1017 1860 1076 scilicet‘manibus
1912 1026 2148 1095 operari,
2196 1028 2321 1099 quis

315 1105 514 1160 audeat
547 1103 786 1176 cogere?
817 1123 844 1156 n
876 1103 952 1160 Ex
983 1119 1092 1176 quo
1121 1112 1292 1176 pat-et,
1323 1106 1467 1178 quod
1513 1106 1738 1179 ille'qui
1776 1108 1916 1166 bona
1955 1127 2056 1169 sua
2099 1130 2327 1171 monas-

316 1195 452 1249 terio
475 1194 588 1260 dat,
617 1199 797 1267 potest
824 1193 942 1248 sine
975 1192 1158 1249 labore
1189 1209 1449 1252 manuum
1475 1195 1546 1250 de
1580 1196 1741 1252 rebus
1771 1203 2083 1257 monasterii
2106 1204 2315 1258 vivere.

312 1282 414 1337 Sed
443 1283 586 1337 sicut
613 1281 756 1337 idem
785 1281 1123 1353 Augustinus
1151 1283 1340 1338 statim
1369 1283 1668 1356 subjungit,
1706 1303 1831 1342 cum
1856 1290 2098 1346 omnium
2128 1291 2317 1349 Chris-

313 1369 581 1426 tianorum
612 1370 682 1426 sit
705 1387 814 1426 una
840 1368 1166 1442 respublica,
1193 1385 1298 1427 non
1324 1371 1507 1427 differt
1533 1371 1861 1446 ubicumque
1886 1392 1985 1433 sua
2010 1379 2312 1452 reliquerit,

311 1457 394 1512 vel
421 1473 452 1514 a
482 1457 916 1530 quibuscumque
949 1457 1187 1528 accipiat
1217 1459 1526 1514 necessaria
1552 1461 1718 1528 vitae;
1746 1475 1876 1531 ergo
1910 1462 1987 1518 illi
2013 1466 2104 1536 qui
2134 1468 2314 1522 omnia

309 1561 434 1618 quae
461 1544 732 1603 habebant
775 1545 1112 1617 reliquerunt
1152 1550 1373 1616 proptei
1416 1544 1712 1612 Christum,
1742 1556 1970 1618 possunt
2008 1567 2040 1606 a
2079 1553 2311 1624 quibus-

307 1633 542 1708 cumque
569 1635 816 1705 accipere
840 1633 984 1688 unde
1007 1632 1216 1687 vivant.

374 1725 534 1779 Item.
567 1722 906 1792 Propositum
927 1719 1221 1776 desistendi
1243 1720 1571 1794 quandoque
1588 1721 1657 1778 ab
1672 1721 1857 1796 aliquo
1873 1725 2017 1797 quod
2040 1735 2124 1783 est
2142 1745 2236 1801 per
2254 1745 2313 1786 se

299 1811 530 1878 malum,
563 1825 668 1866 non
693 1809 870 1864 aufert
899 1807 974 1863 illi
1001 1809 1150 1880 operi
1171 1808 1441 1864 rationem
1467 1811 1697 1883 peccati,
1728 1815 1979 1884 quamvis
2009 1815 2147 1874 forte
2178 1835 2311 1890 pec-

303 1910 491 1957 catum
532 1895 822 1954 diminuat.
845 1898 902 1953 Si
948 1912 1077 1968 ergo
1123 1911 1419 1969 pauperem
1456 1897 1697 1955 validum
1742 1903 1809 1955 ad
1847 1901 2202 1960 laborandum
2242 1907 2310 1964 de

303 1988 664 2061 eleemosynis
691 1987 878 2042 vivere
912 1993 996 2041 est
1027 2001 1126 2057 per
1161 1999 1220 2040 se
1246 1991 1551 2058 peccatum,
1582 1987 1659 2042 illi
1683 1990 1778 2061 qui
1822 2005 1947 2046 cum
1990 1993 2100 2051 sint
2140 1995 2307 2054 validi

304 2077 374 2134 ad
404 2083 618 2148 tempus
645 2074 713 2130 de
739 2073 1098 2145 eleemosynis
1128 2072 1341 2142 vivunt,
1375 2076 1627 2146 quamvis
1663 2077 1950 2134 intendant
1976 2081 2308 2156 quandoque

305 2166 410 2222 alio
449 2164 608 2220 modo
645 2164 850 2228 vivere,
878 2177 986 2218 non
1026 2161 1433 2218 excusabuntur
1472 2179 1504 2226 a
1550 2171 1793 2236 peccam.
1825 2166 1967 2238 Ergo
2006 2170 2308 2226 secundum

300 2255 406 2311 hoc
426 2252 693 2326 peregrini
729 2251 798 2306 de
837 2250 1198 2349 eleemosynis
1238 2250 1508 2317 viventeS,
1536 2253 1629 2323 qui
1669 2263 1797 2309 sunt
1840 2269 2068 2325 corpore
2115 2257 2303 2328 validi,

145 2338 162 2343 ’
240 2387 247 2392 .
304 2349 559 2416 peccant3
586 2347 642 2396 et
651 2338 912 2396 similiter
931 2338 1025 2411 qui
1055 2338 1135 2393 eis
1161 2336 1300 2395 tales
1326 2339 1793 2410 peregrinationes
1817 2341 2127 2414 injungunt,
2161 2348 2303 2418 quod

301 2440 384 2487 est
413 2429 730 2488 absurdum.

371 2519 526 2574 Item.
560 2517 766 2574 vacare
793 2512 1241 2587 contemplationi
1279 2511 1482 2573 divinae
1512 2463 1843 2572 laudabilius
1870 2524 1973 2586 est,
2008 2534 2171 2590 quam
2205 2537 2306 2576 va·-

299 2623 427 2662 care
456 2605 636 2662 studio
660 2599 1046 2676 philosophiae;
1069 2603 1164 2660 sed
1197 2601 1367 2675 aliqui
1404 2601 1522 2657 sine
1552 2608 1795 2674 peccate,
1828 2611 1887 2660 ut
1914 2606 2096 2661 studio
2124 2607 2304 2679 philo-

299 2696 442 2769 phiae
463 2700 683 2761 vacent,
710 2693 778 2748 de
812 2691 1174 2765 eleemosynis
1198 2691 1390 2747 vivunt
1417 2689 1486 2746 ad
1516 2696 1732 2764 tempus
1764 2708 1777 2747 ε
1805 2707 1935 2764 ergo
1965 2699 2019 2748 et
2043 2694 2214 2769 aliqui
2243 2704 2304 2753 ut

299 2782 744 2855 contemplationi
797 2787 1010 2848 vacent,
1062 2781 1133 2836 ad
1182 2785 1395 2852 tempus
1435 2785 1661 2852 possunt
1705 2783 2072 2851 praetermisso
2122 2783 2305 2842 labore

299 2888 556 2928 manuum
611 2870 680 2927 de
733 2869 1092 2942 eleemosynis
1152 2868 1336 2924 vivere
1387 2885 1402 2922 z
1460 2869 1554 2924 sed
1600 2869 2047 2948 contemplationi
2104 2872 2305 2931 diviuae

297 2976 496 3017 vacare
525 2960 580 3014 in
606 2958 751 3014 omni
785 2967 1027 3029 tempore
1051 2963 1136 3013 est
1169 2955 1498 3012 laudabilius
1524 2971 1689 3029 quam
1734 2949 1945 3014 certum
1994 2968 2207 3033 tempus
2236 2962 2301 3018 ad

298 3047 400 3104 hoc
425 3047 730 3120 praefigere.
761 3045 901 3116 Ergo
927 3044 1092 3117 aliqui
1123 3050 1369 3116 possunt,
1391 3049 1451 3097 ut
1475 3045 1920 3116 contemplationi
1946 3053 2161 3116 vacent,
2189 3056 2302 3104 toto

297 3142 542 3208 tempore
572 3135 702 3191 vitae
730 3149 845 3190 suae
871 3132 1236 3206 praetermisso
1263 3131 1448 3187 labore
1476 3131 1544 3186 de
1574 3131 1933 3206 eleemosynis
1956 3133 2158 3189 vivere.

291 3271 296 3274 ,
366 3225 524 3279 Item.
555 3222 805 3280 Charitas
851 3221 1048 3278 Christi
1097 3221 1272 3290 magis
1314 3218 1447 3276 facit
1488 3221 1817 3288 communia,
1864 3236 2029 3292 quam
2059 3221 2299 3278 amicitia

294 3311 516 3384 politica
549 3328 564 3366 z
595 3311 690 3366 sed
735 3310 780 3365 si
821 3309 1022 3382 aliquis
1049 3308 1143 3364 dat
1181 3307 1312 3362 mihi
1343 3323 1457 3364 rem
1488 3306 1749 3380 aliquam,
1791 3308 1939 3363 licite
1968 3323 2190 3380 possum
2224 3311 2301 3364 uti

295 3400 386 3457 illa
412 3408 474 3456 ut
504 3399 636 3455 libet
665 3416 678 3454 ε
713 3414 842 3470 ergo
874 3397 1042 3453 multo
1067 3397 1260 3452 fortius
1285 3411 1505 3468 possum
1538 3397 1721 3452 vivere
1750 3395 1817 3451 de
1843 3393 1926 3450 his
1954 3410 2079 3468 quae
2103 3395 2303 3454 dantur

293 3489 424 3544 mihi
455 3497 678 3561 propter
707 3488 1031 3544 charitatem
1063 3483 1283 3540 Christi.
1327 3514 1331 3518 -

291 3595 298 3602 ·
361 3580 520 3634 Item.
549 3577 651 3647 Qui
683 3582 864 3650 potest
887 3575 1136 3646 accipere
1163 3571 1306 3644 quod
1333 3571 1511 3641 majus
1540 3576 1642 3636 est,
1676 3574 1856 3641 potest
1880 3570 2127 3642 accipere
2156 3574 2304 3646 quod

293 3667 472 3722 minus
500 3675 585 3722 est
618 3683 632 3721 :
680 3665 776 3721 sed
806 3663 1044 3734 religiosi
1078 3666 1303 3733 possunt
1342 3659 1591 3731 accipere
1626 3658 1836 3714 reditus
1866 3658 2011 3714 mille
2039 3653 2305 3720 'marcha-

293 3770 432 3821 rum‚
479 3760 535 3810 et
577 3754 646 3810 de
689 3753 767 3809 eis
805 3752 991 3809 vivere
1027 3749 1146 3804 sine
1175 3747 1358 3803 labore
1388 3763 1667 3814 manuum,
1702 3746 1837 3802 alias
1880 3747 2035 3803 multi
2066 3749 2305 3822 religiosi

292 3839 560 3898 habentes
598 3841 801 3898 multas
842 3834 1232 3910 possessiones,
1276 3830 1461 3890 essent
1502 3833 1560 3890 in
1610 3838 1760 3891 statu
1807 3833 2191 3893 damnationis
2239 3837 2308 3892 Et

799 3953 850 4003 S.
873 3953 1026 4003 Tuon.
1054 3955 1136 4010 Ao.
1173 3951 1439 4002 ornacum.
1470 3969 1520 4014 ς-
1562 3948 1639 4000 111.
1670 3971 1729 3989 —
1755 3949 1809 4000 11
