2784 4392
473 230 615 326 ζ436
967 276 1023 326 s.
1064 272 1302 325 mom
1338 274 1668 329 autumus
1715 274 2030 327 croscum

493 394 638 450 unde
664 392 866 450 dicitur
893 390 1088 461 Eccli„
1125 408 1293 466 xmu,
1321 394 1388 451 33
1419 408 1433 451 :
1470 392 1727 453 Exultate
1754 392 1907 451 illum
1932 398 2199 469 quantum
2226 394 2453 469 potestis
2488 406 2515 461 .·

491 480 669 552 maJor
692 488 768 538 est
794 479 942 537 omni
969 480 1145 537 laude.

563 570 772 627 Deinde
814 569 1026 627 accedit
1065 569 1134 626 ad
1170 568 1463 627 articulum
1484 568 1791 638 Trinitatis„
1832 586 2039 644 ponens
2068 571 2291 645 quidem
2330 573 2511 646 primo

491 659 714 717 nomina
742 658 904 716 trium
935 674 1312 732 personarum,
1340 676 1468 716 cum
1496 660 1629 717 dicit
1658 676 1719 715 :c
1744 660 1924 729 Pater,
1958 666 2013 717 et
2042 660 2233 727 Filius,
2260 670 2318 720 et
2346 662 2510 737 Spiri-

493 756 584 806 tus
608 754 860 818 sanctus3
896 768 923 801 n
953 765 1079 821 quae
1102 747 1326 822 quidem
1356 750 1735 821 exprimuntur
1762 748 1978 814 Matth„
2013 749 2113 805 ult.
2142 767 2249 807 xix
2277 768 2292 806 ε
2318 752 2511 807 Docete

492 854 668 893 omnes
703 844 898 912 pentes,
940 836 1272 911 baptizantes
1298 854 1382 895 eos
1410 836 1470 894 in
1498 838 1708 895 nomine
1729 838 1920 896 Patris
1944 844 1992 895 et
2017 839 2159 896 Filii
2194 845 2242 896 et
2268 838 2511 913 Spiritus

491 927 688 985 sancti·

565 1016 672 1073 Sed
701 1015 849 1073 circa
885 1014 1006 1073 haec
1033 1014 1140 1073 tria
1169 1015 1389 1072 nomina
1418 1014 1783 1074 diversimode
1822 1015 1991 1089 aliqui
2022 1022 2369 1074 erraverunt.
2400 1019 2508 1075 Sa·

491 1102 690 1161 belliue
727 1107 873 1161 enim
901 1105 1040 1161 dixit
1083 1106 1228 1178 quod
1276 1105 1439 1163 Pater
1478 1112 1535 1161 et
1560 1106 1731 1163 Filius
1760 1111 1815 1161 et
1852 1106 2091 1177 Spiritus
2124 1113 2344 1162 sanctus
2374 1106 2507 1163 solis

489 1192 803 1259 nominibus
843 1181 1274 1267 distinguuntur,
1317 1193 1507 1250 dicens
1554 1194 1805 1249 eumdem
1850 1195 1901 1249 in
1944 1210 2173 1268 persona
2216 1212 2358 1261 esse,
2406 1198 2505 1268 qui

492 1282 822 1356 quandoque
863 1282 1066 1338 dicitur
1103 1282 1281 1349 Pater,
1315 1282 1643 1356 quandoque
1682 1283 1869 1351 Filius,
1903 1284 2231 1358 quandoque
2267 1284 2505 1356 Spiritus

489 1377 732 1439 sanctus,
777 1378 998 1443 propter
1023 1369 1264 1425 rationes
1299 1369 1547 1427 diversas
1575 1388 1588 1427 z
1629 1372 1778 1429 etad
1809 1370 1911 1427 hoc
1938 1371 2333 1428 excludendum
2368 1373 2506 1430 sub-

493 1461 643 1517 ditur
673 1474 689 1517 :
719 1479 744 1511 α
773 1458 910 1515 Tres
938 1457 1158 1531 quidem
1187 1472 1453 1532 personae,
1488 1459 1595 1516 alia
1624 1467 1708 1516 est
1732 1461 1877 1515 enim
1908 1476 2138 1532 persona
2167 1462 2363 1529 PatriS,
2396 1463 2505 1520 alia

491 1546 640 1617 Filii,
684 1548 791 1605 alia
821 1548 1055 1620 Spiritus
1097 1548 1308 1617 sancti;
1355 1568 1380 1600 α
1414 1548 1577 1603 Arius
1633 1563 1763 1604 vero
1802 1548 1982 1621 posuit
2040 1549 2187 1623 quod
2243 1550 2404 1607 Pater
2448 1558 2506 1608 et

495 1636 667 1694 Filius
705 1642 761 1693 et
787 1636 1024 1709 Spiritus
1059 1643 1281 1692 sanctus
1309 1636 1453 1692 sicut
1480 1644 1608 1693 sunt
1635 1636 1851 1694 diversa
1877 1637 2117 1706 nomina,
2148 1638 2228 1694 ita
2256 1646 2388 1694 sunt
2414 1640 2507 1695 di-

495 1740 675 1783 versae
713 1724 1038 1782 substantiae
1081 1741 1096 1780 τ
1127 1729 1184 1781 et
1212 1723 1280 1781 ad
1323 1724 1725 1780 excludendum
1764 1724 1869 1782 hoc
1909 1725 2095 1781 subdit
2140 1743 2156 1782 z
2202 1746 2229 1779 α
2259 1728 2364 1783 Sed
2396 1744 2505 1785 una

496 1812 825 1871 substantia.
870 1834 898 1867 ιο
945 1812 1147 1870 Verum
1191 1812 1320 1885 quia
1361 1812 1673 1870 substantia
1713 1813 2013 1871 secundum
2055 1830 2213 1872 usum
2252 1818 2505 1874 vocabuli

495 1904 654 1961 aliter
701 1904 936 1960 sumitur
979 1902 1121 1976 apud
1175 1918 1292 1971 nos,
1339 1910 1395 1959 et
1446 1902 1607 1958 aliter
1634 1902 1777 1976 apud
1820 1902 2063 1971 GraecoS‚
2110 1921 2179 1960 ne
2206 1905 2355 1961 circa
2402 1906 2507 1965 hoc

493 1998 680 2067 posset
705 1992 818 2047 fieri
848 1990 1032 2063 aliqua
1053 1990 1323 2061 deceptio,
1350 1990 1603 2045 subditur
1633 2007 1645 2045 :
1675 2011 1702 2043 α
1730 1990 2075 2062 δθυῃᾶιατθ.
2107 2012 2133 2045 »
2156 1994 2314 2068 Apud
2340 1996 2507 2053 Grae-

495 2095 588 2137 cos
613 2080 757 2136 enim
785 2078 1114 2150 hypostasis,
1169 2078 1224 2132 id
1255 2085 1338 2133 est
1367 2076 1695 2147 substantia,
1730 2079 2013 2152 accipitur,
2048 2082 2189 2136 sicut
2232 2085 2375 2154 apud
2408 2100 2507 2141 nos

495 2182 746 2243 persona,
773 2180 870 2239 pro
899 2182 958 2221 ro
986 2164 1171 2239 aliqua
1198 2166 1549 2236 subsistente,
1590 2184 1757 2241 quam
1790 2168 2023 2225 dicimus
2044 2173 2387 2243 suppositum
2415 2173 2504 2230 vel

493 2273 612 2317 rem
647 2261 860 2313 naturae
902 2270 914 2310 ε
961 2254 1106 2311 sicut
1151 2254 1242 2311 hic
1277 2256 1441 2311 homo
1470 2261 1553 2313 est
1582 2256 1955 2329 suppositum,
1998 2258 2085 2313 vel
2120 2275 2209 2314 res
2248 2259 2506 2321 humenae

493 2353 728 2403 naturae.
773 2343 930 2418 Apud
988 2358 1090 2400 nos
1118 2358 1248 2399 vero
1291 2346 1593 2401 secundum
1632 2359 1973 2401 communem
2015 2361 2176 2402 usum
2220 2347 2501 2423 loquendi,

494 2434 802 2493 substantia
827 2432 1030 2489 dicitur
1058 2433 1298 2489 essentia
1323 2432 1408 2489 vel
1437 2439 1635 2489 natura
1662 2433 1760 2500 rei,
1788 2436 2087 2491 secundum
2124 2438 2273 2509 quod
2304 2438 2506 2496 huma-

493 2523 641 2581 nitas
681 2524 884 2579 dicitur
919 2526 1117 2577 natura
1155 2520 1414 2576 hominis·
1457 2520 1548 2577 Sic
1592 2522 1760 2593 igitur
1790 2521 1951 2577 datur
1997 2522 2225 2594 intelligi
2270 2528 2417 2597 quod
2448 2528 2505 2583 iu

495 2611 786 2668 divinitate
805 2616 915 2665 tres
943 2616 1072 2666 sunt
1100 2608 1479 2675 subsistentes,
1513 2608 1725 2665 scilicet
1756 2609 1936 2676 Pater,
1964 2616 2021 2665 et
2048 2610 2217 2667 Filius
2244 2618 2299 2667 et
2326 2615 2504 2685 Spiri-

495 2707 586 2755 tus
609 2703 851 2765 sanctus,
883 2697 977 2753 sed
1005 2712 1112 2755 una
1140 2711 1366 2753 numero
1389 2697 1712 2769 simpliciter
1738 2705 1933 2753 natura
1962 2705 2049 2753 est
2069 2700 2125 2753 in
2154 2716 2265 2771 qua
2290 2702 2503 2760 subsis-

495 2794 637 2852 tunt,
670 2786 816 2857 quod
853 2785 907 2839 in
937 2784 1098 2840 rebus
1126 2784 1377 2841 humanis
1406 2786 1722 2856 contingere
1750 2800 1856 2840 non
1880 2793 2079 2859 potest.
2112 2788 2305 2865 Petrus
2334 2793 2499 2860 enim,

494 2879 552 2930 et
572 2874 770 2929 Paulus
795 2879 849 2927 et
879 2872 1116 2928 Ioannes
1137 2879 1266 2928 sunt
1290 2873 1512 2947 quidem
1542 2880 1651 2929 tres
1684 2872 2045 2931 subsistentes
2084 2876 2139 2931 in
2159 2887 2367 2935 natura
2394 2880 2503 2936 hu-

495 2973 678 3017 mana.
708 2960 811 3017 Sed
834 2966 1032 3017 natura
1055 2959 1312 3028 humana,
1340 2962 1443 3017 etsi
1478 2962 1552 3018 sit
1574 2978 1685 3019 una
1718 2963 1899 3035 specie
1934 2964 1989 3018 in
2015 2962 2135 3020 istis
2160 2966 2357 3033 tribus,
2396 2986 2505 3025 nou

494 3058 682 3108 tamen
702 3056 786 3106 est
827 3048 1017 3106 eadem
1048 3066 1294 3119 numero,
1345 3059 1401 3107 et
1448 3049 1573 3107 ideo
1618 3059 1729 3107 tres
1771 3050 2019 3108 homines
2046 3061 2191 3119 sunt,
2223 3069 2332 3110 non
2363 3073 2509 3114 unus

491 3139 676 3197 home.
699 3136 838 3209 Quia
859 3154 988 3195 vero
1019 3139 1072 3194 in
1103 3140 1258 3195 l‘atre
1277 3144 1332 3194 et
1353 3137 1492 3194 Filio
1516 3145 1572 3194 et
1597 3137 1801 3211 Spiritu
1820 3149 2014 3196 sancto
2036 3148 2119 3197 est
2149 3159 2254 3198 una
2276 3160 2511 3202 numero

493 3228 681 3287 divina
705 3234 920 3295 natura,
940 3227 1104 3283 dicim
1133 3242 1176 3281 rs
1197 3227 1340 3301 quod
1359 3229 1522 3283 Pater
1542 3234 1596 3282 et
1616 3226 1783 3283 Filius
1799 3236 1853 3282 et
1873 3229 2109 3301 Spiritus
2132 3240 2355 3288 sanctus
2374 3244 2513 3293 sunt

494 3333 634 3375 unus
655 3317 819 3386 DeuS,
850 3322 904 3370 et
935 3330 1039 3371 non
1063 3322 1173 3371 tres
1198 3314 1306 3371 Dii.
1332 3316 1523 3372 Posset
1547 3321 1729 3372 autem
1763 3316 1961 3389 aliquis
2001 3335 2165 3390 prave
2198 3320 2513 3393 intelligere

494 3421 660 3463 unam
689 3402 982 3461 essentiam
1025 3404 1192 3460 trium
1236 3418 1612 3477 personarum,
1659 3405 1735 3462 ita
1780 3404 1989 3461 scilicet
2033 3408 2179 3478 quod
2224 3424 2332 3465 una
2374 3426 2513 3483 pars

492 3492 640 3551 illius
667 3500 882 3551 naturae
911 3500 1054 3549 esset
1084 3492 1138 3549 iu
1183 3494 1360 3559 Patre,
1382 3492 1513 3549 alia
1552 3489 1604 3547 in
1634 3491 1790 3559 Filio,
1832 3492 1940 3550 alia
1970 3494 2024 3549 in
2052 3495 2258 3566 Spiritu
2286 3504 2509 3569 sancto,

493 3582 636 3640 sicut
675 3583 721 3638 si
755 3582 1059 3637 diceremus
1095 3596 1262 3637 unam
1289 3597 1492 3655 aquam
1532 3596 1652 3637 esse
1680 3580 1735 3637 in
1765 3581 1939 3638 tribus
1976 3582 2109 3638 rivis
2137 3583 2521 3663 defluentibus,

496 3672 568 3729 ab
595 3687 703 3727 uno
744 3670 914 3738 fonte,
957 3670 1035 3728 ita
1065 3669 1276 3726 scilicet
1317 3669 1465 3744 quod
1505 3684 1612 3726 una
1636 3684 1764 3743 pars
1804 3685 1965 3743 aquae
2005 3678 2088 3727 est
2132 3672 2185 3727 in
2214 3688 2323 3729 uno
2362 3674 2507 3747 rivo,

495 3758 607 3815 alia
632 3760 692 3815 in
719 3758 846 3828 alie,
885 3760 1046 3815 tertia
1079 3758 1134 3813 in
1164 3759 1349 3815 tertio·
1387 3758 1445 3816 Si
1478 3764 1661 3816 autem
1688 3759 1771 3815 sic
1799 3767 1943 3817 esset
1973 3776 2079 3817 una
2106 3768 2303 3817 natura
2338 3764 2513 3822 trium

494 3854 874 3914 personarum,
917 3852 1241 3918 sequeretur
1273 3846 1422 3919 quod
1458 3846 1647 3906 divina
1683 3852 1882 3906 natura
1918 3854 2063 3907 esset
2100 3850 2408 3922 composita
2436 3868 2509 3909 ex
