2784 4392
735 272 844 314 xv.-
874 287 954 299 -
981 272 1058 313 Du
1101 268 1409 313 nselmum
1450 270 1785 315 ramelenus
2145 251 2267 313 383

253 384 578 441 intendebat
627 383 838 439 bellicis
887 384 1070 451 rebus,
1119 384 1259 440 aiter
1297 384 1689 455 rempublicam
1734 382 2095 456 gubernabat.
2129 384 2267 439 ·Hoc

254 473 400 528 idem
417 480 480 529 et
506 473 574 528 de
594 472 958 529 Amazonibus
983 463 1346 528 scribitur-‚in
1371 487 1605 545 quorum
1635 488 1803 545 regno
1830 489 1924 529 seu
1946 474 2267 529 monarchia

254 562 380 618 duae
421 570 577 617 erant
627 561 830 633 reginae
869 562 986 617 sive
1021 560 1350 627 monarchae,
1395 576 1523 634 quae
1568 562 1649 617 sic
1684 562 2167 634 distinguebantur
2211 562 2267 616 in

253 650 464 715 officiis,
497 651 640 705 sicut
669 650 740 705 de
763 650 1020 705 Romanis
1043 650 1356 705 consulibus
1373 646 1463 705 'est
1489 650 1719 705 dictum.

322 740 572 795 Secunda
601 738 744 793 ratio
767 740 1004 793 sumitur
1027 754 1094 793 ex
1133 738 1247 811 ipsa
1275 738 1644 795 membrorum
1682 738 2029 795 muliebrium
2059 738 2261 812 inepti-

255 825 442 883 tudine
471 826 541 882 ad
589 826 960 899 pugnandum.
993 826 1083 884 Sic
1107 826 1250 882 enim
1281 826 1641 900 Philosophus
1682 826 1973 899 distinguit
1996 827 2065 883 de
2090 832 2262 899 gestis

253 913 572 971 animalium
614 916 756 969 inter
802 914 1106 971 masculum
1153 921 1210 970 et
1250 914 1550 981 foeminam,
1598 916 1727 987 quia
1774 918 2050 971 masculus
2100 914 2307 991 habet.

251 1002 534 1075 superiora
585 1002 828 1059 membra
875 1004 1169 1073 grossiora,
1219 1002 1463 1069 brachia,
1516 1018 1726 1071 manus,
1769 1018 1965 1059 nervos
1992 1008 2049 1058 et
2074 1018 2263 1069 veum,

253 1106 322 1145 ex
357 1089 558 1163 quibus
593 1106 700 1147 vox
743 1092 985 1161 grossior
1011 1101 1324 1163 generatur,
1357 1098 1515 1147 nates
1542 1107 1675 1150 vero
1704 1096 1760 1147 et
1787 1098 2035 1147 ventrem
2078 1098 2134 1146 et
2158 1090 2267 1147 alia

150 1216 166 1222 -
252 1180 668 1235 circumstantia
695 1178 1001 1247 subtiliora,
1043 1178 1301 1233 mulieres
1331 1187 1517 1234 autem
1545 1195 1575 1234 e
1617 1194 1902 1237 converso.
1946 1178 2014 1234 Et
2056 1176 2162 1235 boc.
2206 1188 2265 1234 ut

252 1267 308 1322 in
351 1273 478 1323 actu
527 1267 900 1339 generationis
934 1268 1044 1323 sint
1093 1268 1353 1340 aptiores.
1400 1266 1707 1345 Ampliores
1752 1277 1939 1323 autem
1984 1272 2041 1323 et
2086 1281 2267 1322 mam-

253 1353 430 1409 millas
451 1354 518 1409 ad
546 1354 898 1409 nutriendam-
925 1353 1148 1425 prolem,
1175 1368 1302 1426 quae
1326 1354 1509 1409 omnia
1534 1362 1665 1411 sunt
1684 1354 2011 1427 impeditiva
2029 1370 2227 1425 pugnae
2249 1372 2269 1408 τ

254 1443 400 1499 unde
441 1442 508 1498 de
551 1442 918 1497 Amazonibus
957 1441 1251 1519 scribitur,
1281 1442 1429 1514 quod
1478 1442 1675 1519 puellis
1713 1443 2041 1498 mammillas
2068 1458 2273 1515 ampu-

255 1529 446 1587 tabant
485 1530 723 1597 dextras,
767 1529 1020 1585 sinistras
1053 1536 1242 1585 autem
1279 1530 1735 1601 comprimebant,
1766 1544 1834 1584 ne
1869 1528 2271 1601 impedirentur

255 1632 288 1675 a
315 1616 650 1689 sagittando.

325 1706 511 1763 Tertia
538 1705 682 1761 ratio
698 1704 936 1760 sumitur
956 1718 1026 1760 ex
1041 1702 1399 1775 dispositione
1428 1703 1645 1759 animae.
1678 1701 1871 1759 Tradit
1899 1702 2046 1758 enim
2076 1702 2261 1760 Philo-

254 1794 460 1867 sophus
487 1793 568 1849 Dc
586 1791 750 1871 gestis
772 1791 1111 1858 animalium,
1142 1791 1289 1865 quod
1321 1812 1347 1845 α
1373 1791 1570 1847 mulier
1598 1797 1682 1848 est
1714 1791 1986 1847 masculus
2014 1792 2263 1848 occasio-

255 1887 419 1939 natus
449 1896 463 1937 ε
498 1898 528 1934 n
561 1880 704 1936 unde
741 1880 884 1937 sicut
918 1880 1103 1936 deficit
1147 1880 1202 1935 in
1231 1880 1611 1952 completione,
1645 1880 1724 1937 ita
1758 1886 1813 1935 et
1847 1882 1907 1935 in
1933 1881 2165 1936 ratione.
2197 1880 2273 1936 Et.

256 1970 384 2027 inde
405 1969 660 2043 estquod
691 1976 914 2043 propter
947 1969 1222 2025 defectum
1245 1968 1446 2024 caloris
1478 1976 1535 2025 et
1572 1968 1963 2039 complexionis
2007 1976 2136 2025 sunt
2166 1983 2267 2041 pa-

255 2059 399 2117 vidae
437 2064 493 2115 ct
528 2060 724 2114 mortis
767 2057 998 2126 timidae,
1027 2057 1174 2130 quod
1222 2058 1278 2113 in
1322 2056 1481 2113 bellis
1523 2058 1760 2113 maxime
1806 2058 2123 2130 fugiendum
2161 2065 2265 2114 est.

257 2144 484 2219 Propter
529 2160 663 2204 vero
707 2143 983 2201 defectum
1027 2145 1275 2211 rationiS,
1308 2152 1500 2201 carent
1537 2146 1757 2202 astutiis
1794 2146 2023 2211 bellicis,
2066 2145 2277 2218 quibus

256 2242 564 2306 pugnantes
591 2239 652 2288 ut
679 2232 970 2305 plurimum
995 2238 1124 2289 sunt
1151 2232 1410 2299 victores,
1444 2234 1587 2289 sicut
1618 2233 1874 2303 vegetius
1900 2234 2071 2290 tradit
2097 2233 2176 2289 De
2204 2248 2267 2289 re

257 2321 492 2380 militari
509 2338 530 2381 .·
554 2323 700 2378 unde
726 2320 950 2378 tradunt
972 2320 1232 2387 historiae,
1260 2321 1408 2394 quod
1433 2321 1743 2377 Alexander
1764 2322 2093 2394 quibusdam
2120 2328 2265 2378 astu·

258 2410 350 2467 tiis
379 2420 434 2468 et
463 2410 743 2467 blanditiis
773 2410 976 2466 devicit
1006 2412 1329 2475 AmazoneS,
1358 2410 1535 2481 magis
1563 2425 1730 2482 quam
1764 2409 2001 2466 bellandi
2038 2410 2265 2465 fortitu·

259 2500 403 2556 dine.
432 2498 676 2570 Quarum
703 2511 931 2570 regnum
967 2497 1302 2571 temporibus
1329 2498 1450 2568 ejus
1480 2495 1835 2553 fortissimum
1860 2506 1917 2554 et
1946 2498 2276 2570 potentissi-

259 2602 408 2645 mum
433 2596 553 2645 erat
579 2588 636 2643 in
662 2587 814 2644 Asia.
1530 2638 1534 2643 .

328 2675 538 2747 Quarta
563 2677 709 2733 ratio
735 2675 971 2732 sumitur
995 2690 1061 2731 ex
1091 2674 1398 2747 periculoso
1426 2674 1755 2731 commercio
1783 2673 1888 2732 viri
1914 2681 1969 2731 et
1997 2673 2269 2741 mulieris,

258 2766 389 2837 quia
419 2768 574 2819 actus
595 2779 858 2821 venereus
881 2764 1182 2836 corrumpit
1205 2764 1620 2819 extimationem
1646 2764 1972 2836 prudentiae,
2006 2770 2068 2818 ut
2095 2764 2264 2819 tradit

263 2852 636 2923 Philosophus,
664 2852 719 2906 in
745 2851 838 2907 vtl
861 2851 1065 2920 Echio„
1095 2860 1151 2907 et
1175 2851 1511 2924 impossibile
1534 2860 1617 2908 est
1650 2852 1702 2907 in
1732 2868 1797 2907 eo
1823 2851 2032 2926 aliquid
2060 2851 2264 2908 intelli-

257 2956 408 3012 gere.
441 2939 522 2994 Ex
549 2954 658 3011 qua
687 2930 852 2995 causa
877 2939 1051 2995 virilis
1075 2940 1290 2997 animus
1325 2950 1619 2997 enervatur
1651 2958 1664 2995 :
1700 2941 1841 2997 unde
1870 2940 2051 2997 ferunt
2087 2940 2265 2997 histo-

263 3032 359 3085 riae
381 3028 583 3084 Julium
609 3029 901 3093 Caesarem,
933 3042 1060 3083 cum
1087 3026 1289 3083 bellum
1311 3028 1640 3093 immineret,
1662 3030 1892 3099 jussisse
1922 3044 2049 3085 suas
2076 3041 2272 3085 omnes

260 3118 488 3172 delicias
510 3115 752 3189 separari
779 3130 809 3170 a
838 3115 1055 3181 castris,
1085 3123 1139 3169 et
1167 3114 1441 3187 praecipue
1472 3108 1749 3170 mulieres·
1776 3116 1951 3189 Cyrus
1972 3116 2143 3171 etiam
2169 3132 2265 3171 rex

263 3209 571 3271 Persarum,
599 3219 725 3260 cum
749 3203 932 3276 Lydos
971 3216 1232 3275 superare
1256 3217 1363 3259 non
1393 3210 1598 3275 posset,
1631 3204 1759 3275 quia
1793 3203 2075 3260 fortissimi
2107 3210 2265 3260 erant

259 3301 316 3349 et
345 3293 413 3349 ad
463 3292 676 3349 labores
703 3291 929 3359 assueti,
971 3291 1191 3347 tandem
1221 3306 1318 3365 per
1342 3290 1499 3348 ludos
1536 3300 1593 3349 et
1624 3306 1783 3349 usum
1818 3292 2033 3348 veneris
2064 3292 2265 3348 ibidem

260 3381 592 3438 constitutos
628 3380 833 3437 virtute
877 3378 1282 3437 et'sortitudine
1324 3388 1613 3462 enervatos
1642 3381 1971 3453 perdomuit.
2013 3381 2093 3436 De
2130 3382 2265 3455 ipsis

259 3474 483 3543 insuper
507 3470 768 3526 Romanis
808 3469 1050 3542 antiquis
1092 3470 1172 3525 sic
1192 3468 1386 3525 scribit
1427 3470 1683 3541 vegetius
1723 3470 1778 3525 in
1804 3470 2071 3543 principio
2099 3470 2261 3545 primi

260 3561 383 3617 libri
419 3576 432 3613 z
468 3578 493 3611 α
540 3558 670 3614 ideo
707 3558 854 3631 ipsos
893 3556 1166 3630 perfectos
1199 3558 1269 3613 ad
1295 3556 1500 3613 bellum
1535 3572 1770 3629 semper,
1802 3559 1933 3632 quia
1962 3558 2124 3615 nullis
2166 3572 2267 3615 vo·

261 3647 561 3720 luptatibus
600 3646 877 3719 nullisque
915 3645 1128 3702 deliciis
1165 3644 1577 3719 frangebantur.
1629 3666 1655 3699 ιο
1701 3647 1842 3717 Quid
1890 3646 2092 3722 plura?
2133 3645 2268 3721 quia

258 3738 427 3795 etiam
453 3736 580 3811 equi
611 3735 913 3802 fortissimi,
941 3735 1035 3809 qui
1069 3734 1236 3792 aliam
1262 3742 1390 3791 sunt
1421 3735 1769 3793 audacissimi
1797 3736 1863 3794 ad
1886 3736 2260 3809 pugnandum,

257 3834 315 3884 et
355 3824 544 3901 procul
590 3826 822 3907 odorant
863 3822 1085 3895 bellum,
1134 3840 1200 3883 ex
1253 3826 1545 3899 proesentia
1593 3840 1753 3901 equae
1803 3826 2182 3885 distrahuntur
2230 3840 2269 3885 a
