2784 4392
817 249 926 294 xv.
957 265 1036 323 .-
1064 251 1140 294 nn
1183 251 1483 294 anamma
1528 249 1861 295 emumrum
2214 225 2335 295 305

345 378 540 438 quoque
580 371 780 421 vestras
819 363 978 436 faciel
1019 365 1121 422 sibi
1162 365 1418 436 focariae,
1464 365 1852 437 uitauentarias
1878 382 1942 421 uo
1969 365 2252 438 panificas,
2284 372 2339 420 et

343 456 424 510 sic
459 455 525 513 de
561 454 685 510 aliis
724 453 1126 510 conditionibus
1172 455 1239 510 ad
1285 455 1604 511 servitutem
1650 455 2066 527 pertinentibuS,
2117 471 2243 528 quae
2283 457 2336 509 iu

343 545 366 597 1
397 542 486 598 lib.
517 543 652 613 Reg.
693 543 998 609 traduntur,
1032 559 1127 616 per
1156 542 1259 598 hoo
1287 544 1445 615 quasi
1473 543 1657 598 volens
1684 544 1969 598 ostendere
2006 544 2148 617 quod
2191 545 2337 614 regi-

345 647 467 686 men
507 631 806 703 politicum,
857 631 1002 702 quod
1033 636 1152 688 erat
1187 631 1435 702 judicum
1480 639 1535 686 et
1564 647 1721 686 suum
1766 631 1963 697 suerat,
2011 631 2343 688 fructuosius

343 726 462 776 erat
481 719 695 792 popul0‚
727 721 884 792 cujus
917 725 1096 772 tamen
1123 719 1374 788 superius
1402 721 1737 776 contrarium
1764 728 1845 774 est
1871 730 2168 776 ostensum.

411 809 492 864 Ad
538 809 694 879 cujus
733 807 883 862 dubii
928 806 1350 862 declarationem
1398 800 1678 863 sciendum
1717 814 1801 862 est
1847 809 1990 880 quod
2032 826 2097 864 ex
2139 808 2343 880 duplici

343 901 495 967 parte
523 896 761 966 regimen
795 893 1073 966 politicum
1105 893 1270 964 regali
1306 895 1657 965 praeponitur.
1692 896 1871 950 Primo
1900 896 2143 968 quidem,
2171 898 2215 952 si
2252 915 2343 950 re-
2396 887 2450 960 ,,’

341 983 579 1040 seramus
608 982 907 1038 dominium
932 982 998 1036 ad
1031 986 1236 1036 statum
1262 982 1535 1052 integrum
1562 983 1816 1039 humanae
1843 994 2069 1047 naturae,
2102 985 2192 1056 qui
2220 992 2344 1040 sta-

343 1077 429 1126 tus
460 1069 782 1125 innocentiae
812 1067 1134 1141 appellatur,
1162 1061 1225 1122 'in
1248 1084 1356 1140 quo
1387 1085 1489 1123 nou
1523 1068 1712 1124 suisset
1743 1070 1922 1140 regalo
1954 1071 2213 1141 regimen,
2245 1071 2339 1126 sed

342 1158 640 1231 politicum,
683 1173 748 1212 eo
785 1156 928 1229 quod
967 1162 1094 1211 tuno
1122 1170 1231 1211 non
1269 1156 1462 1211 suisset
1491 1157 1809 1220 dominium,
1845 1159 1987 1230 quod
2020 1161 2338 1214 servitutem

293 1283 302 1291 -
341 1247 583 1314 haberet,
629 1245 724 1301 sed
766 1244 1231 1317 praeeminentiam
1274 1252 1329 1299 et
1370 1245 1766 1316 subjectionem
1812 1247 1863 1300 in
1905 1247 2242 1318 disponendo
2282 1257 2337 1302 et

341 1334 689 1406 gubernando
730 1333 1134 1388 multitudinem
1164 1334 1463 1387 secundum
1502 1335 1697 1389 merita
1736 1336 2127 1407 cujuscumque
2160 1341 2219 1390 ut
2260 1337 2339 1390 sio

341 1423 423 1478 vel
455 1424 507 1477 in
539 1422 808 1477 influendo
831 1421 921 1487 ¹vel
951 1421 1005 1474 in
1031 1420 1340 1491 recipiendo
1369 1420 1706 1475 influentiam
1729 1421 1956 1492 quilibet
1978 1429 2123 1478 osset
2151 1423 2337 1494 dispo-

341 1512 496 1573 situs,
529 1509 825 1565 secundum
853 1508 1264 1578 congruentiam
1304 1522 1418 1562 suae
1448 1515 1676 1579 naturae.
1708 1508 1861 1563 Unde
1892 1510 2032 1580 apud
2064 1511 2338 1580 sapientes

342 1606 395 1653 et
423 1597 668 1652 homines
697 1597 983 1657 virtuosos
1017 1601 1077 1647 ut
1115 1592 1332 1647 suerunt
1363 1594 1574 1664 antiqui
1604 1593 1853 1662 Romani,
1888 1596 2182 1650 secundum
2210 1596 2338 1650 imi-

343 1687 602 1742 tationem
645 1683 768 1738 talis
809 1689 1018 1736 uaturae
1065 1681 1304 1750 regimen
1351 1680 1631 1752 politicum
1673 1681 1868 1738 melius
1911 1682 2031 1737 suit.
2065 1682 2167 1740 Sed
2208 1685 2337 1757 quia

339 1769 574 1844 perversi
614 1768 820 1840 difficile
865 1767 1236 1838 corriquntur,
1268 1773 1318 1821 et
1354 1767 1643 1822 stultorum
1672 1766 1921 1836 infinitus
1958 1775 2029 1824 est
2060 1785 2333 1835 numerus,
2486 1842 2493 1848 ψ

339 1867 398 1914 ut
429 1860 626 1914 dieitur
653 1860 704 1912 in
735 1856 941 1912 EccleS.
983 1872 1020 1922 1,
1057 1857 1142 1921 ⁴5,
1172 1855 1226 1909 in
1253 1861 1447 1910 natura
1479 1865 1735 1929 corrupta
1768 1858 2007 1928 regimen
2040 1859 2219 1930 regale
2253 1869 2335 1914 est
2384 1887 2423 1947 ‚s

339 1949 698 2014 fructuosius;
722 1961 849 2019 quia
870 1951 1082 2017 oportet
1106 1943 1279 2014 ipsam
1306 1949 1557 2000 naturam
1582 1943 1873 2000 humanam
1892 1946 1971 2011 sio
1992 1947 2330 2018 dispositam,

339 2037 494 2110 quasi
534 2037 602 2092 ad
643 2036 725 2090 sui
765 2034 971 2089 fluxum
1005 2031 1267 2086 limitibus
1300 2031 1612 2100 refraenare,
1648 2032 1749 2087 hoo
1777 2040 1959 2088 autem
1997 2034 2129 2090 lacit
2159 2037 2337 2107 regale

339 2123 635 2196 fastigium.
679 2122 834 2178 Unde
871 2121 1138 2199 'scriptum
1172 2125 1254 2174 est
1297 2120 1353 2173 in
1383 2121 1542 2177 Prov.
1575 2136 1675 2180 xx,
1710 2125 1741 2174 8
1790 2138 1801 2175 z
1834 2121 1952 2177 Rex
1992 2122 2083 2194 qui
2110 2125 2249 2180 sedet
2279 2124 2338 2180 in

337 2213 466 2268 solio
495 2209 713 2282 judicii,
751 2206 974 2278 dissipat
1009 2223 1157 2261 omne
1186 2207 1382 2262 malum
1412 2207 1618 2263 iutuitu
1650 2225 1764 2262 suo·
1800 2210 1959 2280 Virga
1992 2227 2119 2282 ergo
2162 2213 2333 2269 disci-

342 2301 520 2372 plinae,
554 2313 716 2371 quam
748 2295 976 2368 quilibet
1009 2294 1185 2358 timet,
1232 2300 1287 2348 et
1327 2293 1475 2364 rigor
1499 2295 1732 2366 justitiae
1777 2307 1902 2353 sunt
1950 2302 2252 2357 necessaria
2285 2303 2335 2357 in

340 2387 730 2458 gubernatione
769 2382 976 2449 mundi,
1021 2382 1151 2454 quia
1194 2396 1289 2450 per
1333 2397 1398 2437 ea
1432 2381 1664 2454 populus
1700 2390 1757 2438 et
1797 2383 2013 2440 indocta
2047 2387 2337 2444 multitudo

341 2476 532 2532 melius
557 2475 782 2546 regitur.
808 2471 962 2529 Unde
989 2467 1282 2542 Apostolus
1309 2469 1377 2524 ad
1402 2469 1559 2525 Rom.
1593 2485 1722 2536 xin,
1749 2471 1801 2538 4,
1833 2471 1984 2538 dicit,
2016 2472 2242 2544 loquens
2271 2475 2339 2529 de

341 2563 642 2621 rectoribus
677 2560 884 2627 mundi,
926 2558 1072 2632 quod
1099 2573 1207 2614 non
1229 2557 1343 2613 sine
1371 2573 1533 2613 causa
1556 2557 1794 2627 qladium
1827 2566 2030 2630 portat,
2063 2561 2254 2617 vindex
2280 2562 2339 2618 in

339 2654 480 2709 iram
509 2652 558 2708 ei
581 2653 673 2724 qui
695 2649 827 2706 male
853 2648 983 2720 aqit.
1013 2647 1081 2702 Et
1106 2645 1427 2702 Aristoteles
1456 2645 1590 2702 dicit
1616 2647 1667 2700 in
1697 2646 1901 2714 Echio„
1928 2650 2073 2720 quod
2106 2671 2131 2702 <c
2163 2666 2339 2722 poenae

341 2743 398 2798 in
427 2739 633 2812 legibus
665 2740 932 2794 institutas
961 2742 1087 2792 sunt
1119 2735 1402 2791 medicinae
1431 2735 1702 2808 quaedam.
1739 2754 1764 2788 »
1800 2735 1942 2809 Ergo
1972 2745 2237 2810 quantum
2268 2741 2334 2795 ad

341 2830 445 2885 hoo
472 2819 894 2896 excellit'regale
925 2825 1246 2880 dominium.
1672 2870 1676 2874 .

412 2915 659 2988 Amplius
702 2922 883 2969 autem
926 2920 981 2968 et
1024 2913 1161 2967 situs
1201 2922 1363 2968 terrae
1389 2912 1687 2967 secundum
1736 2910 2016 2969 stellarum
2058 2923 2340 2986 aspectum

343 3006 617 3076 regionem
647 3000 903 3073 disponit,
938 3005 997 3053 ut
1024 2999 1231 3053 dictum
1260 3007 1344 3054 est
1373 3015 1537 3071 supra
1571 3016 1583 3052 ε
1625 2999 1769 3054 unde
1798 3000 2044 3055 videmus
2074 3004 2339 3074 quasdam

346 3094 652 3167 provincias
695 3097 851 3162 aptas
891 3087 956 3142 ad
996 3086 1336 3153 servitutem,
1370 3087 1636 3158 quasdam
1675 3094 1856 3141 autem
1893 3087 1959 3142 ad
2007 3088 2339 3149 libertatem.

345 3186 567 3256 Propter
627 3179 772 3253 quod
817 3175 989 3231 Julius
1032 3174 1218 3231 Celsus
1273 3180 1328 3229 et
1375 3173 1637 3229 Amonius
1684 3175 1774 3244 qui
1828 3174 2142 3230 describunt
2188 3185 2343 3247 gestu

344 3273 670 3327 Francorum
695 3276 751 3323 et
775 3266 1191 3328 Germanorum,
1213 3277 1308 3317 eos
1331 3277 1506 3317 mores
1526 3265 1581 3316 et
1614 3267 1767 3316 actus
1794 3259 2099 3318 attribuunt
2130 3258 2343 3320 'eisdem

345 3362 398 3417 in
441 3359 639 3433 quibus
684 3356 850 3412 etiam
898 3369 1041 3409 nuno
1083 3357 1453 3424 perseverant.
1485 3350 1713 3406 Romani
1746 3358 1927 3405 autem
1972 3353 2119 3406 cives
2159 3354 2344 3426 aliquo

345 3457 586 3520 tempore
616 3447 865 3501 vixerunt
894 3441 996 3496 sub
1026 3439 1262 3511 regibuS‚
1301 3455 1332 3493 a
1361 3437 1591 3494 Romulo
1622 3437 1876 3492 videlieet
1909 3453 2077 3509 usque
2106 3441 2173 3494 ad
2206 3443 2347 3496 Tar-

345 3536 591 3609 quinium
627 3529 936 3603 superbum,
980 3527 1138 3596 cujus
1165 3541 1358 3579 cursus
1387 3541 1515 3578 ann.
1548 3525 1650 3580 264
1682 3523 1798 3588 luit,
1842 3532 1899 3577 ut
1950 3526 2192 3584 historiae
2231 3538 2357 3582 tra--

344 3627 502 3680 dunt.
539 3623 626 3678 Sic
655 3630 708 3674 ot
741 3621 1096 3674 Atlieruon-ws
1127 3622 1248 3684 post
1281 3619 1421 3667 mort
1456 3628 1509 3666 m
1547 3613 1705 3666 Codri
1742 3629 1833 3682 rog
1860 3631 1881 3666 s.
1912 3615 2015 3665 sub
2054 3618 2344 3685 'magistra-

347 3716 490 3770 [mus
522 3713 790 3771 vixi-runt,
825 3706 952 3777 quia
988 3703 1090 3759 sub
1121 3690 1311 3754 vetlem
1341 3701 1561 3754 elimate
1594 3703 1899 3754 constituti.
1933 3703 2143 3756 Cunsnt
2167 3715 2349 3759 taulus

345 3806 490 3864 euim
529 3801 676 3877 quod
721 3801 867 3854 dicta
900 3795 1050 3864 regio
1097 3807 1268 3860 iiiagis
1303 3801 1429 3862 apta
1470 3791 1607 3843 foret
1638 3806 1703 3843 ox
1733 3791 1913 3844 causis
1934 3789 2051 3862 juin
2088 3792 2252 3849 dietis
2278 3794 2351 3852 ad

843 3911 899 3962 S.
928 3910 1088 3960 Taou-
1121 3911 1208 3965 Ao.
1233 3909 1497 3958 Oruscun.
1520 3929 1582 3944 --
1604 3904 1661 3955 ΙΙΙ
1708 3929 1769 3944 -
1794 3904 1855 3956 20

2482 681 2605 740 ,s
