2784 4392
791 212 900 257 xv.
931 228 1010 242 —
1039 212 1116 257 en
1161 212 1465 265 Rsemmn
1508 209 1845 256 eumenum
2205 190 2325 254 403

303 323 604 396 justitiam,
635 325 721 383 vel
755 326 810 382 in
839 325 1214 385 conversando
1252 324 1481 383 honeste
1507 339 1631 381 cum
1661 324 1759 391 eiS,
1793 321 1939 395 quod
1979 320 2217 394 pertinet
2252 319 2325 377 ad

310 412 753 487 temperantiam.
795 414 901 473 Sed
943 416 1088 489 quod
1128 415 1183 470 in
1220 413 1531 487 generando
1559 413 1684 487 quis
1724 416 2003 469 mereatur
2038 410 2327 484 proemium

311 500 372 557 in
409 501 706 575 republica,
751 504 854 565 hoc
882 513 989 563 n'on
1017 512 1118 571 est,
1149 504 1389 572 virtutis,
1423 504 1555 579 quia
1582 503 1749 561 etiam
1786 500 1911 560 vilis
1939 500 2101 559 bomo
2142 504 2325 573 potest

309 589 516 669 habere
539 592 800 651 virtutem
839 595 1204 666 generativam
1240 594 1539 661 meliorem,
1568 592 1712 649 unde
1739 592 1886 665 quod
1915 591 1972 647 in
2004 591 2109 647 hoc
2145 588 2335 645 hono--

309 688 486 747 retur,
516 696 624 738 non
653 690 738 739 est
772 683 1016 755 dignum,
1046 682 1175 757 quia
1204 682 1373 741 honor
1413 698 1519 741 non
1550 680 1777 739 debetur
1814 680 1920 738 nisi
1958 684 2179 753 propter
2205 678 2324 734 vir-

310 772 509 839 tutem,
546 778 608 829 ut
629 772 984 845 Philosophus
1009 773 1142 831 dicit
1180 772 1236 829 in
1274 773 1310 829 1-
1327 772 1507 833 Echio.
1540 772 1599 829 In
1628 769 1879 827 omnibus
1907 767 2076 842 igitur
2109 766 2327 825 actibus

311 856 520 929 politiae
549 860 692 916 inter
727 860 876 918 cives
913 877 1074 934 aequa
1103 860 1265 918 dehet
1292 876 1413 919 esse
1441 860 1762 933 ponderatio
1786 856 1967 915 oneris
1996 864 2051 913 et
2077 854 2321 921 honoriS‚

311 952 513 1018 praeter
541 964 707 1021 quam
744 950 799 1005 in
839 950 1132 1023 praedictis‚
1163 955 1224 1007 ut
1249 965 1441 1008 verum
1468 950 1561 1015 sit,
1593 946 1740 1023 quod
1770 946 1910 1003 dixit
1935 944 2132 1010 David,
2176 942 2323 1000 sicut

311 1035 369 1091 in
395 1036 418 1091 1
442 1038 599 1109 Reg„
631 1039 908 1107 scribitur,
941 1040 1280 1112 recuperatis
1301 1039 1491 1111 spoliis
1518 1037 1588 1094 de
1622 1036 1851 1108 siceleg,
1884 1042 2076 1093 contra
2098 1030 2322 1092 Amale-

311 1121 495 1181 citas:
533 1124 737 1197 AEqua,
773 1126 970 1200 inquit,
1013 1126 1121 1184 erit
1151 1127 1334 1200 portio
1360 1124 1539 1185 euntia
1561 1124 1633 1183 ad
1658 1124 1871 1190 bellum,
1907 1130 1959 1181 et
1995 1118 2325 1178 remanentis

309 1210 385 1267 ad
405 1212 669 1270 sarcinas.
696 1214 765 1270 Et
783 1214 1036 1290 quamvis
1062 1214 1151 1271 lex
1169 1214 1409 1287 Mosaica
1437 1212 1610 1271 sterili
1640 1211 2025 1287 maledictione
2049 1210 2324 1282 imprece-

315 1308 429 1370 tur,
457 1302 597 1357 utin
621 1302 793 1360 Exod.
825 1312 880 1360 et
904 1305 1129 1360 Denter.
1161 1309 1246 1361 est
1273 1301 1644 1369 manifestum,
1667 1310 1724 1357 et
1752 1299 1821 1357 ad
1852 1295 2322 1370 multiplicandam

313 1388 722 1461 generationem
760 1390 999 1465 plurium
1038 1406 1268 1448 uxorum
1303 1380 1378 1451 sit
1414 1390 1563 1449 facta
1590 1387 1891 1456 concessio,
1932 1386 2039 1444 hoo
2072 1401 2182 1442 non
2218 1383 2327 1441 fuit

313 1492 652 1546 concessum,
685 1480 790 1535 nisi
819 1480 890 1537 ad
923 1480 1202 1546 virtutem,
1238 1478 1525 1539 referendo
1550 1467 1621 1539 ad
1648 1476 1859 1535 cultum
1886 1476 2155 1542 divinum,
2180 1473 2327 1530 sicut

313 1567 650 1637 Augustinus
678 1567 813 1624 dicit
842 1569 919 1624 De
947 1566 1176 1625 Ciuitate
1209 1566 1329 1627 Dei·

385 1651 549 1721 Aliud
578 1659 763 1709 autem
795 1653 943 1727 quod
983 1652 1330 1726 reprehendit
1373 1651 1731 1726 Philosophus
1771 1650 1829 1709 in
1870 1646 2323 1718 Lacedaemonii5‚

316 1740 503 1797 unde
488 1756 729 1815 ipsorum
771 1750 1084 1817 corrumpta
1125 1741 1228 1801 suit
1257 1741 1467 1815 politia,
1511 1741 1663 1799 circa
1696 1740 2021 1799 electionem
2047 1738 2321 1813 judicum,

317 1834 420 1896 est,
452 1830 583 1904 quia
619 1829 960 1902 eligebantur
1005 1846 1291 1904 pauperes,
1326 1832 1421 1905 qui
1463 1836 1710 1904 egestate
1746 1828 2041 1903 compulsi,
2068 1840 2321 1887 eertum-

317 1917 586 1991 pebantur
610 1919 857 1991 pecuniis
885 1935 918 1977 a
947 1920 1262 1993 majorihuS,
1294 1928 1350 1977 et
1378 1920 1507 1977 iude
1542 1918 1955 2003 opprimebatur
1994 1915 2232 1991 justitia,
2262 1922 2321 1973 et

318 2006 710 2065 exercebantur
739 2008 1078 2081 tyrannides·
1109 2010 1527 2083 comparatione
1554 2024 1684 2083 ergo
1712 2008 1873 2067 istius
1901 2006 2107 2081 politiae
2130 2005 2325 2063 demo-

319 2096 550 2153 oratiam
605 2095 960 2171 Philosophus
1014 2097 1188 2173 magis
1235 2098 1603 2166 commendat,
1651 2097 1782 2171 quiu
1832 2095 2213 2155 deficientibus
2262 2092 2320 2149 in

233 2192 238 2196 “
319 2184 543 2244 civitate
574 2182 884 2241 hominibus
923 2183 1181 2243 virtuosis
1217 2184 1290 2242 ad
1317 2186 1579 2257 regimen,
1612 2202 1680 2242 ex
1727 2186 1927 2260 quibus
1967 2182 2325 2243 constituitur

321 2272 677 2345 principatus»,
706 2272 802 2346 qui
831 2272 1177 2333 aristocratia
1222 2281 1470 2340 vocatur,
1500 2272 1693 2332 melius
1732 2273 1940 2345 regitur
1980 2290 2079 2346 per
2122 2271 2323 2329 divites

321 2360 512 2428 maIOS,
545 2376 612 2417 ex
640 2360 840 2433 quibus
875 2359 1229 2421 constituitur
1265 2361 1623 2434 principatus,
1654 2361 1749 2435 qui
1787 2360 2093 2434 appellatur
2130 2360 2323 2417 demo·

321 2450 515 2507 cratia.
541 2450 662 2505 Non
691 2465 821 2522 ergo
849 2448 1307 2523 expedit‘politiae
1332 2464 1598 2522 pauperes
1642 2448 1844 2507 assumi
1886 2457 1943 2507 et
1980 2448 2209 2521 cupidos
2250 2446 2322 2505 ad

316 2538 672 2613 judicandum
699 2556 713 2595 z
741 2535 890 2595 'unde
915 2544 1141 2598 narrant
1171 2537 1437 2607 historiae,
1468 2538 1616 2611 quod
1640 2537 1749 2594 duo
1777 2536 1882 2594 viri
1928 2554 2023 2610 per
2070 2534 2322 2595 consules

321 2630 592 2687 Romanos
643 2629 860 2687 fuerant
905 2627 1068 2685 electi
1109 2627 1179 2685 ad
1229 2627 1641 2700 gubernandam
1690 2626 2029 2700 Hispaniam,
2084 2640 2319 2699 quorum

322 2732 462 2791 unus
490 2718 650 2776 nimis
679 2736 902 2792 pauper,
930 2717 1068 2776 alter
1092 2716 1256 2775 nimis
1279 2726 1399 2775 erat
1428 2732 1647 2775 avarus.
1679 2718 1921 2791 Cumque
1948 2714 2150 2773 delatio
2174 2715 2320 2792 facta

323 2806 514 2862 fuisset
540 2807 612 2861 in'
631 2806 896 2878 Capitolio
921 2807 990 2864 de
1017 2806 1171 2880 ipsis,
1199 2807 1330 2881 quia
1358 2805 1427 2863 de
1472 2804 1577 2863 hoc
1618 2805 1928 2879 litigabant,
1952 2805 2136 2878 Scipio
2171 2804 2323 2861 Airi-

323 2910 492 2952 canus
519 2894 587 2949 de
629 2898 822 2950 neutro
849 2894 1138 2963 consuluit,
1170 2904 1465 2969 utrumque
1503 2882 1876 2970 corruptorem
1923 2894 2189 2955 definiens
2218 2908 2321 2967 po-

325 2983 475 3047 litiae,
502 2982 616 3037 sive
645 2982 1034 3053 cujuscumque
1073 2981 1370 3052 regiminis,
1404 2984 1533 3055 quia
1576 2998 1637 3039 se
1674 2982 1874 3039 habent
1919 2982 1988 3039 ad
2035 2982 2336 3040 civitatem·

323 3072 472 3129 velut
496 3069 843 3143 sanguisugae
866 3068 936 3125 ad
960 3079 1157 3140 corpus
1182 3068 1499 3125 humanum.
1518 3055 1673 3125 Unde
1697 3071 1753 3124 in
1789 3070 2047 3127 Proverb.
2078 3085 2222 3136 xxx,
2251 3070 2322 3124 ⁴5

325 3160 525 3217 dicitur
553 3156 942 3231 :Sanquisuyae
977 3156 1098 3213 duoe
1119 3162 1243 3211 sunt
1270 3154 1424 3227 filice,
1463 3154 1690 3212 dicentes
1716 3172 1736 3212 .·
1763 3159 1809 3213 A
1818 3156 1935 3229 ffer,
1960 3154 2129 3227 affer3
2159 3158 2320 3230 quasi

325 3248 392 3304 ad
423 3248 525 3304 hoc
563 3248 636 3303 sit
681 3245 996 3318 principalis
1037 3259 1224 3303 eorum
1267 3243 1502 3300 intentio
1538 3251 1863 3318 extorquere
1908 3246 2191 3318 pecunias·
2214 3245 2323 3302 Sed

327 3337 454 3409 quid
485 3336 728 3392 dicemus
755 3334 822 3391 de
851 3334 1098 3393 Fabricio
1122 3332 1362 3401 consule,
1397 3334 1488 3405 qui
1517 3334 1892 3405 pauperrimus
1920 3333 2064 3390 fuit?
2091 3339 2154 3391 ut
2180 3334 2324 3390 scri-.-

327 3427 407 3481 bit
427 3424 676 3481 Valerius
703 3424 989 3481 Maximus.
1021 3424 1160 3481 Item
1196 3421 1264 3478 de
1291 3422 1460 3479 Lucio
1485 3421 1831 3485 Valerioide
1860 3438 1969 3499 quo
1998 3421 2207 3479 dictum
2235 3428 2321 3479 est

327 3530 507 3585 supra,
536 3513 770 3585 qualiter
808 3514 860 3568 in
891 3528 1101 3569 summa
1129 3517 1450 3587 paupertate
1484 3517 1733 3569 mortuus
1756 3520 1857 3569 est.
1887 3511 1972 3569 Ad
2002 3512 2105 3568 hoc
2132 3517 2319 3569 autem

327 3602 584 3675 distingui
613 3608 828 3675 oportet
864 3602 932 3658 de
961 3600 1162 3673 duplici
1191 3600 1511 3674 indigentia,
1539 3600 1847 3659 voluntaria
1885 3601 2095 3659 scilicet
2132 3608 2189 3658 et
2216 3616 2321 3657 ne·
2372 3656 2379 3660 .

327 3692 581 3750 cessaria.
613 3690 988 3749 voluntariam
1020 3690 1210 3751 habuit
1249 3690 1497 3749 Christus
1537 3696 1593 3746 et
1638 3691 1722 3748 sui
1763 3690 2034 3765 discipuli,
2066 3696 2122 3748 et
2174 3683 2318 3747 hane

329 3780 515 3845 habuit
539 3779 817 3842 Fabricius
843 3788 896 3839 et
926 3780 1064 3855 alius
1091 3779 1281 3849 consul
1305 3781 1603 3851 Romanus,
1632 3779 1726 3855 qui
1748 3786 1807 3839 ut
1844 3778 2078 3843 fideliter
2114 3780 2318 3855 guber-

955 3922 988 3940 l
1049 3908 1058 3915 .
