2784 4392
531 330 662 376 xiv.
693 344 773 360 —-
800 330 1040 376 comm
1081 320 1295 375 nisena.
1341 328 1445 375 nm
1486 326 1659 375 oum.
1704 327 1781 373 m·
1820 327 2028 373 nume.
2169 304 2289 370 107

273 462 505 521 pascere
543 446 804 521 populum
840 446 1008 505 verbo
1037 446 1155 517 Dei,
1185 446 1230 503 si
1269 446 1354 503 vel
1398 446 1465 503 ad
1496 445 1873 519 praelationern
1917 446 2285 510 assumantur,

277 534 366 590 vel
396 552 424 591 a
459 534 703 607 praelatis
727 534 806 591 eis
833 528 1230 592 committatur.
1261 534 1380 593 Non
1412 536 1555 590 enim
1580 534 1759 589 minus
1786 538 1911 589 sunt
1938 532 2118 589 idonei
2150 529 2288 587 reli-

277 622 418 694 giosi
445 624 514 681 ad
538 624 948 697 praedicationis
973 622 1208 681 officium
1239 624 1616 697 exequendum
1643 639 1807 697 quam
1838 620 2151 689 saeculareS‚
2180 619 2288 675 nisi

278 710 421 769 forte
463 720 735 785 quatenus
773 712 882 771 sint
921 712 1023 769 sub
1069 712 1378 770 obedientia
1416 712 1723 779 constituti,
1771 718 1831 767 ut
1878 712 1958 767 si'c
2004 710 2288 784 indigeant

276 799 480 875 duplici
515 800 738 859 licentia
780 803 848 859 ad
895 800 1324 877 praedicandum,
1367 800 1579 859 scilicet
1620 795 1841 857 licentia
1866 815 2054 856 eorum
2082 796 2288 871 quibus

277 888 451 963 plebis
494 907 625 947 cura
650 892 1036 962 committitur,
1068 900 1123 949 et
1154 888 1374 949 licentia
1403 888 1755 965 praelatorum
1786 887 1991 946 ordinis
2038 888 2143 955 sui,
2172 887 2287 943 sine

277 994 388 1053 qua
418 978 497 1034 eis
527 976 659 1035 nihil
685 996 847 1052 agere
877 978 1028 1037 licet.
1764 1001 1767 1005 ·

349 1066 610 1126 Similiter
637 1076 724 1125 est
773 1066 1186 1141 intelligendum
1229 1084 1336 1143 quo
1367 1074 1557 1141 postea
1586 1066 1862 1141 objicitur.
1915 1066 2120 1123 Praeter
2167 1064 2285 1121 Do·

277 1156 411 1211 mini
437 1157 750 1213 sacerdotes
775 1154 957 1213 nullus
977 1156 1178 1215 audeat
1202 1158 1520 1232 praedicare,
1552 1173 1742 1216 verum
1770 1164 1855 1213 est
1881 1144 2037 1231 quasi
2068 1155 2287 1229 propria

277 1245 625 1313 auctoritate,
643 1234 870 1302 'scilicet
901 1246 1200 1305 ordinaria.

348 1332 609 1391 Similiter
639 1332 786 1407 quod
823 1334 1090 1408 sequitur,
1123 1332 1419 1395 monachos
1460 1352 1494 1393 a
1532 1333 1854 1409 populorum
1896 1334 2283 1409 praedicatione

277 1422 498 1479 omnino
527 1439 744 1482 cessare
767 1440 1054 1483 censemus
1079 1414 1491 1499 intelligendum
1514 1432 1617 1493 est,
1650 1432 1839 1481 utnon
1865 1423 2085 1496 propria
2106 1430 2289 1481 aucto·
2334 1498 2337 1500 Α

278 1513 446 1569 ritate
475 1530 544 1569 ex
565 1512 670 1570 hoc
699 1514 816 1588 ipso
841 1516 986 1589 quod
1013 1514 1266 1580 monachi
1293 1520 1442 1583 sunt,
1474 1512 1714 1571 officium
1742 1511 1844 1569 sibi
1880 1510 2287 1587 praedicationis

280 1611 586 1661 assumant.

350 1692 611 1748 Similiter
635 1690 780 1767 quod
802 1693 1068 1766 sequitur,
1093 1688 1240 1767 quod
1269 1688 1533 1749 monacho
1555 1706 1659 1747 non
1678 1690 1933 1747 convenit
1954 1688 2282 1761 praedicare,

278 1780 694 1855 intelligendum
713 1792 796 1841 est
819 1784 974 1857 quasi
995 1800 1060 1841 ex
1076 1780 1214 1858 ipso,
1239 1781 1384 1857 quod
1408 1778 1705 1839 monachus
1724 1779 1796 1842 sit
1820 1777 2057 1837 officium
2082 1778 2284 1835 habeat

279 1870 638 1943 praedicandi.

351 1961 435 2017 Ad
456 1961 602 2018 aliud
633 1961 776 2036 quod
803 1970 991 2035 postea
1018 1963 1291 2037 objicitur,
1313 1962 1458 2035 quod
1490 1961 1567 2017 illi
1592 1958 1685 2035 qui
1711 1967 1943 2033 pascunt
1966 1958 2133 2015 verbo
2156 1957 2277 2025 Dei,

279 2048 480 2105 debent
504 2065 728 2122 pascere
753 2050 1037 2125 temporali
1077 2051 1338 2113 subsidio,
1378 2048 1758 2125 respondetur,
1790 2048 1935 2123 quod
1970 2046 2285 2119 intelligen-

279 2136 411 2194 dum
437 2147 538 2207 est,
569 2140 614 2195 si
644 2140 788 2197 vires
827 2146 1122 2213 suppetant
1167 2139 1483 2197 secundum·
1509 2138 1642 2195 illud
1666 2139 1691 2195 I
1718 2140 1853 2195 Joan
1896 2154 1987 2205 111,
2022 2138 2091 2193 ⁴7
2124 2154 2137 2192 :
2179 2134 2284 2204 Qui

280 2226 526 2285 habuerit
549 2228 900 2285 substantiam
929 2228 1088 2301 thus
1119 2228 1322 2295 muudi,
1349 2238 1401 2285 et
1424 2226 1617 2285 viderit
1641 2226 1877 2299 fratrem
1904 2243 2058 2283 suum
2081 2242 2281 2281 necesse

279 2316 490 2384 habere,
520 2324 569 2375 et
597 2317 850 2376 clauserit
877 2318 1080 2373 viscera
1107 2334 1206 2373 sua
1238 2317 1303 2373 ab
1327 2334 1419 2385 θος
1450 2314 1700 2389 quomodo
1738 2316 1939 2373 caritas
1970 2313 2068 2371 Dei
2102 2320 2285 2371 manet

280 2404 344 2461 in
379 2407 480 2463 eo?
518 2407 691 2465 Aliter
739 2406 986 2481 Apostoli
1037 2408 1334 2479 praedicare
1381 2422 1487 2461 non
1528 2404 1857 2478 potuissent,
1892 2403 1984 2477 qui
2026 2404 2283 2459 dixerunt

281 2498 406 2552 Act.
436 2508 521 2563 ιιι,
547 2500 578 2553 6
603 2513 616 2551 :
649 2499 952 2567 Aryentum
977 2502 1028 2552 et
1049 2512 1268 2562 aarum,
1296 2511 1405 2551 non
1428 2502 1504 2551 est
1526 2492 1678 2549 mihi.
1709 2492 2074 2550 Nihilominus
2099 2497 2282 2547 tamen

281 2590 339 2641 et
360 2583 436 2641 illi
469 2585 560 2658 qui
590 2586 890 2641 secundum
927 2600 987 2641 se
1032 2600 1296 2657 pauperes
1333 2589 1480 2651 sunt,
1510 2589 1736 2656 possunt
1764 2589 1817 2638 et
1842 2580 1965 2638 aliis
1996 2580 2281 2653 temporali

280 2672 523 2729 subsidio
570 2674 876 2747 providere,
922 2674 1052 2729 dum
1089 2671 1288 2730 divites
1333 2672 1402 2730 ad
1452 2671 1921 2745 eleemosynarum
1964 2668 2277 2743 largitatem

281 2761 588 2831 hortantur,
620 2764 764 2820 sicut
793 2772 849 2819 et
893 2762 1060 2819 Paulo
1103 2762 1171 2819 ad
1216 2762 1623 2833 praedicationis
1652 2760 1890 2819 officium
1926 2766 2205 2833 assumpto
2231 2758 2286 2815 in

281 2858 471 2927 gentes
519 2852 869 2909 commissum
921 2858 1023 2919 est,
1077 2860 1137 2907 ut
1164 2866 1466 2925 pauperum
1514 2866 1721 2907 memor
1758 2858 1923 2919 esset,
1976 2856 2035 2905 ut
2082 2849 2283 2907 dicitur

281 2940 466 2999 Galat.
493 2957 559 3001 n.

353 3029 435 3085 Ad
465 3030 594 3085 illud
628 3029 773 3103 quod
804 3036 992 3104 postea
1012 3028 1287 3102 objicitur,
1317 3028 1462 3101 quod
1492 3042 1687 3101 greges
1710 3036 2005 3102 pascuntur
2033 3044 2064 3085 a
2090 3034 2282 3099 pasto·-

281 3118 452 3187 ribus,
483 3118 775 3176 dicendum
811 3128 915 3187 est,
948 3119 1094 3192 quod
1126 3124 1374 3191 pastores
1407 3134 1626 3189 gregem
1654 3118 1871 3173 Domini
1897 3133 2121 3189 pascere
2149 3133 2281 3189 pos-

280 3214 408 3265 sunt
437 3222 545 3263 non
586 3204 762 3264 solum
809 3224 904 3279 per
946 3224 1027 3275 se,
1057 3208 1152 3263 sed
1184 3223 1281 3279 per
1323 3206 1481 3273 εἰὶσε,
1522 3205 1721 3279 quibus
1772 3204 1875 3278 ipsi
1902 3204 2273 3275 committunt,

279 3296 410 3369 quia
437 3295 528 3349 ille
553 3295 873 3367 intelligitur
898 3296 1106 3369 aliquid
1131 3294 1330 3363 facero,
1363 3296 1521 3367 cujus
1550 3295 1889 3369 auctoritate
1908 3295 1992 3349 fit.

353 3381 436 3439 Ad
466 3381 520 3437 id
571 3383 714 3454 quod
755 3394 944 3455 postea
986 3383 1262 3455 objicitur,
1296 3384 1441 3456 quod
1470 3399 1577 3439 non
1606 3378 1806 3439 deben‘t
1848 3382 2148 3454 praedicare
2177 3380 2284 3439 nisi

282 3470 466 3531 missi:
491 3468 646 3525 missi
671 3474 851 3525 autem
875 3488 904 3527 a
926 3472 1160 3527 Domino
1189 3470 1441 3543 leguntur
1464 3478 1679 3527 tantum
1702 3469 1988 3525 duodecim
2010 3470 2279 3541 Apostoli,

281 3567 336 3616 et
359 3558 710 3631 septuaginta
753 3558 862 3614 duo
907 3558 1178 3631 discipuli,
1211 3559 1504 3616 dicendum
1548 3559 1693 3631 quod
1736 3558 1901 3615 etiam
1932 3558 2010 3614 illi
2053 3558 2204 3616 missi
2248 3576 2281 3617 a

282 3650 532 3715 Domino,
561 3655 788 3720 possunt
815 3646 954 3705 alios
975 3648 1214 3713 mittere,
1242 3647 1386 3704 sicut
1415 3646 1615 3703 Paulus
1638 3646 1732 3719 qui
1766 3646 1914 3701 misit
1938 3646 2281 3705 Timotheum

283 3738 352 3795 ad
383 3735 810 3811 praedicandum,
839 3737 864 3793 I
895 3736 965 3793 ad
1006 3734 1250 3793 Corinth.
1283 3752 1362 3805 tv,
1397 3737 1503 3791 ⁴⁹7:
1535 3734 1660 3793 Ideo
1699 3734 1821 3791 misi
1848 3735 1917 3791 ad
1955 3754 2043 3793 vos
2096 3737 2281 3795 Timo-

283 3828 476 3894 theum,
508 3827 602 3901 qui
639 3844 729 3885 vos
766 3824 1197 3899 communefaciet
1227 3826 1342 3883 vias
1382 3826 1540 3883 meas.
1572 3826 1641 3883 Et
1668 3827 1747 3884 ita
1790 3842 1857 3883 ex
1898 3827 2281 3887 commissione

279 3916 670 3991 Episcoporum
700 3926 756 3975 et
785 3918 1249 3992 presbyterorum,
1283 3925 1509 3991 possunt
1536 3917 1703 3975 etiam
1734 3914 1826 3975 aiii
1856 3916 2107 3979 multiad
2133 3934 2281 3991 prae-
