2784 4392
671 252 913 297 x1V.—
940 251 1437 298 com-Ramrue.
1482 253 1587 300 nm
1628 253 1923 299 σπι-..ΕΤ
1963 253 2169 298 nnuc.
2310 233 2425 298 139

415 370 534 420 tant
564 363 774 424 divitiae
804 367 872 424 ad
903 369 1072 424 vitam
1102 367 1340 438 beatam,
1379 369 1526 442 quod
1555 369 1837 426 evidenter
1865 369 2130 426 Dominus
2158 367 2212 424 in
2242 368 2426 424 Evan-

413 453 556 524 gelio
596 454 1013 524 demonstravit,
1051 457 1238 514 dicens
1285 473 1300 513 ε
1345 456 1498 515 Beati
1544 473 1833 532 pauperae,
1880 458 2143 530 quoniam
2182 461 2425 514 vestrum

414 551 498 599 est
525 560 752 617 regnum
773 545 895 602 Dei.
928 565 954 598 n
985 546 1052 602 Et
1082 546 1225 603 infra
1253 565 1267 603 ε
1302 565 1328 600 α
1357 548 1551 622 Itaque
1581 553 1979 621 paupertatem,
2012 547 2213 603 samem
2237 551 2293 602 et
2322 546 2427 601 do-

417 633 585 688 lorem
621 649 744 706 quae
783 641 1046 706 putantur
1075 635 1240 702 mala,
1273 651 1381 691 non
1420 633 1595 691 solum
1626 635 2158 713 impedimentonon
2188 649 2309 690 esse
2357 632 2423 688 ad

415 722 585 778 vitam
629 722 876 791 beatam;
907 723 1005 779 sed
1031 722 1344 796 adjumento
1385 739 1525 788 esse,
1560 723 1969 782 evidentissime
2008 722 2421 797 pronuntiatum

416 818 519 866 est.
557 811 664 868 Sed
711 811 813 867 hoc
857 827 964 868 non
1011 818 1198 884 potest.
1233 811 1463 884 intelligi
1502 813 1571 869 de
1621 819 1945 886 paupertate
1989 811 2273 878 habituali,
2298 827 2427 882 iqua

417 895 577 955 homo
605 899 828 957 divitias
850 900 1091 973 subjicit,
1124 901 1254 974 quia
1282 901 1402 960 haec
1426 918 1457 958 a
1488 901 1633 958 nullo
1658 909 1921 976 putantur
1948 901 2269 974 impeditiva
2294 899 2429 955 bea-

319 1046 324 1050 .
419 980 686 1044 titudinis·
723 1009 748 1040 n
780 989 920 1062 Ergo
956 996 1170 1062 oportet
1201 991 1347 1064 quod
1383 990 1721 1063 intelligatur
1754 990 1823 1047 de
1853 997 2175 1063 paupertate
2200 987 2422 1055 actuali,

418 1094 542 1152 quae
563 1079 747 1136 omnia
775 1079 984 1150 aincit.
1247 1131 1252 1136 ,

485 1168 644 1227 Item.
685 1167 980 1238 Gregorius
1017 1169 1152 1224 dicit
1197 1169 1250 1223 in
1279 1175 1476 1226 octava
1502 1169 1739 1227 Homilia
1781 1167 2037 1225 secundae
2062 1167 2235 1240 partis
2262 1181 2427 1238 super

418 1255 609 1312 Ezech.
640 1273 658 1312 .·
683 1277 707 1308 ιι
739 1255 873 1312 Cum
893 1256 1194 1329 quissuum
1220 1257 1426 1330 aliquid
1446 1258 1559 1314 Deo
1586 1263 1766 1325 vovet,
1795 1262 1851 1312 et
1872 1256 2077 1330 aliquid
2108 1271 2213 1312 non
2238 1259 2427 1322 vovet,

419 1345 744 1402 sacrificium
786 1352 896 1423 est-3
942 1361 1065 1402 cum
1095 1360 1223 1403 vero
1253 1362 1413 1402 omne
1454 1346 1598 1420 quod
1642 1345 1824 1414 habet,
1874 1361 2033 1401 omne
2078 1344 2224 1417 quod
2268 1343 2425 1408 vivit,

417 1449 574 1489 omne
597 1434 741 1506 quod
771 1434 933 1506 sapit,
957 1435 1311 1506 omnipotenti
1334 1436 1449 1490 Deo
1473 1435 1705 1499 voverit,
1735 1434 2114 1490 holocaustum
2144 1440 2261 1501 est;
2285 1451 2311 1484 »
2334 1431 2428 1487 sod

417 1522 793 1578 holocaustum
835 1530 954 1577 erat
1008 1523 1386 1594 dignissimum
1430 1522 1844 1578 sacrificiorum.
1905 1521 2048 1594 Ergo
2091 1519 2430 1594 perfectissi-

419 1627 566 1666 mum
595 1627 732 1680 opus
760 1616 843 1665 est
865 1610 1048 1664 omnia
1073 1625 1170 1665 sua
1201 1617 1421 1682 propter
1450 1610 1624 1664 Deum
1648 1608 1967 1667 dimittere..

491 1699 647 1752 Item.
675 1697 971 1768 Gregorius
995 1697 1048 1752 in
1081 1695 1302 1768 prologo
1330 1697 1526 1754 Moral.
1560 1714 1577 1753 .·
1612 1717 1637 1749 α
1672 1697 1915 1767 Cumque
1944 1694 2122 1752 adhuc
2152 1710 2237 1750 me
2263 1710 2421 1765 coge-

421 1793 504 1841 ret
527 1787 741 1842 animus
767 1786 1020 1856 praesenti
1038 1785 1238 1842 mundo
1263 1770 1419 1857 q‘uasi
1449 1785 1804 1857 specietenus
1826 1785 2120 1850 deservire,
2146 1791 2429 1855 coeperunt

421 1873 592 1930 multa
634 1881 823 1929 contra
873 1889 957 1928 me
986 1889 1072 1930 ex.
1097 1871 1342 1945 ejusdem
1385 1872 1574 1928 mundi
1613 1888 1744 1929 cura
1774 1887 2141 1939 succrescere,
2176 1878 2236 1927 ut.
2280 1871 2332 1926 in
2364 1885 2429 1927 eo

413 1964 529 2034 jam
555 1978 659 2017 non
689 1961 889 2033 specie,
921 1961 1017 2018 sed
1042 1961 1189 2034 quod
1218 1966 1302 2018 est
1327 1961 1569 2034 graviuS,
1598 1967 1779 2017 mente
1804 1961 2059 2029 retinere,
2089 1960 2179 2032 qui
2208 1959 2427 2016 tandem

420 2061 616 2107 cuncta
654 2049 886 2106 sollicite
921 2049 1151 2120 fugienS,
1195 2057 1411 2122 portum
1442 2051 1757 2106 monasterii
1793 2049 1944 2123 petii,
1978 2059 2034 2104 et
2064 2048 2270 2104 relictis
2306 2063 2429 2120 quae

419 2140 604 2194 mundi
650 2147 795 2206 sunt,
841 2145 902 2193 ut
942 2139 1303 2194 frustratum:
1331 2139 1559 2206 credidi,
1607 2155 1671 2194 ex
1715 2138 1875 2210 liujus
1914 2138 2101 2194 mundi
2147 2136 2428 2206 naufragio

422 2229 595 2284 nudus
623 2228 792 2284 evasi.
829 2247 852 2278 n
881 2225 958 2281 Ex
986 2243 1094 2298 quo
1121 2233 1270 2298 patet
1293 2227 1441 2298 quod
1474 2226 1771 2298 periculum
1806 2233 1888 2282 est
1919 2242 2006 2282 res
2036 2216 2222 2281 mundi
2252 2225 2429 2296 possi-

421 2319 568 2382 dere,
618 2318 747 2390 quia
777 2332 963 2372 earum
1009 2316 1280 2387 possessio
1329 2315 1630 2387 periculose
1676 2321 1910 2370 mentem
1955 2315 2173 2379 retinet,
2208 2321 2263 2368 et
2307 2313 2427 2367 ideo

421 2405 747 2462 laudabilius
781 2411 864 2461 est
893 2404 1058 2460 etiam
1095 2405 1465 2476 possessiones
1504 2420 1685 2458 rerum
1724 2403 2105 2475 temporalium
2136 2418 2165 2457 a
2196 2417 2255 2460 se
2284 2401 2428 2471 abji-

421 2509 544 2552 cere
573 2511 667 2567 per
695 2493 966 2552 actualem
1004 2498 1402 2566 paupertatem,
1446 2501 1505 2550 ut
1536 2508 1687 2548 mens
1716 2508 1749 2549 a
1775 2507 1908 2548 cura
1938 2491 2254 2547 divitiarum
2290 2487 2428 2564 libe-

421 2589 590 2640 retur.
1872 2641 1880 2646 ,
2398 2635 2403 2640 ,

491 2675 646 2730 Item.
665 2673 1083 2746 chrysostomus
1099 2669 1230 2728 dicit
1249 2672 1302 2728 in
1328 2669 1422 2726 lib.
1444 2669 1593 2738 Quod
1613 2682 1755 2726 nemo
1780 2668 2003 2727 laeditur
2020 2666 2130 2724 nisi
2146 2684 2183 2724 a
2206 2667 2386 2740 seipso
2408 2683 2427 2725 .·

425 2783 451 2815 α
495 2762 632 2830 Quid
679 2760 965 2834 Apostolos
1011 2761 1234 2832 penuria
1279 2775 1463 2826 rerum
1500 2758 1865 2832 corporalium
1914 2755 2100 2814 laesit‘?
2136 2757 2326 2814 Nonne
2372 2757 2427 2815 iu

425 2851 586 2918 fame,
615 2857 672 2904 et
707 2843 818 2916 siti,
849 2855 904 2906 et
935 2849 1178 2906 nuditate
1217 2847 1505 2920 degebant,
1537 2857 1593 2904 et
1620 2865 1719 2920 pro
1748 2847 1833 2904 his
1860 2847 1992 2904 clari
2026 2847 2199 2918 magis
2223 2855 2279 2902 et
2311 2861 2429 2909 ma·

421 2939 600 3010 gnifici
641 2935 996 3004 habebantur,
1035 2945 1201 3009 atque
1231 2937 1507 3008 ingentem
1538 2953 1632 3010 per
1662 2937 1763 2993 hoc
1798 2937 2056 2992 fiduciam
2093 2935 2427 3008 quaesierunt

421 3028 562 3099 apud
599 3027 788 3081 Deum.
845 3045 869 3076 ι)
919 3025 996 3079 Ex
1045 3041 1152 3098 quo
1197 3033 1351 3098 patet
1389 3027 1533 3098 quod
1580 3025 1811 3082 actualis
1855 3030 2169 3096 paupertas,
2214 3039 2339 3094 quae
2372 3022 2427 3077 in

417 3115 646 3188 penuria
683 3129 865 3170 rerum
908 3113 1178 3180 consistit,
1219 3113 1286 3169 ad
1333 3113 1688 3186 apostolicam
1736 3113 2123 3186 perfectionem
2168 3111 2424 3182 pertinet.

485 3207 644 3262 Item.
672 3203 976 3260 Bernardus
1002 3203 1134 3258 dicit
1164 3203 1231 3259 ad
1261 3204 1627 3260 Senonensem
1656 3203 2140 3274 Archiepiscopum
2170 3217 2183 3254 ε
2216 3221 2241 3252 α
2276 3199 2427 3256 Felix

418 3295 510 3366 qui
541 3292 669 3348 nihil
700 3292 801 3348 sibi
830 3298 1066 3348 retentat
1095 3307 1162 3347 ox
1183 3292 1434 3349 omnibus
1462 3307 1586 3364 quae
1616 3290 1797 3347 habet.
1826 3290 1944 3346 Non
1978 3287 2189 3345 foveam
2215 3295 2275 3343 ut
2300 3288 2428 3341 vul-

418 3399 529 3454 peS,
563 3398 667 3437 non
704 3389 964 3454 tanquam
1001 3379 1250 3436 volucres
1272 3381 1481 3442 nidum,
1522 3396 1629 3436 non
1666 3376 2199 3452 loculos-,quomodo
2234 3374 2422 3442 sudas,

416 3488 524 3528 non
545 3471 752 3538 domos,
782 3472 925 3526 sicut
958 3485 1056 3524 nec
1082 3469 1250 3525 Maria
1274 3468 1452 3524 locum
1480 3469 1535 3524 in
1556 3467 1875 3530 diversorio,
1909 3467 2157 3544 imita-tus
2182 3463 2427 3538 profecto

418 3561 566 3616 illum
595 3562 686 3632 qui
720 3576 824 3616 non
861 3554 1094 3613 habebat
1127 3555 1214 3611 ubi
1247 3565 1413 3630 caput
1442 3571 1599 3611 suum
1625 3555 1933 3611 reclinaret.
1968 3574 1993 3606 »
2025 3554 2103 3610 Ex
2141 3569 2249 3626 quo
2276 3558 2427 3625 patet

415 3649 556 3722 quod
585 3647 716 3703 nihil
741 3647 970 3703 ‘omnino
1001 3645 1276 3718 possidere
1307 3645 1360 3700 in
1394 3644 1613 3712 mund0,
1647 3644 1715 3701 ad
1741 3643 2096 3700 christianam
2128 3641 2426 3717 perfectio-

414 3754 540 3792 nem
565 3737 820 3810 pertinet.

489 3829 648 3885 Item.
677 3827 730 3896 1„
763 3832 960 3901 quaest.
1007 3827 1058 3883 2'.
1088 3839 1208 3898 cap.
1248 3820 1308 3881 si
1342 3822 1506 3897 quis:
1552 3843 1579 3878 ε(
1626 3819 1874 3882 Profecto
1902 3819 2197 3895 perfectior
2221 3825 2307 3878 est
2331 3817 2427 3878 ille
