2784 4392
427 279 512 352 92·
751 359 754 362 ⁴
909 307 961 354 s.
1005 307 1238 354 monae
1277 295 1605 361 Aommns
1654 271 1966 354 opuscum

432 408 750 480 occasiones
771 421 1055 492 malorum,
1077 423 1220 480 sicut
1244 423 1537 496 Apostolus
1562 417 1629 480 de
1656 439 1713 480 se
1733 423 1851 495 ipso
1866 421 2001 478 dicit
2022 419 2071 478 11
2092 420 2216 479 Cor.
2236 422 2442 489 xmz:

435 503 486 567 U
489 517 510 566 t
530 517 798 584 amputem
837 513 1156 568 occasionem
1195 529 1398 578 eorum,
1424 519 1483 568 ut
1514 530 1575 568 tn
1602 529 1703 585 quo
1724 512 2054 585 ploriantur,
2084 505 2445 568 inveniantur

429 597 565 654 sicut
591 605 640 656 et
671 617 779 668 nos,
809 598 904 676 sed
933 602 978 658 si
1003 601 1204 676 aliquis
1229 609 1411 674 posset
1438 602 1594 658 alteri
1620 601 1869 658 confiteri
1900 617 2065 674 quam
2097 601 2315 674 proprio
2346 617 2447 656 sa-

431 689 660 756 cerdoti,
696 686 852 746 multi
892 697 1113 763 possent
1141 689 1322 747 dicere
1357 683 1417 746 Se
1455 707 1574 746 esse
1604 691 1897 758 confess03,
1928 697 1984 746 et
2021 687 2101 746 sic
2147 689 2446 745 inconfessi

431 770 498 834 ad
547 785 893 836 sacramenta
937 773 1216 848 accedere,
1251 788 1306 836 et
1345 794 1452 836 non
1496 785 1717 851 possent
1760 775 1960 835 arctari
2015 795 2109 851 per
2161 779 2445 852 proprium

347 871 354 879 “
430 855 792 937 sacerdotem,
827 867 1059 925 latentes
1097 867 1198 924 sub
1236 870 1503 940 praetextu
1546 866 1901 924 confessionis
1925 857 2055 923 aliis
2090 865 2274 924 factae.
2298 867 2445 938 Ergo

428 949 532 1010 hoc
558 951 706 1012 nullo
731 953 894 1013 modo
921 955 1084 1012 debet
1107 973 1227 1014 esse
1256 957 1311 1013 in
1339 948 1603 1024 Ecclesia,
1634 954 1776 1030 quod
1804 955 2043 1028 religiosi
2074 957 2446 1014 consessiones

431 1041 682 1114 audiant,
710 1043 804 1117 qui
835 1061 940 1100 non
969 1052 1096 1100 sunt
1121 1042 1325 1118 proprii
1351 1041 1686 1102 sacerdotes.

502 1129 664 1189 Item.
694 1133 779 1188 Ad
809 1149 934 1188 eum
966 1133 1142 1189 solum
1177 1135 1415 1206 pertinet
1459 1135 1787 1206 poenitentes
1832 1121 2136 1201 absolvere,
2170 1129 2239 1190 ad
2274 1149 2441 1207 quern

433 1220 671 1298 pertinet
696 1217 986 1290 corrigere,
1022 1214 1114 1274 sed
1141 1218 1283 1276 sicut
1313 1219 1447 1276 dicit
1472 1218 1807 1294 Dionysius
1794 1237 1847 1276 in
1873 1221 2103 1294 epistola
2135 1218 2203 1277 ad
2235 1223 2441 1298 Domo-

431 1304 657 1386 phylum
683 1301 1028 1374 monachum,
1059 1309 1326 1364 correctio
1371 1325 1476 1365 non
1523 1311 1761 1382 pertinet
1800 1306 1868 1365 ad
1901 1309 2214 1376 monachos„
2244 1311 2337 1366 sed
2370 1306 2441 1366 ad

431 1392 762 1464 sacerdotes,
793 1413 922 1469 ergo
947 1393 1186 1468 religiosi
1212 1415 1315 1454 non
1344 1403 1570 1471 possunt
1599 1393 1921 1454 confitentes
1946 1397 2249 1456 absolvere.

503 1481 662 1543 Item.
690 1483 825 1544 Cum
853 1500 958 1542 non
983 1481 1221 1543 habeant
1247 1483 1460 1586 aliquas
1480 1485 1660 1543 certas
1688 1481 2014 1559 provinciae,
2040 1481 2125 1544 vel
2152 1489 2437 1558 dioeceseS,

431 1572 518 1630 vel
545 1570 830 1647 parochias
859 1567 960 1630 sibi
988 1566 1323 1640 commissae,
1342 1570 1386 1628 si
1413 1578 1638 1646 possunt
1665 1571 1963 1646 praedicare
1986 1580 2041 1631 et
2070 1575 2441 1637 confessiones

431 1660 641 1729 audire,
669 1661 867 1737 ubique
899 1660 1003 1718 hoc
1031 1665 1306 1736 poterunt.
1339 1651 1479 1734 Ergo
1514 1663 1833 1736 ampliorem
1862 1652 2072 1719 habent
2108 1669 2439 1737 potestatem

431 1765 595 1829 quam
629 1744 902 1832 Episcopi,
935 1751 1019 1806 vel
1059 1743 1345 1820 Primate8‚
1375 1751 1461 1809 vel
1493 1749 1841 1821 Patriarchae,
1873 1753 1965 1826 qui
2000 1770 2101 1808 non
2144 1762 2271 1811 sunt
2310 1755 2439 1810 uni-

430 1839 656 1894 versalis
683 1832 942 1895 Ecclesiae
961 1836 1513 1910 gubernatore5,cum
1538 1843 1704 1897 etiam
1733 1843 1877 1913 Papa
1907 1839 2269 1899 universalem
2296 1839 2440 1899 Pon-

399 1929 402 1931 ’
433 1925 633 2006 titicem
671 1941 729 1982 se
768 1925 949 1982 vocari
979 1918 1280 1998 prohibeat,
1318 1929 1460 1984 unde
1485 1927 1685 1985 dicitur
1712 1931 1766 1986 in
1800 1921 2217 1996 Decretis,rdist.
2250 1949 2390 1989 xcix
2417 1947 2434 1992 t

435 2035 459 2068 <t
492 2007 686 2072 Nullus
710 2007 1149 2073 patriarcharum
1175 2011 1603 2074 universalitatis
1622 2013 1887 2076 vocabula
1910 2035 2151 2093 unquam
2180 2030 2387 2084 utatur.
2408 2038 2435 2074 >5

434 2095 500 2160 Et
528 2101 631 2160 hoc
661 2101 805 2160 idem
834 2095 1064 2160 habetur
1096 2102 1148 2160 in
1178 2103 1425 2178 sequenti
1454 2097 1715 2180 capitulo.

505 2189 742 2250 Ulterius
771 2181 954 2249 autem
998 2189 1244 2250 nituntur
1287 2193 1594 2264 ostendere,
1623 2187 1767 2270 quod
1812 2213 1912 2253 nec
1954 2214 2021 2253 ex
2055 2194 2439 2256 commissione

433 2276 826 2354 Episcoporum
860 2276 1158 2354 praedicare
1189 2281 1435 2357 possunt,
1468 2288 1564 2340 aut
1600 2279 1968 2341 confessiones
1996 2285 2203 2342 audire.
2238 2286 2439 2344 Dicunt

431 2369 597 2446 enim,
630 2367 776 2445 qnod
807 2365 958 2440 illud,
988 2369 1131 2445 quod
1158 2373 1251 2430 dat
1286 2369 1505 2447 aliquiS‚
1532 2366 1649 2446 jam
1676 2390 1781 2430 non
1811 2369 1994 2430 habet.
2018 2375 2073 2431 Si
2116 2392 2243 2448 ergo
2273 2376 2439 2450 Epis-

393 2455 554 2532 ‘copi
593 2459 942 2518 committunt
980 2474 1140 2518 curas
1188 2458 1426 2534 plebium
1476 2457 1879 2536 parochialibus
1924 2460 2323 2533 sacerdotibuS,
2369 2463 2438 2521 ad

432 2565 528 2605 eos
543 2548 659 2622 jam
689 2559 796 2608 non
823 2549 1055 2623 pertinet
1080 2565 1212 2608 cura
1254 2544 1517 2620 ipsarum,
1547 2556 1602 2607 et
1644 2550 1721 2608 ita
1770 2566 1836 2608 ex
1884 2553 2214 2609 auctoritate
2251 2569 2439 2610 eorum

434 2653 538 2694 non
587 2647 812 2710 possunt
845 2635 1012 2712 aliqui
1053 2630 1350 2712 praedicare
1400 2630 1666 2711 plebibuS,
1704 2637 1799 2697 aut
1840 2638 2208 2698 consessiones
2247 2637 2439 2699 audire

433 2727 538 2781 nisi
568 2727 746 2782 vocati
779 2743 809 2782 a
843 2724 1128 2783 sacerdote
1158 2724 1478 2799 parochiali.
1505 2721 1663 2796 Item,
1695 2730 1912 2802 quando
1939 2727 2241 2803 Episcopus
2280 2747 2439 2787 com-

435 2808 604 2869 mittit
629 2831 816 2872 curam
841 2809 1014 2887 plebis
1037 2815 1328 2884 sacerdoti,
1362 2813 1480 2888 ipse
1518 2831 1577 2872 se
1606 2819 1780 2890 ipsum
1812 2827 2092 2886 exonerat,
2117 2829 2172 2875 et
2216 2815 2438 2892 pericu-

435 2903 544 2957 lum
573 2913 816 2960 remanet
845 2919 1007 2976 super
1049 2905 1389 2961 sacerdotem
1420 2902 1509 2960 cui
1555 2920 1683 2962 cura
1723 2907 2103 2975 committitur,
2137 2909 2437 2964 secundum

435 2985 568 3046 illud
595 2981 664 3046 111
692 2990 958 3064 Regnum,
986 3009 1090 3060 xx,
1111 2997 1177 3050 39
1205 3012 1218 3048 :
1253 2985 1471 3050 Custodi
1498 2994 1679 3050 virum
1708 2983 1889 3060 istum,
1920 2996 2081 3067 quisi
2109 2997 2289 3068 lapsus
2310 2994 2435 3068 fue·

433 3078 532 3146 rit,
549 3075 656 3138 erit
683 3076 869 3137 anima
895 3086 988 3138 luc
1008 3099 1110 3154 pro
1133 3080 1318 3138 anima
1345 3080 1486 3156 ejus:
1507 3080 1642 3139 alias
1670 3089 1853 3139 essent
1876 3075 2127 3158 Episcopi
2156 3085 2209 3140 in
2241 3102 2436 3158 magno

435 3169 695 3242 periculo,
742 3165 1086 3244 importabile
1129 3189 1264 3229 onus
1320 3163 1489 3228 totius
1543 3167 1908 3228 multitudinis
1962 3169 2243 3231 habentes,
2297 3172 2439 3246 Ergo·

437 3258 686 3332 Episcopi
719 3276 825 3315 non
872 3259 1072 3316 habent
1110 3277 1170 3317 se
1213 3261 1441 3317 ulterius
1480 3261 1845 3318 intromittere
1886 3259 1954 3318 de
1995 3261 2263 3335 plebibuS‚
2298 3279 2437 3337 quas

432 3343 812 3405 sacerdotibus
835 3344 1244 3406 commiserunt.

418 3431 422 3434 ’
503 3427 659 3494 Ite-m.
703 3439 856 3496 Sicut
879 3431 1177 3513 Episcopus
1223 3433 1474 3496 subditur
1520 3429 1964 3514 Archiepiscopo‚
1996 3439 2074 3498 ita
2124 3439 2439 3498 sacerdotes

433 3519 738 3602 subduntur
765 3523 1081 3602 Episcopis:
1111 3525 1206 3585 sed
1231 3520 1637 3603 Archiepiscopi
1668 3546 1775 3586 non
1800 3538 2028 3604 possunt
2065 3547 2125 3587 se
2155 3532 2439 3588 intromit-

434 3622 550 3671 tere
577 3617 643 3672 de
670 3614 794 3685 iltis,
825 3619 917 3691 qui
949 3610 1254 3675 subduntur
1271 3619 1571 3691 EpiscopiS,
1603 3619 1707 3675 nisi
1738 3619 1877 3676 forte
1907 3627 2127 3694 propter
2151 3621 2439 3693 negligen-

435 3703 574 3759 tiam
600 3693 1010 3778 Episcoporum,
1045 3705 1186 3763 unde
1232 3701 1433 3764 dicitur
1472 3724 1553 3776 rx,
1582 3715 1781 3782 quaest.
1811 3703 1890 3765 3:
1917 3725 1942 3762 «
1975 3709 2435 3783 Arcbiepiscopus

435 3791 568 3847 nihil
599 3791 664 3845 de
693 3793 1082 3866 Episcoporum
1109 3797 1290 3852 causis
1313 3795 1519 3870 absque
1550 3797 1764 3854 illorum
1792 3796 2019 3854 consilio
2050 3807 2263 3871 agat.»
2293 3799 2436 3872 Ergo

367 3945 374 3948 ,
435 3895 536 3936 nec
567 3873 820 3953 Episcopi
863 3889 1088 3954 possunt
1128 3874 1334 3956 aliquid
1371 3886 1427 3941 in
1472 3873 1721 3956 plebibus
1762 3874 2026 3957 subjectis
2062 3882 2439 3944 sacerdotibus
