2784 4392
563 316 698 366 x1v.
726 331 812 352 -
833 317 1076 368 eom-Ra
1114 317 1332 369 mene.
1377 321 1485 368 nm
1522 320 1701 372 eutr.
1742 322 1823 373 E‘r
1860 325 2067 375 eume.
2200 311 2320 378 217

307 436 434 496 Aet..
482 447 580 504 xv,
625 451 754 498 eum
798 442 946 497 esset
995 445 1118 497 orta
1169 440 1450 500 eontentio
1488 440 1557 498 de
1610 441 1993 505 observatione
2036 443 2317 522 legalium,

307 525 412 584 hoe
439 528 638 586 Paulus
675 529 876 586 detulit
919 529 988 589 ad
1027 530 1300 611 judicium
1349 531 1755 602 Apostolorum,
1803 543 1859 590 et
1906 535 1975 593 de
2018 535 2213 596 eodem
2249 536 2318 593 ad

307 615 492 674 Galat.
521 633 583 705 ¹¹3
616 620 681 674 4:
707 619 784 676 Et
802 625 1035 694 propter
1057 619 1308 692 quosdam
1333 617 1499 694 falsos
1518 620 1747 694 fratres,
1768 623 1861 696 qui
1882 622 2317 682 subintroierunt

309 706 590 781 explorare
626 707 930 784 libertatem
967 709 1542 782 nostramtsoeundus
1584 716 1685 780 est,
1720 711 1939 784 quando
1966 713 2145 772 oritur
2182 729 2319 772 con-

309 796 480 852 tentio
509 796 576 852 de
601 811 686 864 eo,
713 796 860 871 quod
883 803 1066 871 potest
1096 813 1321 872 vergere
1349 796 1407 856 in
1444 798 1836 858 detrimentum
1869 801 1949 858 rei
1984 793 2309 876 spiritualis,

307 883 556 960 quamvis
593 886 666 942 sit
703 885 1022 958 temporale,
1057 886 1200 942 unde
1241 888 1368 942 Aet.
1400 902 1542 956 xxv,
1572 887 1773 945 Paulus
1802 889 2099 963 appellavit
2124 893 2313 952 Caesa-

303 989 418 1033 rem
443 973 542 1050 pro'
581 973 900 1031 liberatione
939 978 1058 1042 sua,
1089 975 1222 1050 quia
1254 993 1354 1048 per
1382 977 1501 1048 ejus
1536 985 1765 1036 mortem
1795 978 1882 1035 vel
1917 981 2312 1040 incar-ceratio*

303 1079 427 1123 nem
473 1062 878 1134 impediebatur
925 1063 1134 1122 fructus
1170 1064 1600 1138 praedicationis·
1648 1067 1769 1138 lpse
1819 1074 1999 1126 tamen
2046 1078 2314 1144 quantum

306 1154 356 1207 in
387 1168 446 1208 se
471 1158 608 1217 erat,
643 1149 898 1224 cupiebat
928 1152 1151 1209 dissolvi
1193 1160 1247 1208 et
1281 1168 1403 1212 esse
1444 1169 1569 1210 cum
1599 1153 1833 1222 Christe,
1864 1162 1923 1214 ut
1950 1157 2153 1216 dicitur
2185 1159 2315 1218 Phi·-

305 1243 435 1315 lipp.
468 1257 508 1296 1.
542 1242 758 1298 Tertius
802 1251 905 1308 est,
939 1243 1158 1315 quando
1199 1243 1480 1302 contentio
1506 1249 1591 1300 est
1628 1244 1695 1302 de
1726 1244 1911 1320 aliquo
1956 1248 2101 1322 quod
2132 1249 2311 1319 vergit

301 1331 356 1390 in
385 1331 682 1406 temporale
710 1330 968 1388 damnum
993 1331 1240 1402 alterius,
1273 1339 1328 1388 et
1365 1333 1605 1392 maxime
1636 1350 1955 1410 pauperum.
1988 1335 2134 1395 Reus
2159 1339 2309 1397 >enim

301 1420 813 1492 estquodamrnodo
849 1421 1074 1492 rapinae,
1121 1423 1216 1496 qui
1259 1437 1359 1478 sua
1389 1422 1721 1500 negligentia
1766 1423 1903 1480 alios
1932 1425 2191 1484 dam-uum
2218 1427 2309 1485 in-

299 1524 520 1566 currere
551 1509 844 1584 permittit,
873 1513 930 1567 et
971 1511 1246 1585 praeeipue
1297 1510 1352 1567 in
1382 1510 1468 1567 his
1498 1525 1641 1582 quae·
1664 1519 1792 1566 sunt
1818 1512 1936 1584 ejus
1963 1527 2110 1572 curae
2152 1531 2310 1574 oom-

301 1598 488 1657 m'issa.
538 1597 690 1657 Unde
737 1597 804 1656 de
847 1597 950 1655 hoc
999 1613 1108 1654 non
1157 1603 1344 1673 potest
1405 1598 1757 1670 perfectionis
1808 1600 2137 1658 sacrificium
2191 1605 2307 1663 Deo

297 1687 524 1746 exiberi„
555 1685 762 1745 EccleS.
807 1702 1014 1754 xxxin
1044 1687 1111 1743 24
1141 1703 1153 1740 :
1209 1685 1312 1753 Qui
1339 1686 1495 1760 offert
1537 1685 1867 1759 sacrificium
1906 1704 1971 1746 ex
2007 1689 2307 1751 substantia

294 1791 616 1850 pauperum,
660 1775 814 1853 quasi
867 1775 958 1852 qui
1006 1774 1245 1834 victimat
1301 1773 1476 1846 filium
1533 1773 1595 1831 in
1648 1781 1920 1850 conspectu
1960 1778 2146 1852 patris
2196 1781 2301 1840 sui,
2381 1852 2391 1857 ²

300 1865 540 1939 Quartus
567 1873 671 1934 est,
723 1865 943 1942 quando
975 1864 1254 1923 eontentio
1280 1869 1369 1920 ‘est
1410 1863 1479 1920 de
1518 1879 1582 1920 eo
1622 1865 1769 1938 quod
1808 1865 1985 1941 vergit
2032 1868 2087 1925 in
2137 1869 2304 1942 epiri-
2349 1896 2353 1900 ·

299 1955 446 2012 tuate
493 1954 752 2016 damnum
814 1953 963 2015 illius
1001 1954 1097 2032 qui
1141 1953 1344 2028 injuste
1386 1952 1595 2012 detinet
1646 1969 1763 2008 rem
1812 1953 2041 2013 alterius
2087 1963 2305 2032 tempo-

297 2047 488 2103 ralem.
536 2043 692 2104 Unde
737 2043 1037 2118 Gregorius
1080 2043 1136 2101 in
1177 2041 1372 2102 XXXI
1416 2041 1511 2102 lib.
1553 2043 1749 2100 moral.
1789 2058 1954 2118 super
2000 2045 2135 2106 illud
2177 2047 2299 2107 soh,

255 2207 260 2210 Ι
295 2148 510 2200 xxxix,
541 2133 780 2206 Frustra
816 2131 1098 2199 laboravit,
1130 2131 1264 2188 dicit
1292 2147 1307 2184 t
1337 2151 1364 2183 α
1412 2131 1647 2204 Quidam
1676 2131 1809 2188 dum
1845 2118 1933 2190 re's
1974 2136 2305 2210 temporales

295 2223 536 2298 rapiunt,
579 2219 920 2279 solummodo
967 2225 1094 2278 sunt
1143 2218 1445 2288 tolerandi;
1496 2219 1722 2296 quidam
1767 2228 1987 2280 servata
2031 2223 2303 2282 charitat-e

289 2307 620 2387 prohibendi
649 2322 755 2364 non
779 2306 894 2364 sola
917 2322 1068 2374 cura,
1097 2323 1164 2363 ne
1203 2311 1390 2364 nostra
1418 2305 1765 2376 subtrahant,
1796 2307 1892 2364 sed
1932 2325 1999 2366 ne
2026 2313 2305 2384 rapientes

230 2467 240 2478 .
295 2414 406 2456 non
447 2413 564 2463 sua,
609 2396 933 2468 semetipsos
977 2395 1232 2472 perdant.
1286 2413 1312 2445 ι)
1357 2393 1592 2466 Quintus
1628 2400 1733 2462 est,
1776 2395 1993 2467 quando
2035 2401 2214 2470 vergit
2246 2401 2303 2458 in

295 2486 702 2562 corruptionem
729 2485 1026 2543 multorum
1045 2500 1144 2558 per
1169 2481 1480 2557 exemplum
1506 2481 1773 2556 rapiendi.
1798 2482 2008 2544 Eccles.
2033 2502 2161 2554 vm,
2196 2490 2253 2542 Μ
2287 2504 2301 2542 z

301 2574 437 2644 Quia
461 2590 566 2632 non
583 2572 876 2648 profertur
905 2572 1007 2630 cito
1036 2578 1227 2630 eontra
1261 2571 1429 2630 malos
1450 2569 1737 2639 sententia,
1761 2569 1953 2648 >absque·
1978 2571 2171 2630 timore
2196 2575 2303 2634 ullo

293 2663 402 2736 filii
425 2662 698 2720 hominum
720 2667 1041 2734 perpetrant
1063 2661 1225 2716 mala.

367 2752 452 2812 Ad
481 2753 780 2811 secundum
803 2751 1114 2818 dicendum,
1157 2747 1324 2826 quod,
1362 2747 1507 2804 sieut
1540 2745 1737 2808 Glosse
1759 2747 1965 2809 ‚ibidem
1994 2749 2149 2817 dicit,
2188 2771 2214 2808 ,α
2250 2751 2303 2808 in

297 2840 472 2900 tribus
511 2841 802 2916 praeceptis
844 2839 1047 2899 ibidem
1088 2838 1282 2915 positis
1333 2836 1595 2910 perfectio
1640 2837 1875 2912 justitiae
1912 2839 2238 2908 ostenditur,
2270 2860 2301 2894 »

297 2945 533 3004 quorum
561 2930 796 3003 primum
820 2935 904 2991 est
932 2946 946 2986 ε
973 2927 1032 2986 Si
1059 2929 1250 3004 quiete
1267 2925 1593 3002 percusserit
1622 2925 1683 2981 in
1707 2927 1981 2984 demerem
2002 2929 2305 2996 maxillam,

291 3018 471 3096 praebe
499 3017 548 3074 ei
570 3025 622 3074 et
647 3017 896 3076 alteram.
927 3017 1238 3078 Secundum
1263 3025 1348 3072 est
1375 3032 1390 3072 ε
1416 3015 1521 3084 Qui
1546 3015 1658 3072 vult
1680 3022 1847 3072 tecum
1866 3016 1932 3094 'in
1946 3017 2155 3088 jndicio
2176 3035 2305 3076 con·-

297 3105 510 3166 tendere
527 3114 578 3164 et
597 3104 833 3164 tunicam
863 3112 1009 3166 tuam
1041 3105 1244 3172 tollere,
1259 3103 1471 3164 dimitte
1496 3119 1545 3160 et
1566 3110 1617 3163 et
1628 3104 1883 3176 pallium.
1905 3105 2152 3164 Tertium
2176 3117 2259 3163 est
2289 3123 2333 3162 ε·

301 3193 620 3268 Quicumque
649 3201 699 3250 te
736 3192 1113 3266 angariaverit
1140 3191 1284 3248 mille
1319 3206 1531 3266 passus,
1555 3189 1686 3247 vade
1712 3207 1831 3248 cum
1858 3207 1917 3247 eo
1953 3195 2004 3246 et
2042 3190 2304 3259 aliudue,

297 3297 426 3356 quae
456 3282 560 3336 tria
591 3281 658 3336 ad
697 3281 1023 3354 patientiam
1050 3281 1324 3352 pertinere
1353 3283 1675 3338 noscuntur.
1700 3277 1817 3336 Hoc
1846 3284 2030 3338 autem
2062 3279 2305 3350 tertium,

297 3375 360 3429 ut
392 3369 587 3427 Glossa
617 3360 836 3440 exponit
879 3369 1102 3436 ibidem,
1135 3367 1545 3444 intelligendum
1582 3373 1668 3424 est
1714 3381 1822 3425 non
1852 3372 1967 3425 tam
1992 3373 2052 3424 ut
2092 3383 2219 3426 cum
2244 3385 2310 3427 eo

297 3456 531 3532 pedibus
559 3457 749 3524 vadas,
783 3457 913 3532 quia
949 3457 1052 3515 hoo
1075 3473 1178 3516 nee
1217 3458 1275 3514 in
1312 3456 1551 3524 Christo,
1583 3470 1687 3512 neo
1714 3456 1771 3511 in
1800 3453 1923 3514 aliis
1950 3455 2309 3515 historialiter

301 3549 534 3622 legimus
557 3560 678 3602 esse
706 3544 1058 3617 completum,
1091 3544 1189 3601 sed
1220 3552 1280 3601 ut
1304 3533 1501 3618 parato
1526 3541 1710 3602 animo
1750 3542 1829 3600 sis
1866 3543 1970 3614 ire,
1996 3559 2123 3602 cum
2144 3560 2312 3621 opor-

303 3642 465 3694 teret.
496 3633 757 3693 Similiter
778 3639 838 3694 ‚et
867 3634 1105 3708 primum
1132 3641 1486 3709 praeceptum,
1516 3639 1577 3690 ut
1604 3632 1944 3708 Augustinus
1968 3632 2102 3690 dicit
2128 3634 2183 3690 in
2214 3633 2308 3692 lib.

303 3726 384 3787 De
410 3723 702 3792 mendacio,
733 3723 815 3782 sic
844 3728 928 3782 eet
954 3721 1386 3797 intelligendum,
1420 3729 1483 3780 ut
1512 3721 1673 3780 homo
1704 3736 1801 3778 eor
1830 3729 2086 3796 paratum
2111 3721 2312 3782 habeat

304 3829 414 3876 non
445 3813 624 3876 solum
661 3812 732 3874 ad
761 3813 899 3874 alias
929 3811 1119 3885 alapas
1157 3809 1525 3884 accipiendas,
1554 3809 1651 3868 sed
1688 3810 1858 3868 etiam
1901 3810 2165 3888 quaelibet
2194 3821 2313 3872 tor-

303 3910 489 3966 menta
514 3918 610 3982 pro
639 3903 874 3966 veritate
911 3901 1173 3980 patienda
1208 3916 1335 3964 oum
1369 3915 1561 3965 eorum
1582 3898 1899 3974 dilectione,
1932 3915 1965 3962 a
1991 3901 2192 3982 quibus
2219 3901 2313 3963 illa
