2784 4392
507 301 620 358 450
979 318 1031 361 s.
1075 316 1309 361 ‘moira
1349 317 1679 367 Aoumurs
1722 316 2029 361 oruscunn

509 443 860 499 personarum
889 445 1008 488 esse
1037 447 1240 499 veram,
1269 432 1472 489 realem
1502 440 1557 487 et
1584 430 1908 503 simplicem,
1936 429 2032 487 sed
2061 428 2221 504 quasi
2253 428 2539 487 similitu-

509 516 774 575 dinariam
804 526 858 574 et
902 518 1260 586 colleciivam‚
1289 519 1344 575 id
1383 527 1487 587 est,
1521 521 1677 592 quasi
1717 535 1783 574 ex
1814 512 2061 590 pluribus
2100 527 2529 591 congregatam,

508 605 648 660 sicut
681 604 834 662 multi
882 606 1128 664 homines
1169 607 1426 663 dicuntur
1469 623 1607 663 unus
1638 606 1867 679 populus
1906 615 1961 663 et
2004 606 2161 663 multi
2209 606 2404 676 fideles
2436 608 2530 661 di-

509 702 706 751 cuntur
747 711 852 751 una
894 695 1157 763 Ecclesia,
1199 695 1500 753 secundum
1531 695 1663 751 illud
1711 699 1836 752 Act.
1880 711 1959 762 tv,
1992 698 2103 751 32:
2142 694 2531 753 Multitudinis

510 783 836 841 credentium
864 792 983 841 erat
1007 801 1099 840 cor
1121 800 1289 841 unum
1316 790 1365 841 et
1389 784 1576 839 anima
1600 800 1707 839 una
1725 801 1745 851 ‚·
1766 794 1822 840 et
1845 784 2147 839 secundum
2176 783 2312 840 illud
2340 788 2525 856 Apos-

513 873 626 936 toli,
663 872 683 925 1
712 872 781 926 ad
810 873 933 928 Cor.
962 888 1063 937 vn,
1095 874 1160 928 ⁴6
1193 890 1206 927 ε
1241 872 1346 938 Qm·
1373 872 1605 927 adhoeret
1633 872 1741 928 Deo
1760 886 1899 927 unus
1926 871 2156 943 spiritus
2184 878 2281 936 est,
2304 871 2519 926 scilicet

512 974 634 1013 cum
657 960 800 1030 ipso;
826 960 919 1015 etl
942 961 1008 1016 ad
1035 962 1157 1016 Cor.
1184 976 1315 1027 xm,
1344 965 1409 1016 8:
1436 960 1539 1026 Qut
1562 960 1775 1032 plantat
1796 967 1846 1016 et
1866 960 1956 1031 qui
1971 960 2141 1030 rigat,
2170 975 2341 1015 unum
2368 967 2521 1016 sunt.

517 1051 805 1116 l’raeterea,
832 1050 854 1103 1
885 1048 950 1103 ad
986 1050 1110 1104 Cor.
1145 1065 1256 1116 xn,
1281 1058 1335 1104 et
1373 1049 1439 1104 ad
1476 1050 1634 1104 Rom.
1672 1063 1781 1114 xu,
1810 1049 1841 1101 5
1872 1066 1883 1102 ε
1919 1048 2080 1105 Multi
2124 1035 2289 1102 amum'
2329 1064 2526 1118 corpus

513 1149 694 1187 sumus
719 1134 778 1188 in
821 1135 1033 1191 Christo
1047 1151 1067 1202 ;
1105 1144 1163 1190 et
1191 1137 1261 1190 lll
1305 1137 1440 1205 Reg.
1484 1151 1631 1201 xxu,
1666 1137 1699 1189 5
1728 1151 1743 1188 τ
1777 1134 1930 1191 Dixit
1956 1136 2209 1206 Iosophat
2249 1151 2347 1189 rex
2374 1134 2525 1189 Juda

515 1222 582 1275 ad
623 1238 794 1292 reqem
831 1223 1002 1278 Israel
1029 1240 1047 1280 .·
1078 1223 1314 1294 Populus
1356 1239 1500 1279 meus
1546 1231 1596 1279 et
1640 1223 1861 1294 populus
1892 1229 2013 1279 tuus
2056 1239 2223 1278 unum
2268 1230 2416 1278 suut.
2462 1225 2521 1277 ln

517 1311 713 1379 quibus
764 1311 1014 1365 omnibus
1059 1312 1399 1380 significatur
1447 1311 1629 1365 unitas
1672 1311 1981 1376 collectiva,
2029 1318 2083 1365 et
2140 1325 2243 1365 non
2284 1325 2411 1365 vera
2465 1319 2521 1365 et

517 1397 762 1468 simplex.
795 1397 950 1466 Quod
981 1403 1162 1453 autem
1191 1398 1491 1453 secundum
1521 1397 1665 1453 hunc
1711 1398 1929 1453 modum
1963 1398 2236 1453 diceretur
2260 1413 2381 1452 esse
2412 1414 2518 1453 una

518 1486 841 1552 substantia,
875 1485 958 1541 vel
999 1486 1254 1552 essentia,
1299 1485 1385 1542 vel
1424 1494 1619 1542 natura
1668 1485 1829 1540 trium
1870 1501 2242 1557 personarum,
2288 1486 2521 1556 probare

521 1574 794 1629 nitebatur
837 1574 1163 1645 quibusdam
1206 1574 1645 1631 auctoritatibus.
1692 1574 1904 1630 Dicitur
1952 1575 2095 1629 enim
2156 1575 2309 1629 Joan.
2343 1589 2513 1643 xvii.

521 1662 662 1731 quod
706 1663 969 1718 Dominus
1017 1679 1112 1735 pro
1157 1663 1406 1717 fidelibus
1439 1663 1553 1717 suis
1597 1664 1811 1717 Patrem
1842 1678 2095 1730 exoranS,
2130 1663 2269 1718 inter
2316 1670 2521 1718 caetera

521 1749 656 1805 dixit
683 1757 740 1807 v.
769 1754 835 1806 22
867 1767 878 1803 :
906 1750 1050 1816 Vale,
1077 1751 1268 1816 Pater,
1283 1759 1345 1808 ut
1368 1751 1477 1806 sint
1504 1750 1699 1805 scilicet
1724 1749 1899 1819 fideles
1926 1750 2029 1805 mei
2054 1766 2221 1805 mmm
2251 1751 2309 1804 in
2346 1750 2517 1813 nobis,

506 1838 573 1891 -id
599 1845 683 1893 est
712 1838 767 1892 in
797 1854 882 1893 me
919 1848 974 1895 et
1003 1839 1057 1893 in
1087 1848 1138 1894 te
1167 1856 1262 1910 per
1307 1839 1469 1894 fidem
1498 1847 1552 1893 et
1581 1838 1927 1902 charitatem,
1958 1838 2097 1893 sicut
2140 1845 2191 1894 et
2230 1854 2324 1893 »tos
2354 1853 2519 1893 tanum

521 1942 717 1989 sitinus,
743 1936 798 1981 et
826 1928 1046 1983 tandem
1076 1928 1127 1981 in
1158 1927 1334 1999 patria
1365 1927 1473 1984 sint
1500 1926 1851 2005 consummati
1880 1927 1939 1982 in
1970 1942 2155 1981 unum.
2188 1926 2265 1981 Ex
2294 1943 2405 1999 quo
2438 1927 2520 1981 sic

524 2014 784 2083 arguebat
816 2032 829 2067 :
864 2034 888 2066 t<
922 2015 1133 2070 Fideles
1161 2014 1363 2071 Christi
1393 2030 1497 2069 non
1529 2014 1610 2070 sic
1632 2020 1760 2071 sunt
1793 2030 1980 2080 unum,
2007 2022 2064 2069 ut
2090 2015 2157 2093 εἰι
2184 2014 2370 2086 aliqua
2412 2030 2523 2069 una

525 2116 609 2153 res
654 2116 776 2171 quae
811 2101 1113 2156 communis
1153 2103 1226 2157 sit
1274 2102 1544 2169 omnibus,
1594 2103 1690 2159 sed
1732 2108 1859 2157 sunt
1902 2102 2303 2175 quodammodo
2352 2118 2523 2157 unum

523 2187 857 2254 collectione,
888 2189 941 2244 id
971 2198 1053 2246 est
1091 2205 1196 2246 una
1225 2190 1465 2247 Ecclesia
1498 2199 1717 2263 propter
1748 2192 2013 2247 unitatem
2050 2189 2335 2246 catholicas
2370 2190 2515 2255 fidei,

522 2286 575 2329 et
603 2276 820 2332 tandem
844 2287 1002 2334 erunt
1029 2279 1080 2332 in
1109 2279 1283 2349 patria
1308 2296 1471 2335 unum
1503 2294 1725 2350 regnum
1754 2286 1973 2350 propter
2002 2280 2254 2334 unionem
2279 2278 2523 2333 indisso-

525 2354 704 2419 lubilis
726 2364 1044 2434 charitatis;
1072 2368 1200 2439 quia
1226 2367 1468 2423 charitas
1495 2366 1601 2423 viae
1629 2366 1854 2422 dissolvi
1885 2373 2062 2437 potest
2083 2382 2179 2437 per
2210 2373 2515 2438 peccatum,

524 2453 762 2507 charitas
799 2461 983 2509 autem
1024 2454 1216 2526 patriae
1253 2453 1644 2511 indissolubilis
1692 2460 1796 2511 est.
1846 2474 1871 2507 »
1916 2454 2215 2510 Inducebat
2255 2455 2403 2509 enim
2448 2457 2519 2509 as}

523 2558 635 2595 suu>
677 2542 946 2612 opinionis
989 2545 1363 2609 assertionem,
1412 2542 1555 2615 quod
1580 2542 1832 2600 diciturl
1871 2544 2029 2598 Joan.
2076 2543 2173 2598 ult.
2204 2558 2285 2599 vu
2334 2559 2346 2597 ε
2388 2541 2516 2597 Tres

519 2638 644 2683 sitiit
685 2630 778 2701 qui
816 2630 1171 2687 testimonium
1215 2631 1346 2687 davit
1388 2630 1450 2686 in
1492 2631 1633 2696 ecclc,
1676 2630 1863 2695 Pater,
1901 2630 2127 2689 Verbum
2176 2638 2229 2686 et
2279 2628 2513 2701 Spiritus

518 2726 749 2773 saltatus.
792 2720 950 2774 Pater
994 2720 1214 2790 quidem
1248 2734 1374 2774 cum
1415 2719 1553 2775 dixit·
1585 2734 1597 2771 ε
1631 2718 1734 2773 Hic
1768 2726 1841 2775 est
1884 2718 2056 2775 Filius
2097 2734 2243 2774 meus
2275 2719 2514 2782 dilectus,

521 2815 573 2860 rt
605 2806 704 2860 hoc
740 2805 793 2859 in
823 2806 1113 2875 baptism0‚
1150 2814 1208 2859 ut
1243 2804 1447 2860 dicitur
1476 2804 1670 2861 Matth.
1705 2821 1771 2861 ιιι
1790 2822 1809 2873 ,·
1840 2805 1976 2861 etin
2016 2806 2509 2877 transfiguratione,

521 2900 578 2945 ut
605 2892 832 2945 habetur
861 2892 1051 2947 Matth.
1081 2908 1225 2948 xvn.
1257 2892 1427 2948 Filius
1456 2910 1583 2949 vero
1604 2893 1764 2949 dedit
1793 2894 2161 2950 testimonium
2187 2894 2311 2949 fidei
2336 2894 2518 2949 chris·

522 2982 682 3035 tianae
707 2995 801 3051 per
825 2980 1129 3035 doctrinam
1155 2989 1210 3036 et
1239 2981 1523 3037 miracula.
1558 2984 1710 3038 Unde
1734 2982 1885 3047 dicit,
1919 2983 2076 3037 Joan.
2110 2998 2236 3046 vm,
2267 2984 2332 3037 18
2357 2999 2370 3035 :
2399 2983 2513 3052 1390

518 3084 631 3122 sum
655 3067 748 3138 qui
773 3068 1131 3123 testimonium
1157 3068 1403 3140 perhibeo
1428 3070 1491 3125 de
1523 3086 1603 3125 me
1637 3070 1771 3142 ipso,
1802 3078 1851 3127 et
1887 3070 2242 3126 testimonium
2279 3070 2511 3140 perhibet

517 3155 577 3209 de
601 3172 696 3221 me,
725 3156 814 3228 qui
835 3157 981 3213 irrisit
1010 3173 1088 3213 me
1105 3158 1301 3225 Pater,-
1327 3159 1564 3234 Spiritus
1592 3166 1817 3215 sanctus
1844 3158 2215 3215 testimonium
2242 3158 2512 3230 perhibuit

519 3245 568 3297 in
599 3247 778 3315 specie
804 3244 1070 3301 columbae
1106 3261 1268 3318 super
1294 3247 1573 3309 Christum
1614 3259 1881 3319 apparens
1912 3248 1966 3301 in
2010 3246 2298 3317 baptismO,
2334 3252 2389 3302 et
2420 3264 2513 3319 per

461 3386 466 3393 ,
517 3334 806 3387 adventum
847 3334 1092 3391 suum-in
1134 3333 1431 3407 discipulos
1478 3334 1699 3401 Christi,
1730 3342 1783 3390 et
1815 3335 1883 3391 ad
1915 3334 2295 3391 insinuandam
2328 3335 2511 3390 unita-

519 3428 625 3474 tem
675 3422 838 3477 trium
882 3436 1255 3494 personarum,
1300 3422 1552 3479 subditur
1586 3440 1599 3478 ε
1634 3424 1712 3480 Et
1751 3424 1807 3479 hi
1848 3432 1957 3482 tres
1981 3439 2149 3479 unum
2176 3418 2506 3495 sunt3'qu0d

515 3510 734 3577 quidem
755 3508 959 3563 dicitur
984 3518 1206 3582 propter
1231 3512 1483 3567 essentiae
1512 3512 1799 3567 unitatem.
1827 3512 1941 3572 Sed,
1966 3511 2081 3567 haec
2109 3510 2352 3567 Joachim
2384 3526 2504 3581 per-

515 3614 666 3652 verse
699 3596 912 3653 trahere
943 3598 1128 3655 volens
1177 3599 1545 3656 adunitatem
1584 3598 1870 3655 charitatis
1895 3610 1950 3655 et
1998 3612 2314 3664 consensus,
2348 3599 2505 3653 indu-

513 3686 670 3740 cebat
713 3694 1140 3759 consequentem
1175 3690 1581 3743 auctoritatem.
1618 3689 1756 3744 Nam
1807 3688 2293 3745 subditur-ibidem
2324 3691 2356 3742 8
2386 3703 2399 3740 :
2430 3686 2501 3740 Et

504 3780 621 3827 tres
656 3780 782 3829 sunt
826 3774 937 3845 qui·
961 3776 1323 3832 testimonium
1365 3776 1497 3831 dant
1539 3776 1598 3831 in
1636 3784 1811 3841 terra,
1841 3776 2038 3833 scilicet
2066 3776 2500 3849 spiritus,vaqua

511 3867 562 3916 et
609 3861 845 3931 sanquis.
881 3864 954 3937 ‚ln
999 3864 1327 3935 quibusdam
1378 3864 1530 3921 libris
1584 3865 1884 3921 attenditur
1918 3866 2039 3923 :Et
2082 3865 2140 3921 hi
2186 3873 2295 3922 tres
2327 3858 2541 3939 'urtum-
