2784 4392
1 346 118 420 miritis

1 443 110 512 epse

1 543 106 604 imper:

2 635 49 678 um
61 639 96 696 sc

12 719 83 768 tut*
70 739 98 770 t

1 819 88 902 mm

1 1003 89 1058 [Πϊθξ]

6 1628 22 1684 l,
37 1635 65 1672 ss

849 261 958 312 xv,
988 275 1070 294 -
1095 262 1172 313 nr.
1215 261 1517 315 suenum
1559 264 1897 318 remensum
2262 247 2383 312 289

357 377 526 442 simae
555 379 808 440 ustiones
844 381 901 438 et
935 378 1212 458 principes
1252 379 1533 462 nominati.
1559 379 1765 442 nullam
1794 381 2056 454 majorem
2087 363 2379 456 potuerunt

371 471 600 541 gloriam
641 469 877 542 assequi,
926 483 1103 555 quum
1137 475 1232 535 eut
1259 468 1493 532 fundare
1517 484 1689 532 noves
1724 470 1998 537 civitates,
2026 478 2123 530 aut
2164 471 2234 532 ab
2258 471 2379 530 aliis

369 560 618 618 conditas
647 559 698 614 in
728 573 922 616 nomen
969 573 1128 616 suum
1165 557 1270 618 sub
1296 559 1533 632 quadam
1564 559 1993 632 amplificatione
2036 560 2331 624 transferre
2362 577 2375 616 ε

356 649 514 720 ‚quod
541 647 762 720 quidem
802 646 1146 706 documentis
1173 647 1671 719 saoraeSertpturae
1704 648 2021 708 concordat.
2058 649 2207 708 Dicit
2233 651 2376 708 onim

367 737 608 809 sapient.
641 735 696 794 in
725 734 869 794 Eoo-l.
919 751 1014 803 xc,
1056 737 1123 797 te
1149 735 1294 808 quod
1325 734 1611 806 aedificatio
1652 736 1885 800 civitatis
1913 736 2247 808 confirmabit
2276 755 2379 799 uo-

365 843 504 884 men.
535 825 706 884 Hodie
736 840 972 896 namque
1000 839 1194 885 nornen
1219 823 1435 886 Romuli
1462 826 1785 896 nesciretur,
1818 827 1921 886 uisi
1960 827 2090 900 quia
2128 827 2383 902 condidit,

365 915 614 974 Romam.
646 915 706 971 In
735 913 1078 974 institutione
1105 920 1288 973 autem
1313 914 1577 982 civitatis,
1607 921 1701 984 eut
1732 915 1905 988 regni,
1938 916 1983 974 si
2008 917 2165 988 copis
2190 917 2369 982 detur,

359 1005 540 1078 primo
579 1001 802 1076 quidem
847 1008 930 1062 est
973 1003 1124 1072 regio
1164 1018 1258 1074 per
1291 1018 1477 1076 regem
1505 1003 1775 1074 eligenda,
1808 1020 1974 1076 quam
2014 1012 2372 1078 temperatam

353 1109 484 1150 esse
509 1097 742 1164 oportet.
785 1090 863 1151 Ex
894 1091 1129 1162 regionis,
1159 1091 1305 1153 enim
1337 1092 1598 1164 temperie
1641 1092 1979 1156 tiabitatoies
2008 1093 2178 1154 multa
2217 1104 2373 1152 eom-

367 1182 526 1237 moda
567 1187 994 1252 consequuntur.
1049 1177 1230 1234 Primo
1279 1195 1514 1254 namque
1562 1190 1975 1254 consequuntur
2020 1182 2267 1244 homines
2306 1202 2371 1241 ex

366 1271 624 1343 temperie
654 1269 889 1340 regionis
935 1267 1368 1323 incolumitatem
1398 1269 1645 1341 corporis
1686 1285 1753 1324 ex
1797 1269 2192 1341 longitudinem
2218 1274 2367 1330 vitae.

363 1361 496 1415 Cum
525 1359 670 1414 enim
688 1356 894 1416 sanitas
919 1355 970 1409 in
993 1356 1230 1437 quadam
1257 1357 1521 1432 temperie
1542 1357 1829 1414 humorum
1854 1361 2139 1426 consistat,
2170 1361 2221 1416 in
2251 1363 2367 1418 loco

367 1454 666 1520 temperato
695 1445 1108 1513 conservabitur
1139 1445 1376 1510 sanitas,
1410 1445 1585 1502 simile
1634 1461 1869 1518 namque
1912 1463 2009 1504 suo
2040 1449 2201 1510 simili
2233 1467 2369 1510 cou-

363 1542 633 1594 servatur.
663 1523 718 1591 Si
760 1541 944 1592 autem
985 1531 1147 1588 fuerit
1185 1547 1439 1588 excessus
1478 1533 1695 1598 caloriS,
1749 1533 1831 1589 vel
1862 1535 2099 1606 fulgoriS,
2144 1553 2367 1596 necesse

361 1631 446 1680 est
467 1625 608 1698 quod
632 1621 933 1688 secundum
957 1621 1279 1693 qualitatem
1306 1621 1449 1676 aeris
1473 1623 1717 1701 corporis
1736 1621 1975 1694 qualitas
2000 1624 2363 1684 immutetur:

365 1715 506 1770 unde
535 1713 772 1786 quadam
816 1708 1050 1765 naturali
1100 1708 1368 1764 industria
1414 1696 1671 1764 animalia
1710 1711 1960 1782 quaedam
1992 1718 2235 1785 tempore
2264 1715 2367 1772 fri-

362 1805 488 1876 gido
527 1805 594 1862 ad
624 1799 801 1863 calida
847 1797 994 1859 loca
1015 1813 1074 1855 se
1105 1797 1459 1864 transferunt,
1494 1814 1710 1858 rursum
1755 1808 1999 1872 tempore
2026 1801 2205 1864 calido
2248 1803 2367 1863 loca

363 1893 559 1964 fulgida
589 1895 916 1962 repetentes,
946 1893 1006 1942 ut
1029 1901 1095 1944 ex
1119 1886 1394 1996 contraria
1424 1886 1779 1962 dispositione
1805 1887 1907 1947 loci
1936 1891 2197 1962 temporis
2225 1899 2367 1952 tem·-

363 1982 567 2102 perlem
593 1981 1015 2050 consequantur.

431 2072 658 2134 Rursus,
701 2081 828 2124 eum
858 2062 1058 2127 animal
1100 2063 1252 2124 vivat
1291 2079 1386 2136 per
1416 2063 1653 2124 calidum
1692 2073 1747 2122 et
1777 2065 2079 2133 humidum,
2112 2070 2157 2127 si
2202 2071 2366 2131 suerit

362 2160 510 2219 calor
541 2159 803 2220 interime,
832 2154 942 2208 cito
985 2151 1233 2213 naturale
1263 2152 1546 2215 humidum
1586 2154 1875 2218 exiccatur,
1904 2163 1958 2214 et
2002 2157 2185 2217 deficit
2217 2160 2363 2230 vito3

363 2249 505 2306 sicut
539 2246 757 2308 lucerna
787 2241 1140 2310 extinguitur,
1171 2241 1215 2297 si
1255 2240 1448 2299 humor
1474 2240 1681 2300 infusus
1706 2243 1821 2299 cito
1860 2259 1953 2314 per
1980 2245 2121 2316 ignis
2151 2251 2367 2320 magni..

366 2335 610 2396 tudinem
649 2337 1018 2394 consumetur.
1044 2327 1198 2386 Unde
1228 2329 1281 2386 in
1319 2328 1645 2404 quibusdem
1676 2329 2025 2391 calidissimis
2053 2321 2363 2408 AE-thiopum

363 2423 674 2497 regionibus
702 2421 948 2482 homines
974 2418 1117 2478 ultra
1149 2416 1410 2476 tredecim
1448 2433 1619 2476 annos
1649 2435 1754 2478 non
1782 2420 1963 2478 vivere
1990 2423 2362 2494 perhibentur.

364 2517 424 2574 ln
453 2511 761 2584 regionibns
789 2523 918 2568 vero
944 2506 1155 2582 frigidis
1179 2506 1234 2573 in
1265 2521 1511 2574 excessu,
1542 2507 1790 2582 naturale
1820 2508 2101 2570 humidum
2126 2512 2193 2570 clo
2218 2514 2382 2574 facili.

361 2602 694 2674 congelatur,
733 2605 789 2658 et
817 2597 966 2656 calor
995 2595 1354 2668 extinguitur.-
1387 2594 1595 2656 Deinde
1620 2601 1690 2656 ad
1723 2599 2165 2669 opportunitates
2190 2601 2368 2663 hello-

365 2706 509 2767 rum,
547 2687 746 2761 quibus
796 2691 914 2744 tuta
955 2683 1202 2741 redditur
1231 2681 1469 2742 humana
1512 2683 1765 2754 societate,
1807 2685 2047 2758 regionis
2078 2694 2369 2764 temperies

363 2779 654 2850 plurimum
682 2774 846 2834 valet.
889 2774 1028 2832 Nam
1055 2772 1196 2828 sicut
1226 2773 1487 2844 vegetius
1515 2772 1699 2842 refert,
1739 2789 1936 2840 omnes·
1962 2777 2213 2840 nationes
2240 2798 2365 2854 quoe

366 2867 560 2924 vicinae
603 2870 730 2922 sunt
758 2861 878 2927 soli,
927 2861 1098 2922 nimio
1125 2859 1309 2920 calore
1345 2861 1588 2932 siooatae,
1622 2863 1857 2936 amplius
1898 2865 2123 2938 quidem
2150 2884 2363 2944 supere,
2444 2859 2450 2866 ’

363 2955 460 3012 sed
489 2956 668 3014 minus
691 2951 760 3008 de
781 2950 1044 3020 sanguine
1075 2949 1274 3007 habere
1299 2950 1577 3022 dicuntur,
1606 2967 1672 3012 eo
1698 2960 1984 3026 propterea
2005 2958 2367 3020 constantiam

365 3053 531 3118 atque
554 3040 810 3103 fiduciam
839 3039 908 3096 de
939 3038 1242 3110 propinquo
1271 3040 1547 3110 pugnandi
1575 3055 1681 3100 non
1711 3041 1932 3108 habent,
1964 3043 2094 3114 quia
2121 3053 2369 3108 metuunt

365 3133 608 3196 vulnera,
659 3127 754 3202 qui
793 3125 1064 3186 modicum
1104 3125 1427 3195 sanguinem
1458 3143 1519 3182 se
1562 3126 1764 3186 habere
1792 3139 2081 3190 noverunt.
2111 3132 2154 3192 Ε
2178 3147 2369 3194 contra

365 3214 816 3293 septentrionales
840 3213 1020 3286 populi
1049 3212 1242 3272 remoti
1267 3229 1300 3270 a
1329 3213 1460 3272 solis
1488 3211 1776 3274 ardoribus
1799 3217 2219 3280 inconsultiores
2242 3225 2371 3296 qui-

366 3310 508 3374 dem,
534 3305 626 3364 sed
653 3311 836 3364 temen
861 3303 1010 3376 largo
1031 3299 1294 3374 sanguine
1316 3301 1707 3370 redundantes,
1736 3304 1953 3362 suntad
1978 3304 2119 3366 bella
2145 3325 2369 3384 promp-

349 3395 583 3458 tissimi.
607 3395 704 3454 His
724 3393 817 3466 qui
850 3389 1325 3463 temperatioribus
1349 3389 1600 3452 habitent
1621 3391 1814 3466 plagis,
1832 3399 1889 3448 et
1912 3394 2069 3466 copia
2090 3400 2373 3469 sanguinis

366 3485 606 3560 suppetit
639 3481 706 3542 ad
739 3479 1024 3544 vulnerum
1065 3481 1364 3552 mortisque
1391 3488 1787 3554 contemptum,
1816 3496 1917 3564 neo
1955 3483 2243 3556 prudentia
2272 3488 2371 3548 de·
2474 3529 2481 3538 .

365 3575 498 3642 ficit,
531 3587 656 3646 quae
690 3568 1013 3631 modestiam
1041 3573 1224 3631 servet
1259 3567 1314 3626 in
1339 3567 1557 3635 castris,
1600 3575 1656 3629 et
1684 3584 1789 3634 non
1820 3585 2013 3644 parum
2040 3573 2261 3648 prode„
2288 3580 2370 3638 ,ιω

363 3664 420 3722 in
447 3660 802 3724 dimicatione
827 3655 1087 3718 consiliis.

434 3754 670 3812 Domum
718 3753 1022 3820 temperata
1067 3742 1218 3816 regio
1257 3743 1325 3800 ad
1373 3742 1655 3818 politicam
1696 3745 1867 3810 vitam
1912 3749 2080 3813 velet.
2109 3751 2181 3812 Ut
2226 3755 2371 3816 enim

365 3839 690 3906 Aristoteles
716 3836 852 3898 dicit
879 3835 936 3890 in
959 3849 1057 3892 sua
1079 3831 1355 3897 Politian:
1402 3852 1429 3888 α
1463 3832 1640 3904 Qum
1626 3851 1681 3893 tn
1708 3834 1923 3908 frigidis
1948 3836 2081 3910 locis
2122 3841 2384 3914 habitant

861 3952 911 4001 S.
934 3951 1090 4003 Tuon.
1116 3952 1201 4006 Ao·
1237 3950 1503 4008 Oruscuts·
1530 3969 1583 3988 -·
1624 3950 1701 4013 lli.
1730 3973 1789 3989 -
1816 3950 1875 4022 19
