2784 4392
487 281 610 352 180
957 298 1015 349 ε.
1055 294 1291 347 ποια
1329 293 1659 352 aestuans
1698 292 2009 349 croscum
2240 314 2249 325 ·
2564 244 2594 371 s

557 418 642 480 Ad
665 415 937 479 decimum
964 416 1274 488 dicendum,
1309 415 1456 492 quod
1492 416 1795 493 hypocritae
1822 422 2044 491 propter
2068 414 2173 473 hoc
2197 432 2229 474 a
2258 412 2493 475 Domino

490 512 908 585 redarguuntur,
931 509 1061 585 quia
1090 524 1186 582 per
1216 508 1539 576 orationem,
1568 512 1624 564 et
1653 507 1760 564 alia
1786 517 1908 581 quae
1944 506 2328 581 superstitiose
2360 525 2494 581 age-

487 602 639 669 bant,
660 600 837 658 solum
866 598 1218 656 intendebant
1238 594 1308 656 ad
1332 602 1627 672 quaestum.
1656 596 1813 653 Unde
1832 596 2028 653 Glossa
2057 596 2131 653 ibi
2161 615 2175 653 ε
2212 594 2303 657 Voe
2328 598 2491 666 vobis,

488 690 685 749 Scriboe
711 696 763 747 et
785 686 1071 754 Pharisoei,
1101 706 1126 741 α
1151 686 1246 761 qui
1273 695 1457 744 vestra
1485 684 1874 760 superstitione
1896 684 2031 743 nihil
2058 684 2365 755 intenditiS,
2384 688 2489 745 nisi

489 785 550 835 ut
579 776 818 852 praedam
865 775 933 832 de
979 774 1225 846 subjecta
1267 773 1421 846 plebe
1464 772 1710 837 faciatisz
1745 793 1772 826 n
1818 772 1926 830 hoc
1966 778 2150 830 autem
2187 774 2259 831 de
2306 772 2491 851 aliquo

481 868 733 940 judicare
756 871 839 922 est
863 864 1231 931 temerarium,
1264 878 1390 920 cum
1421 863 1691 936 pertineat
1716 862 1783 918 ad
1813 863 2171 920 intentionem
2194 865 2397 923 cordis.

557 956 643 1015 Ad
686 955 1031 1011 undecimum
1060 952 1368 1019 dicendum,
1402 950 1547 1025 quod
1576 950 1644 1009 ad
1674 952 1905 1009 infames
1932 968 2193 1025 personas
2218 954 2491 1027 praedica·
2516 990 2523 997 -

489 1052 637 1101 tores
659 1042 933 1101 declinare
957 1058 1062 1099 non
1085 1040 1305 1109 debent,
1333 1040 1413 1096 ita
1455 1040 1602 1113 quod
1639 1055 1827 1097 eornm
1868 1038 2093 1099 infamia
2134 1042 2189 1099 in
2217 1044 2494 1117 praedica-

491 1144 637 1192 tores
659 1132 964 1206 retorqueri
993 1132 1164 1205 possit
1183 1128 1293 1201 ;sic
1317 1128 1462 1185 enim
1492 1127 1811 1202 praedicatio
1831 1130 1981 1186 venit
2008 1128 2066 1187 in
2089 1138 2487 1207 contemptum,

490 1222 639 1296 quia,
667 1222 814 1278 sicut
850 1219 984 1276 dicit
1021 1218 1317 1291 Gregorius
1350 1235 1364 1273 ε
1395 1238 1422 1271 α
1448 1216 1616 1291 Cujus
1644 1216 1759 1275 vita
1802 1218 2119 1292 despicitur,
2148 1236 2491 1296 consequens

489 1320 592 1380 est,
619 1317 688 1375 ut,
721 1311 837 1383 ejus
874 1308 1190 1383 praedicatio
1239 1300 1637 1374 contemnatur,
1667 1313 1724 1361 et
1764 1307 1845 1363 sic
1884 1306 2122 1381 loquitur
2160 1309 2355 1369 Glossa
2400 1313 2489 1367 in-

489 1400 676 1457 ducta.
714 1398 775 1456 Si
817 1404 1000 1455 autem
1037 1394 1106 1453 ad
1147 1402 1468 1469 peccatores
1504 1392 1795 1465 declinent,
1836 1396 1931 1469 qui
1979 1412 2167 1455 eorum
2210 1403 2487 1459 consortio

488 1490 740 1546 meliores
763 1484 1078 1554 reddantur,
1103 1493 1162 1542 et
1191 1483 1294 1559 ipsi
1327 1483 1523 1542 exinde
1553 1497 1663 1542 non
1692 1481 2041 1551 infamentur,
2072 1486 2344 1545 laudabile
2378 1500 2485 1559 est,

488 1578 620 1653 quia
660 1576 764 1634 boc
802 1573 1064 1633 Dominus
1111 1572 1308 1651 legitur
1339 1572 1554 1641 fecisse,
1580 1572 1721 1631 unde
1758 1572 1949 1629 Matth.
1986 1574 2150 1643 1¹2⁴⁴
2193 1594 2206 1631 :
2242 1572 2488 1637 Videntes

487 1669 580 1725 hoc
615 1663 902 1732 Pharisaei,
932 1660 1206 1737 discipulis
1245 1660 1360 1739 effus
1398 1659 1639 1719 dicebant
1670 1660 1893 1729 :Quare
1932 1679 2049 1719 cum
2090 1664 2388 1736 publicanis
2436 1675 2487 1726 et

481 1756 844 1830 peccatoribus
891 1752 1175 1809 manducat
1221 1750 1481 1824 mayister
1534 1748 1749 1808 vester?
1804 1750 1893 1807 ubi
1948 1757 2003 1808 et
2046 1752 2240 1813 Glossa
2290 1752 2482 1814 dicite

488 1845 634 1918 quod
669 1865 696 1897 α
725 1842 986 1900 Dominus
1022 1842 1138 1897 suis
1170 1841 1227 1896 in
1259 1840 1361 1897 hoc
1404 1838 1792 1897 misericordiae
1829 1841 2133 1915 exemplum
2170 1842 2343 1917 dedit.
2378 1866 2405 1899 n
2428 1847 2483 1904 Si

487 1944 671 1991 tamen
696 1932 773 1988 ilii
798 1930 868 1989 ed
901 1944 1038 2003 quos
1081 1926 1377 1999 declinant,
1412 1928 1514 1985 hoc
1541 1928 1645 1984 sibi
1689 1944 1785 2002 pro
1822 1930 2000 2001 gratia
2043 1946 2151 1989 non
2187 1932 2477 2009 imputant,

489 2037 679 2080 eorum
701 2020 860 2093 culpa
889 2024 992 2085 est,
1025 2030 1130 2073 non
1157 2016 1372 2074 illorum
1403 2015 1497 2091 qui
1523 2015 1591 2073 ad
1616 2032 1710 2074 eos
1728 2018 2022 2075 declinant.

557 2112 642 2179 Ad
696 2107 1077 2166 duodecimum
1125 2106 1435 2178 dicendum,
1481 2106 1623 2180 quod
1673 2106 1752 2162 illi
1801 2106 1894 2181 qui
1950 2108 2346 2182 evangelizant,
2379 2114 2481 2170 etsi

489 2197 762 2273 accipiant
799 2196 868 2253 ab
899 2196 980 2252 eis
1023 2194 1221 2269 quibus
1265 2195 1568 2269 praedicant
1610 2198 1915 2254 necessaria
1967 2200 2109 2267 vitae,
2145 2216 2251 2257 non
2302 2208 2481 2259 tamen

489 2284 842 2359 Evangelium
863 2278 1122 2355 vendunt,
1153 2284 1282 2361 quia
1306 2301 1412 2341 non
1442 2284 1643 2343 habent
1673 2284 1890 2342 finalem
1916 2287 2270 2351 intentionem
2308 2293 2381 2347 ad
2418 2310 2481 2351 ea

490 2392 614 2451 quae
643 2376 934 2449 accipiunt,
967 2382 1212 2447 utsupra
1241 2372 1451 2431 dictum
1483 2379 1586 2431 est.
1612 2368 1767 2431 Unde
1795 2372 1819 2430 1
1844 2372 1985 2431 Tim.
2014 2393 2069 2444 v,
2096 2393 2260 2453 super.
2299 2381 2431 2438 illud
2465 2399 2479 2439 ε

493 2467 598 2535 Qui
628 2465 750 2525 bene
773 2470 1016 2539 praesunt
1043 2459 1363 2538 presbyteri,
1394 2468 1501 2520 etc.
1536 2462 1671 2520 dicit
1699 2462 1894 2521 Glossa
1921 2482 1935 2519 ε
1966 2485 1992 2518 α
2023 2464 2155 2525 Boni
2194 2468 2483 2543 dispensa-

489 2565 638 2614 tores
658 2562 713 2612 et
742 2552 927 2612 fideles
953 2567 1060 2610 non
1085 2552 1261 2611 solum
1297 2550 1559 2609 honore'm
1586 2550 1802 2609 sublimi
1827 2555 2115 2625 praeveniri
2142 2542 2361 2629 debent,
2388 2561 2487 2618 sed

491 2654 548 2703 et
573 2652 807 2711 terreno,
839 2651 900 2699 ut
938 2654 1046 2699 non
1083 2641 1505 2711 contristentur3
1537 2660 1563 2693 n
1590 2647 1645 2697 et
1688 2638 1870 2698 infra:
1906 2664 1932 2697 α
1960 2632 2315 2705 Necessitatis
2353 2666 2485 2723 ergo

491 2738 577 2791 est
616 2733 882 2803 accipere,
927 2730 1071 2786 unde
1111 2728 1337 2799 vlvitur,
1378 2728 1666 2787 charitatis
1707 2737 1791 2786 est
1835 2731 2100 2804 praebere.
2144 2736 2267 2794 Non
2300 2744 2486 2797 tamen

489 2819 684 2880 venale
711 2825 796 2875 est
821 2816 1195 2890 Evangelium‚
1228 2827 1289 2875 ut
1325 2835 1423 2894 pro
1466 2818 1550 2876 his
1594 2818 1940 2892 praedicetur,
1966 2823 2063 2880 sed
2106 2842 2203 2898 pro
2240 2831 2485 2889 aeternis.
2520 2852 2525 2857 ·

492 2910 550 2968 Si
591 2906 736 2965 enim
775 2905 1073 2963 venderent
1118 2922 1367 2980 magnam
1424 2924 1559 2977 rem,
1593 2907 1687 2964 vili
1731 2906 1971 2969 vendunt
2001 2926 2013 2969 ε
2046 2914 2318 2989 accipiant
2357 2936 2489 2993 ergo

494 2995 948 3056 sustentationem
975 2996 1316 3054 necessitatis
1345 3010 1378 3054 a
1406 2992 1623 3071 populo,
1656 2999 1965 3057 mercedem
2006 3002 2429 3077 dispensationis
2458 3026 2491 3067 a

491 3084 744 3144 Domino.
770 3084 890 3143 Non
911 3084 1054 3142 enim
1079 3098 1112 3143 a
1139 3077 1338 3160 populo
1361 3085 1609 3142 redditur
1633 3088 1789 3160 quasi
1820 3104 2044 3159 merces,
2073 3102 2296 3167 propter
2324 3114 2493 3171 quam

493 3174 704 3233 scilicet
759 3174 993 3232 finaliter
1043 3175 1312 3231 serviatur
1358 3174 1485 3243 illis,
1526 3175 1622 3247 qui
1661 3175 1765 3233 sibi
1818 3178 1874 3235 in
1926 3179 2195 3241 charitate
2243 3187 2493 3243 serviunt

492 3262 792 3337 Evangelii,
813 3262 910 3321 sed
933 3268 1197 3337 tanquam
1213 3262 1545 3336 stipendium
1562 3264 1741 3336 datur,
1760 3280 1889 3339 quo,
1910 3278 1969 3326 ut
1986 3272 2197 3347 possint
2216 3272 2489 3347 laborare,
2536 3320 2540 3327 .

389 3356 393 3361 ’
494 3360 810 3427 pascantur.
845 3371 872 3406 n

563 3440 648 3500 Ad
695 3440 966 3498 decimum
1003 3438 1226 3497 tertium
1254 3436 1565 3513 dicendum,
1596 3440 1743 3517 quod
1786 3446 2037 3518 quamvis
2082 3452 2324 3522 potuerit
2376 3468 2495 3513 esse

495 3530 680 3604 aliqua
700 3528 908 3603 species
934 3527 1064 3585 mali
1090 3526 1336 3600 accipere
1361 3529 1567 3586 victum
1598 3547 1628 3587 a
1663 3534 1934 3604 gentibus,
1964 3537 2161 3609 quibus
2186 3540 2323 3598 fides
2350 3560 2497 3617 proe-

496 3616 806 3685 dicabatur,
846 3620 1067 3691 propter
1110 3612 1214 3673 hoc
1241 3614 1387 3689 quod
1432 3633 1538 3674 non
1580 3630 1699 3677 erat
1742 3622 1821 3677 eis
1857 3634 2198 3695 consuetum,
2240 3640 2497 3705 utsupra

497 3702 706 3770 dictum
721 3712 833 3775 est3
853 3712 1037 3762 tamen
1053 3719 1194 3760 nunc
1215 3705 1591 3781 species‘nulla
1611 3708 1736 3765 mali
1756 3721 2001 3785 apparet,
2019 3715 2299 3789 divulgata
2315 3720 2499 3779 Evan-

498 3790 626 3864 gelii
674 3794 940 3861 doctrina,
988 3808 1113 3865 quae
1158 3792 1276 3866 haec
1323 3791 1509 3852 deberi
1553 3798 2050 3870 evangelizantibus
2095 3806 2391 3878 ordinavit,
2443 3814 2500 3867 et

497 3879 772 3951 praecipue
813 3879 918 3934 illis
952 3879 1047 3950 qui
1083 3892 1192 3935 non
1223 3888 1475 3950 quaerunt
1505 3882 1572 3940 ad
1598 3884 2047 3960 superfluitatem,
2082 3892 2175 3949 sed
2206 3894 2277 3951 ad
2308 3894 2500 3957 neces-

1332 4094 1354 4101 η.
1363 4088 1397 4101 ⁸:—
