2784 4392
403 227 472 292 4*
880 248 934 297 s.
978 249 1213 296 THOMAE
1253 249 1586 302 sommus
1627 249 1938 297 croscum

366 343 373 350 ¹
404 363 559 422 ordo.
588 365 768 424 Primo
796 367 943 426 enim
974 369 1250 427 docendus
1280 375 1361 426 est
1392 368 1627 438 auditor,
1657 369 1850 426 deinde
1879 367 2004 425 fidei
2043 365 2419 426 sacramentis

406 454 749 526 imbuenduS,
779 464 908 516 tunc
931 459 999 515 ad
1026 457 1295 517 servanda
1318 461 1576 517 mandata
1601 459 1969 515 instruendus.
1994 458 2075 513 Ex
2100 473 2208 531 quo
2231 457 2419 513 volunt

407 546 697 623 accipere,-
724 551 869 622 quod
917 551 1264 608 observantia
1295 551 1676 608 mandatorum
1719 549 2028 624 praecedere
2057 548 2253 606 debeat
2283 563 2418 603 con·-

414 635 661 691 siliorum
689 642 1133 711 assumptionem.

480 725 677 782 Adhuc
698 728 750 782 in
768 729 906 783 Psal.
932 745 1133 798 cxvm,
1160 732 1280 792 ⁴04,
1310 729 1533 802 legitur:
1554 731 1602 786 A
1625 727 1890 786 mandatis
1911 727 2021 785 tuis
2043 726 2297 784 intellexi.
2315 726 2416 782 Ubi

410 811 544 866 dicit
561 814 748 870 Gloss:
772 818 892 871 Non
914 820 1169 874 mandata
1190 822 1305 892 ipsa
1326 820 1449 879 dico
1469 836 1556 874 me
1578 820 1926 885 intellexisse,
1948 819 2042 874 sed
2063 835 2098 872 a
2113 815 2377 872 mandatis
2399 831 2419 871 .·

410 900 539 971 quia
582 918 646 957 ea
680 902 935 959 *faciendo
980 908 1128 962 venit
1178 908 1281 963 iste
1308 909 1391 964 vad
1440 909 1785 964 altitudinem
1833 905 2135 978 sapientiae.
2186 905 2263 959 Ex
2311 919 2420 976 quo

412 989 580 1044 etiam
613 991 757 1046 idem
786 995 930 1065 quod
962 995 1112 1067 prius
1139 996 1328 1051 volunt
1358 996 1703 1052 concludere.

487 1080 626 1134 Item
672 1079 953 1150 inducunt,
1006 1085 1150 1155 quod
1182 1084 1310 1139 alibi
1358 1087 1414 1140 in
1442 1084 1583 1167 Pegai.
1635 1100 1792 1141 cxxx
1842 1100 2003 1156 super
2051 1083 2180 1138 illud
2217 1099 2228 1135 z
2275 1081 2424 1136 Sicut

410 1165 702 1223 ablactatus
719 1176 971 1240 estsuper
992 1179 1293 1238 matresua,
1318 1172 1452 1228 dicit
1475 1173 1712 1229 Gloss.:«
1731 1173 1890 1229 Sicut
1907 1171 2149 1246 quinque
2173 1173 2424 1241 tempora

414 1262 674 1312 notantur
712 1257 766 1312 in
796 1259 999 1315 carnali
1046 1262 1421 1332 procreatione
1449 1268 1506 1317 et
1547 1262 1788 1328 alitione,
1825 1260 1900 1316 ita
1929 1267 1985 1316 et
2033 1260 2088 1314 in
2130 1256 2421 1330 spirituali.

384 1349 391 1356 '
418 1345 571 1399 Prius
600 1346 746 1401 enim
770 1347 1105 1420 concipimur
1132 1349 1188 1404 in
1215 1357 1371 1406 utero
1402 1367 1414 1404 ε
1447 1350 1642 1406 deinde
1682 1351 1884 1406 ibidem
1923 1348 2136 1416 alimur,
2169 1349 2340 1404 donec
2367 1347 2425 1400 in
2477 1396 2482 1399 .

419 1433 596 1490 lucem
636 1435 861 1492 edamur
896 1455 908 1492 :
940 1439 1134 1494 deinde
1165 1439 1416 1496 manibus
1456 1430 1646 1496 matris
1677 1448 1962 1510 gestamur.
1984 1446 2037 1494 et
2074 1437 2214 1494 lacte
2245 1435 2426 1490 nutri-

420 1537 563 1590 mur,
580 1539 862 1597 quousque
890 1525 1149 1582 ablactati
1177 1528 1246 1582 ad
1278 1543 1519 1586 mensam
1545 1529 1718 1600 patris
1747 1527 2092 1583 accedamus,
2111 1525 2220 1580 »Et
2239 1529 2426 1595 postea

420 1611 603 1667 subdit
632 1629 645 1666 :
681 1633 707 1666 «
726 1615 855 1670 Haec
882 1615 1121 1689 quinque
1154 1626 1400 1690 tempora
1429 1625 1619 1674 sancta
1642 1622 1824 1673 servat
1849 1615 2112 1671 Ecclesia.
2138 1615 2201 1668 in
2229 1617 2428 1684 quarta

422 1699 569 1754 enim
592 1699 727 1756 feria
752 1711 963 1774 quartae
985 1701 1541 1781 hebdomadae,‘quasi
1564 1705 1824 1761 Ecclesiae
1849 1703 2076 1759 infantia
2099 1701 2424 1774 concipitur.

424 1787 575 1841 Tunc
604 1789 747 1842 enim
774 1807 869 1860 per
898 1794 1259 1848 exorcismum
1290 1803 1343 1848 et
1370 1794 1780 1858 catechismum,
1812 1792 2136 1846 rudimentis
2161 1789 2430 1846 Christ-ia-

428 1873 615 1930 nitatis
644 1876 978 1934 imbuuntur.
1007 1880 1214 1935 Deinde
1243 1881 1401 1952 quasi
1433 1881 1488 1934 in
1528 1887 1681 1935 utero
1711 1879 1968 1934 Ecclesiae
2009 1877 2225 1932 aluntur
2257 1893 2430 1948 usque

428 1964 496 2020 ad
522 1964 845 2020 sabbathum
869 1975 1137 2034 sanctum,
1167 1967 1220 2023 in
1252 1984 1360 2041 quo
1387 1985 1480 2040 per
1505 1968 1837 2040 baptismum
1867 1967 1932 2022 ad
1963 1965 2134 2022 lucem
2160 1981 2429 2038 generan-

429 2063 537 2109 tur.
564 2053 771 2110 Deinde
796 2056 952 2127 quasi
978 2057 1228 2112 manibus
1262 2057 1524 2113 Ecclesiae
1551 2065 1834 2128 gestantur
1863 2063 1918 2110 et
1952 2054 2090 2110 lacte
2116 2053 2429 2110 nutriuntur

429 2159 601 2215 usque
643 2143 713 2200 ad
754 2145 1131 2213 Pentecosten,
1180 2161 1286 2218 quo
1334 2154 1578 2218 tempore
1622 2145 1769 2202 nulla
1805 2143 2046 2202 difficilia
2077 2144 2425 2209 inducuntur,

431 2247 539 2286 non
568 2232 749 2290 media
776 2240 936 2290 nocte
962 2235 1223 2306 surgitur,
1251 2250 1360 2291 non
1380 2235 1682 2306 jejunatur.
1708 2236 1904 2290 Postea
1933 2233 2136 2306 Spiritu
2163 2231 2428 2305 paraclito

432 2321 760 2390 confirmati,
806 2323 963 2396 quasi
1020 2323 1297 2390 ablactati,
1345 2323 1612 2394 incipiunt
1645 2325 1894 2396 iejunare
1942 2329 1997 2378 et
2039 2323 2144 2378 alia
2191 2320 2430 2376 difficilia

434 2425 673 2466 servare.
692 2429 719 2462 >2
743 2410 898 2467 Multi
914 2427 1042 2469 vero
1059 2412 1200 2468 hunc
1225 2413 1470 2469 ordinem
1499 2417 1817 2485 pervertunt
1844 2417 1906 2465 ut
1923 2409 2168 2466 haeretici
2193 2417 2246 2464 et
2271 2406 2433 2462 schis-

433 2497 641 2568 matici,
688 2515 749 2556 se
777 2505 902 2556 ante
949 2507 1239 2575 tempusa
1267 2502 1410 2558 lacte
1449 2503 1786 2573 separanteS,
1834 2499 1978 2555 unde
2019 2497 2426 2567 extinguuntur.

434 2589 566 2644 Cum
600 2605 737 2663 ‚ergo
778 2591 1084 2648 observatio
1131 2589 1584 2647 consiliorumsit
1621 2587 1891 2645 difficilior
1931 2603 2095 2660 quam
2124 2584 2432 2641 observatio

422 2677 836 2751 mandatorum,
883 2679 1098 2735 videtur
1140 2695 1428 2752 perversus
1471 2695 1589 2736 esse
1633 2680 1783 2745 ordo,
1830 2683 1885 2734 et
1927 2677 1993 2732 ad
2037 2675 2307 2744 haeresim,
2347 2673 2434 2729 vel

438 2767 673 2824 schisma
699 2765 990 2840 pertinere,
1016 2765 1164 2840 ‘quod
1203 2768 1402 2840 aliquis
1430 2768 1656 2824 accedat
1685 2767 1751 2823 ad
1783 2765 2180 2823 observandum
2209 2761 2435 2819 consilia

437 2857 587 2928 prius
612 2856 668 2912 in
694 2857 981 2930 praeceptis
1009 2857 1362 2913 observandis
1386 2873 1490 2913 non
1517 2857 1869 2913 exercitatus.

508 2947 623 3002 Hoc
664 2949 830 3003 etiam
875 2946 1019 3001 idem
1062 2947 1293 3020 probare
1322 2947 1570 3002 nituntur
1600 2963 1695 3018 per
1740 2944 1981 3000 ordinem
2013 2941 2432 3012 miraculorum,

442 3035 639 3108 quibus
665 3035 913 3092 Salvator
940 3034 1125 3091 turbas
1161 3035 1330 3107 pavit.
1378 3035 1557 3090 Primo
1583 3034 1746 3100 enim,
1778 3039 1839 3088 ut
1866 3033 2061 3104 legitur
2089 3031 2280 3086 Matth.
2312 3045 2433 3096 xtv,

441 3124 665 3182 satiavit
688 3126 929 3198 quinque
972 3123 1141 3180 millia
1168 3124 1448 3179 hominum
1491 3140 1558 3179 ex
1599 3124 1840 3195 quinque
1880 3121 2112 3194 panibus
2142 3128 2196 3175 et
2226 3119 2437 3174 duobus

438 3213 697 3286 piscibus.
731 3216 923 3270 Postea
954 3229 1081 3270 vero
1108 3214 1333 3270 satiavit
1360 3221 1597 3286 quatuor
1622 3212 1788 3268 millia
1829 3212 2104 3266 hominum
2132 3209 2199 3263 dc
2231 3214 2438 3279 septem

438 3307 671 3380 panibus
699 3312 753 3361 et
778 3313 985 3376 septem
1011 3304 1303 3378 pisciculis,
1330 3310 1390 3358 ut
1415 3303 1645 3358 habetur
1665 3299 1902 3358 Matthaei
1928 3315 2025 3354 xv.
2053 3297 2438 3368 significantur

440 3403 624 3452 autem
657 3413 749 3467 per
792 3395 1031 3466 quinque
1059 3393 1207 3448 milia
1250 3393 1303 3447 hi
1342 3396 1434 3464 qui
1477 3392 1532 3446 in
1576 3389 1823 3446 saeculari
1867 3385 2052 3443 habitu
2084 3384 2440 3441 exterioribus

446 3486 523 3538 uti
558 3492 706 3540 recte
748 3489 1036 3540 noverunt.
1072 3483 1211 3538 Nam
1254 3482 1347 3555 qui
1380 3481 1580 3536 mundo
1611 3480 1817 3550 integre
1847 3477 2178 3536 renuntiant,
2209 3478 2440 3544 quatuor

440 3573 611 3629 millia
650 3581 793 3640 sunt,
835 3583 890 3628 ct
928 3579 1135 3646 septem
1182 3571 1432 3645 panibus
1459 3571 1512 3627 id
1540 3577 1622 3626 est
1647 3568 1958 3640 evangelica
1989 3564 2320 3638 perfectione
2347 3578 2444 3616 su-

440 3662 653 3728 blime&
696 3669 751 3716 ct
788 3663 1053 3734 spirituali
1084 3663 1260 3734 gratia
1301 3663 1637 3717 reficiuntur.
1671 3659 1748 3712 Ex
1795 3673 1902 3729 quo
1944 3655 2129 3711 volunt
2173 3652 2439 3722 accipere,

440 3753 585 3826 quod
628 3752 777 3825 prius
818 3751 1015 3808 debent
1054 3751 1221 3826 aliqui
1254 3751 1450 3807 nutriri
1491 3751 1542 3804 in
1575 3747 1923 3804 observantia
1961 3742 2360 3809 mandatorum,
2389 3744 2445 3796 et

442 3841 791 3917 postmodum
818 3840 1041 3916 perduci
1066 3840 1133 3899 ad
1162 3840 1552 3915 perfectionem
1575 3835 1944 3895 consiliorum.
