2784 4392
613 300 742 347 xnr.
775 305 855 332 -ὴ
882 300 1121 347 coum
1159 300 1376 350 mnne.
1424 298 1525 345 nm
1566 299 1740 349 cun-r.
1783 299 1863 346 εἰ·
1902 300 2113 349 nnnc.
2250 282 2371 348 183

357 432 576 491 semper
613 418 786 491 magis
813 418 886 474 sit
913 418 1113 477 danda.
1153 418 1308 475 Unde
1341 419 1385 473 si
1417 416 1541 475 aliae
1569 417 1910 475 conditiones
1946 417 2368 495 praeponderent

358 510 417 566 in
445 507 552 565 alio
579 509 756 563 minus
785 506 1082 579 indigente,
1111 515 1194 563 est
1224 507 1399 580 magis
1423 506 1663 565 dandum
1686 507 1759 563 ei.
1790 508 1935 563 Inter
1960 522 2149 564 omnes
2176 516 2365 565 autem

356 596 702 654 conditiones
717 596 989 653 efficacior
1005 602 1087 652 est
1108 596 1373 663 debitum,
1402 604 1463 652 ut
1483 596 1616 651 dicit
1633 595 1992 668 Philosophus
2009 597 2064 652 in
2079 596 2160 652 IX
2180 596 2363 654 Echio.

356 684 497 755 Quia
529 686 701 756 magis
730 684 990 740 debemus
1019 683 1247 739 reddere
1281 683 1545 751 debitum,
1580 699 1743 756 quam
1764 684 1997 755 gratiam
2024 684 2359 758 impendere,

355 775 461 830 nisi
493 774 680 830 multae
709 772 1047 831 conditiones
1075 788 1142 829 ex
1183 772 1288 828 alia
1328 781 1484 845 parte
1528 772 2031 846 praeponderarent,
2060 780 2121 829 ut
2162 773 2369 830 ibidem

355 863 590 930 dicitur;
644 862 786 918 unde
828 877 952 918 cum
998 860 1425 934 praedicantibus
1476 861 1779 918 debeantur
1826 861 2138 919 necessaria
2190 862 2369 920 victus

355 954 512 1027 quasi
539 952 812 1025 stipendia
850 951 1124 1024 quaedam,
1160 959 1218 1007 ut
1248 950 1456 1006 dictum
1493 958 1597 1016 est,
1628 950 1714 1006 his
1749 950 2031 1022 potissime
2059 958 2187 1008 sunt
2216 952 2368 1009 elee-

357 1056 602 1114 mosynae
626 1040 840 1108 dandae,
875 1040 1147 1113 praecipue
1175 1039 1220 1094 si
1252 1039 1553 1111 indigeant,
1586 1038 1689 1095 nisi
1717 1038 1949 1097 multum
1977 1056 2045 1097 ex
2072 1040 2179 1097 alia
2209 1048 2367 1114 parte

358 1129 843 1204 praeponderarent
875 1128 996 1186 aliae
1025 1118 1386 1185 conditiones,

425 1220 509 1276 Ad
545 1219 835 1291 septimum
862 1218 1172 1283 dicendum,
1205 1217 1349 1289 quod
1377 1216 1520 1273 sicut
1562 1215 1762 1290 duplex
1799 1222 1885 1274 est
1913 1212 2165 1286 felicitae,
2195 1220 2365 1293 spiri-

275 1312 280 1317 '
356 1308 521 1365 tualis
543 1307 754 1363 scilicet
779 1313 833 1362 et
853 1306 1187 1378 temporaliS,
1220 1305 1295 1361 ita
1320 1304 1523 1379 duplex
1549 1307 1787 1373 miseria,
1817 1306 2029 1365 scilicet
2050 1295 2366 1382 temporalis

355 1404 412 1453 et
450 1395 766 1470 spiritualis.
801 1394 1062 1464 Quamvis
1090 1409 1221 1465 ergo
1249 1393 1544 1451 voluntarii
1588 1411 1854 1467 pauperes
1893 1411 2000 1452 non
2038 1397 2148 1452 sint
2178 1397 2364 1454 miseri

353 1481 624 1558 spirituali
679 1482 914 1548 miseria,
972 1496 1097 1555 quae
1137 1480 1460 1554 simpliciter
1504 1480 1723 1537 miseria
1772 1489 1874 1547 est,
1930 1498 2055 1539 cum
2103 1484 2366 1541 Dominus

354 1573 545 1629 beatos
571 1586 664 1629 eos
705 1577 883 1637 vocet,
920 1570 1112 1626 Matth.
1141 1585 1196 1637 v,
1228 1577 1283 1625 et
1309 1570 1442 1626 Luc.
1490 1585 1566 1636 vr,
1613 1578 1838 1642 possunt
1864 1577 2048 1627 tamen
2079 1574 2364 1645 temporali

357 1662 595 1719 miseriae
619 1676 740 1717 esse
775 1658 1028 1731 subjecti,
1063 1658 1204 1713 unde
1232 1664 1288 1714 et
1316 1659 1384 1714 de
1414 1657 1804 1739 temporalibus
1831 1665 1914 1715 est
1944 1660 2023 1715 eis
2050 1660 2365 1718 misericor-

330 1752 446 1808 'dia
477 1750 799 1807 exhibenda.
1075 1758 1086 1766 ’
1303 1772 1306 1777 ·

421 1840 504 1895 Ad
552 1846 806 1898 octavum
851 1834 1162 1903 dicendum,
1208 1836 1351 1909 quod
1399 1833 1780 1908 propinquitas
1808 1840 1892 1890 est
1920 1850 2031 1893 una
2069 1835 2137 1891 de
2167 1838 2364 1893 condi-

355 1927 613 1995 tionibuS,
663 1942 787 2000 quae
830 1925 963 1983 facit
1011 1925 1155 1997 quod
1199 1923 1363 1981 alicui
1405 1924 1477 1979 sit
1520 1924 1692 1995 magis
1721 1922 1982 1993 dandum,
2032 1938 2140 1982 non
2180 1931 2364 1983 tamen

353 2020 437 2069 est
464 2014 579 2071 sola
601 2032 614 2083 3
636 2022 692 2071 et
712 2014 833 2070 ideo
858 2028 962 2069 non
989 2017 1206 2085 oportet
1230 2011 1375 2086 quod
1403 2025 1617 2083 semper
1640 2008 1813 2081 magis
1838 2010 2161 2084 propinquis
2190 2014 2364 2085 magis

355 2100 535 2171 detur,
571 2110 631 2158 ut
660 2118 726 2158 ex
756 2102 918 2158 dictis
948 2108 1118 2173 patet.

1102 2277 1385 2345 CAPUT
1442 2277 1619 2345 VIII.

357 2410 576 2476 Tertia
612 2424 764 2488 pars
797 2406 1168 2489 principalis
1211 2407 1403 2470 totius
1444 2407 1638 2487 opm‘s
1674 2433 1698 2470 .·
1726 2407 1808 2469 In
1845 2425 1969 2487 qua
2014 2408 2355 2473 ostenditur

436 2498 728 2580 quomodo
773 2496 1199 2577 reliyiosorum
1238 2498 1471 2573 famam
1516 2512 1886 2573 corrumpere
1932 2498 2243 2569 nituntur,
2298 2500 2365 2563 in

433 2588 650 2650 multis
690 2603 783 2649 eos
817 2586 1044 2663 frivole
1081 2584 1533 2665 impuqrzandoe
1558 2589 1617 2647 et
1644 2584 1840 2664 primo
1886 2586 2048 2664 quod
2090 2585 2361 2650 habitum

434 2678 614 2741 vilem
640 2680 698 2739 et
719 2675 1003 2740 humilem
1031 2673 1325 2752 deferant.

424 2810 583 2866 Nunc
612 2808 982 2864 accedendum
1007 2814 1090 2864 est
1118 2808 1185 2864 ad
1231 2805 1584 2864 refellendum
1622 2823 1686 2864 ea
1717 2824 1841 2880 quae
1870 2822 1900 2864 a
1932 2807 2209 2881 praedictis
2240 2824 2361 2867 ma·

357 2897 692 2973 lignantibus
715 2896 772 2952 in
802 2896 1178 2967 religiosorum
1204 2892 1483 2951 infamiam
1511 2896 1878 2977 proferuntur,
1908 2898 2053 2970 quod
2080 2914 2147 2953 ex
2176 2912 2366 2955 eorum

357 2985 785 3062 praesumptione
831 2985 1096 3057 procedit,
1144 2985 1273 3057 quia
1316 2993 1376 3041 ut
1413 2978 1714 3056 Gregorius
1755 2986 1888 3041 dicit
1933 2986 1985 3040 in
2025 2986 2071 3041 V
2112 2984 2311 3043 Moral.
2344 3003 2364 3045 .·

357 3096 384 3129 α
417 3077 778 3149 Nequaquam
800 3074 925 3146 quis
949 3080 1262 3135 sanctorum
1287 3071 1534 3143 neglecta
1563 3074 1837 3145 corrigere
1861 3082 2234 3145 praesumeret,
2262 3064 2365 3130 nisi

355 3163 425 3219 de
470 3180 530 3219 se
577 3164 727 3236 prius
756 3160 979 3217 meliora
1028 3160 1307 3217 sensisset.
1356 3180 1383 3211 n
1410 3160 1564 3215 Unde
1610 3160 1975 3233 Hieronymus
2011 3158 2365 3216 Sabinianum
2428 3164 2433 3169 '

357 3266 524 3323 super
552 3249 655 3305 hac
678 3248 908 3304 materia
930 3247 1010 3302 sic
1037 3246 1334 3319 alloquitur
1363 3263 1378 3301 :
1412 3266 1438 3299 α
1466 3246 1546 3302 Ne
1578 3246 1675 3302 tibi
1702 3246 1850 3302 solus
1874 3245 2113 3301 videaris
2131 3257 2361 3314 errasse,

358 3336 585 3394 simulas
631 3336 862 3392 nefanda
891 3336 958 3391 de
986 3336 1159 3391 servis
1187 3335 1309 3401 Dei,
1345 3334 1595 3390 nesciens
1632 3334 1779 3406 quod
1816 3334 2167 3407 iniquitatem
2194 3334 2253 3389 in
2282 3332 2367 3391 al-

356 3434 538 3484 terum
581 3423 842 3497 loquaris,
871 3429 927 3478 et
955 3439 1124 3496 ponas
1158 3423 1215 3478 in
1239 3421 1438 3479 coelum
1468 3437 1529 3477 os
1556 3428 1733 3477 tuum.
1778 3423 1893 3479 Nec
1932 3422 2133 3477 m'irum
2171 3423 2217 3477 si
2247 3438 2282 3479 a
2312 3430 2365 3478 te

358 3513 788 3589 qualescumque
829 3510 974 3567 servi
1001 3509 1218 3567 Domini
1248 3508 1712 3581 blasphementur,
1760 3524 1883 3565 cum
1913 3509 2365 3582 patremfamilias

357 3600 679 3669 Beelzebub,
728 3598 1044 3656 vocaverint
1081 3604 1264 3671 patres
1294 3596 1393 3654 tui.
1451 3614 1478 3649 n
1518 3596 1588 3651 Et
1629 3612 1695 3653 ne
1724 3598 1857 3670 quid
1893 3598 1973 3653 eis
2002 3596 2071 3653 ad
2102 3598 2365 3655 malitiam

357 3692 523 3760 desit,
569 3687 858 3762 dupliciter
886 3692 1204 3759 pervertunt
1237 3684 1529 3758 judicium,
1560 3676 1771 3743 scilicet
1807 3686 1950 3757 male
1972 3684 2270 3757 judicando
2298 3689 2367 3744 de

358 3781 523 3840 rebus
550 3787 606 3838 et
636 3777 776 3835 male
798 3776 1097 3851 ¹iudicando
1121 3774 1190 3831 de
1229 3772 1498 3851 personis.
1527 3774 1599 3832 Et
1641 3774 1760 3833 baec
1787 3775 1986 3849 duplex
2013 3774 2208 3849 judicii
2236 3792 2366 3849 per-

361 3870 599 3931 versitas
627 3866 981 3943 distinguitur
1009 3864 1064 3925 lu
1091 3864 1286 3925 Glossa
1314 3864 1338 3924 1
1365 3864 1489 3924 Cor.
1522 3878 1603 3937 ιν,
1635 3880 1797 3942 super
1826 3864 1960 3925 illud
1991 3881 2005 3923 ε
2036 3864 2215 3927 Nolite
2242 3872 2367 3929 ante
2450 3886 2455 3891 ·
