<?xml version="1.0" encoding="UTF-8"?>
<!DOCTYPE html PUBLIC "-//W3C//DTD XHTML 1.0 Transitional//EN"
    "http://www.w3.org/TR/xhtml1/DTD/xhtml1-transitional.dtd">
<html xmlns="http://www.w3.org/1999/xhtml" xml:lang="en" lang="en">
 <head>
  <title>
</title>
<meta http-equiv="Content-Type" content="text/html;charset=utf-8" />
  <meta name='ocr-system' content='tesseract 3.04.00' />
  <meta name='ocr-capabilities' content='ocr_page ocr_carea ocr_par ocr_line ocrx_word'/>
</head>
<body>
  <div class='ocr_page' id='page_1' title='image "./sthomaquinatisd01thomgoog_0434.png"; bbox 0 0 2784 4392; ppageno 0'>
   <div class='ocr_carea' id='block_1_1' title="bbox 338 270 1983 353">
    <p class='ocr_par' dir='ltr' id='par_1_1' title="bbox 338 270 1983 353">
     <span class='ocr_line' id='line_1_1' title="bbox 338 270 1983 353; baseline 0.002 -9"><span class='ocrx_word' id='word_1_1' title='bbox 338 270 356 289; x_wconf 75' lang='lat'><em>⁶</em></span> <span class='ocrx_word' id='word_1_2' title='bbox 455 280 576 345; x_wconf 80' lang='lat'><strong>422</strong></span> <span class='ocrx_word' id='word_1_3' title='bbox 932 298 987 347; x_wconf 83' lang='lat' dir='ltr'><strong>s.</strong></span> <span class='ocrx_word' id='word_1_4' title='bbox 1029 298 1262 347; x_wconf 57' lang='lat' dir='ltr'><strong>&#39;saona</strong></span> <span class='ocrx_word' id='word_1_5' title='bbox 1301 294 1629 353; x_wconf 68' lang='lat' dir='ltr'><strong>acuimus</strong></span> <span class='ocrx_word' id='word_1_6' title='bbox 1668 294 1983 348; x_wconf 67' lang='lat' dir='ltr'><strong>oensem</strong></span> 
     </span>
    </p>
   </div>
   <div class='ocr_carea' id='block_1_2' title="bbox 454 412 2472 566">
    <p class='ocr_par' dir='ltr' id='par_1_2' title="bbox 454 412 2472 566">
     <span class='ocr_line' id='line_1_2' title="bbox 454 412 2472 495; baseline 0 -24"><span class='ocrx_word' id='word_1_7' title='bbox 454 414 510 471; x_wconf 88' lang='lat' dir='ltr'><strong>in</strong></span> <span class='ocrx_word' id='word_1_8' title='bbox 535 417 970 491; x_wconf 85' lang='lat' dir='ltr'><strong>quibuscumque</strong></span> <span class='ocrx_word' id='word_1_9' title='bbox 1013 416 1265 491; x_wconf 80' lang='lat' dir='ltr'><strong>negotiis,</strong></span> <span class='ocrx_word' id='word_1_10' title='bbox 1297 416 1393 476; x_wconf 84' lang='lat' dir='ltr'><strong>sed</strong></span> <span class='ocrx_word' id='word_1_11' title='bbox 1424 417 1699 495; x_wconf 77' lang='lat' dir='ltr'><strong>praecipue</strong></span> <span class='ocrx_word' id='word_1_12' title='bbox 1738 416 1870 476; x_wconf 83' lang='lat' dir='ltr'><strong>dum</strong></span> <span class='ocrx_word' id='word_1_13' title='bbox 1898 420 2028 475; x_wconf 84' lang='lat' dir='ltr'><strong>sunt</strong></span> <span class='ocrx_word' id='word_1_14' title='bbox 2058 412 2118 476; x_wconf 86' lang='lat' dir='ltr'><strong>in</strong></span> <span class='ocrx_word' id='word_1_15' title='bbox 2148 412 2371 484; x_wconf 69' lang='lat' dir='ltr'><strong>castris,</strong></span> <span class='ocrx_word' id='word_1_16' title='bbox 2398 426 2472 473; x_wconf 80' lang='lat' dir='ltr'><strong>ao</strong></span> 
     </span>
     <span class='ocr_line' id='line_1_3' title="bbox 455 504 1186 566; baseline 0.004 -5"><span class='ocrx_word' id='word_1_17' title='bbox 455 516 615 562; x_wconf 85' lang='lat' dir='ltr'><strong>suum</strong></span> <span class='ocrx_word' id='word_1_18' title='bbox 644 510 902 563; x_wconf 83' lang='lat' dir='ltr'><strong>exercent</strong></span> <span class='ocrx_word' id='word_1_19' title='bbox 925 504 1186 566; x_wconf 84' lang='lat' dir='ltr'><strong>officium.</strong></span> 
     </span>
    </p>
   </div>
   <div class='ocr_carea' id='block_1_3' title="bbox 1162 678 1749 756">
    <p class='ocr_par' dir='ltr' id='par_1_3' title="bbox 1162 678 1749 756">
     <span class='ocr_line' id='line_1_4' title="bbox 1162 678 1749 756; baseline -0.007 0"><span class='ocrx_word' id='word_1_20' title='bbox 1162 682 1447 756; x_wconf 79' lang='lat' dir='ltr'>CAPUT</span> <span class='ocrx_word' id='word_1_21' title='bbox 1498 678 1749 754; x_wconf 86' lang='lat' dir='ltr'>XXVI.</span> 
     </span>
    </p>
   </div>
   <div class='ocr_carea' id='block_1_4' title="bbox 495 815 2419 987">
    <p class='ocr_par' dir='ltr' id='par_1_4' title="bbox 495 815 2419 987">
     <span class='ocr_line' id='line_1_5' title="bbox 495 815 2419 899; baseline -0.001 -18"><span class='ocrx_word' id='word_1_22' title='bbox 495 816 942 899; x_wconf 54' lang='lat' dir='ltr'><strong>Apta-ulterius</strong></span> <span class='ocrx_word' id='word_1_23' title='bbox 969 815 1040 882; x_wconf 75' lang='lat' dir='ltr'><strong>de</strong></span> <span class='ocrx_word' id='word_1_24' title='bbox 1063 818 1208 881; x_wconf 76' lang='lat' dir='ltr'><strong>aliis</strong></span> <span class='ocrx_word' id='word_1_25' title='bbox 1233 818 1513 899; x_wconf 75' lang='lat' dir='ltr'><strong>partibus</strong></span> <span class='ocrx_word' id='word_1_26' title='bbox 1530 816 1765 897; x_wconf 73' lang='lat' dir='ltr'><strong>politia</strong></span> <span class='ocrx_word' id='word_1_27' title='bbox 1785 819 2054 895; x_wconf 73' lang='lat' dir='ltr'><strong>respectu</strong></span> <span class='ocrx_word' id='word_1_28' title='bbox 2078 815 2419 897; x_wconf 71' lang='lat' dir='ltr'><strong>reqiminia,</strong></span> 
     </span>
     <span class='ocr_line' id='line_1_6' title="bbox 697 904 2220 987; baseline -0.003 -16"><span class='ocrx_word' id='word_1_29' title='bbox 697 908 802 971; x_wconf 73' lang='lat' dir='ltr'><strong>ubi</strong></span> <span class='ocrx_word' id='word_1_30' title='bbox 831 908 1006 971; x_wconf 78' lang='lat' dir='ltr'><strong>verba</strong></span> <span class='ocrx_word' id='word_1_31' title='bbox 1033 912 1415 987; x_wconf 59' lang='lat' dir='ltr'><strong>exponuntur</strong></span> <span class='ocrx_word' id='word_1_32' title='bbox 1450 908 1822 971; x_wconf 77' lang='lat' dir='ltr'><strong>diversorum</strong></span> <span class='ocrx_word' id='word_1_33' title='bbox 1850 904 2220 983; x_wconf 79' lang='lat' dir='ltr'><strong>officialium.</strong></span> 
     </span>
    </p>
   </div>
   <div class='ocr_carea' id='block_1_5' title="bbox 457 1034 2475 3940">
    <p class='ocr_par' dir='ltr' id='par_1_5' title="bbox 457 1034 2475 3495">
     <span class='ocr_line' id='line_1_7' title="bbox 529 1034 2469 1113; baseline 0.001 -20"><span class='ocrx_word' id='word_1_34' title='bbox 529 1037 607 1093; x_wconf 91' lang='lat' dir='ltr'><strong>De</strong></span> <span class='ocrx_word' id='word_1_35' title='bbox 651 1040 897 1111; x_wconf 87' lang='lat' dir='ltr'><strong>partibus</strong></span> <span class='ocrx_word' id='word_1_36' title='bbox 937 1045 1120 1097; x_wconf 84' lang='lat' dir='ltr'><strong>autem</strong></span> <span class='ocrx_word' id='word_1_37' title='bbox 1169 1040 1373 1113; x_wconf 78' lang='lat' dir='ltr'><strong>politiae</strong></span> <span class='ocrx_word' id='word_1_38' title='bbox 1417 1042 1667 1112; x_wconf 83' lang='lat' dir='ltr'><strong>respectu</strong></span> <span class='ocrx_word' id='word_1_39' title='bbox 1706 1034 2021 1110; x_wconf 87' lang='lat' dir='ltr'><strong>regiminis,</strong></span> <span class='ocrx_word' id='word_1_40' title='bbox 2068 1036 2198 1111; x_wconf 83' lang='lat' dir='ltr'><strong>quia</strong></span> <span class='ocrx_word' id='word_1_41' title='bbox 2240 1050 2469 1094; x_wconf 87' lang='lat' dir='ltr'><strong>romana</strong></span> 
     </span>
     <span class='ocr_line' id='line_1_8' title="bbox 459 1123 2469 1202; baseline -0 -20"><span class='ocrx_word' id='word_1_42' title='bbox 459 1126 766 1199; x_wconf 78' lang='lat' dir='ltr'>respublica</span> <span class='ocrx_word' id='word_1_43' title='bbox 795 1129 970 1201; x_wconf 87' lang='lat' dir='ltr'><strong>magis</strong></span> <span class='ocrx_word' id='word_1_44' title='bbox 999 1128 1247 1185; x_wconf 87' lang='lat' dir='ltr'><strong>ordinem</strong></span> <span class='ocrx_word' id='word_1_45' title='bbox 1275 1128 1613 1202; x_wconf 63' lang='lat' dir='ltr'><strong>praecipuum</strong></span> <span class='ocrx_word' id='word_1_46' title='bbox 1644 1126 1836 1193; x_wconf 89' lang='lat' dir='ltr'><strong>tenuit,</strong></span> <span class='ocrx_word' id='word_1_47' title='bbox 1869 1132 1923 1182; x_wconf 91' lang='lat' dir='ltr'><strong>et</strong></span> <span class='ocrx_word' id='word_1_48' title='bbox 1950 1132 2075 1199; x_wconf 88' lang='lat' dir='ltr'><strong>post</strong></span> <span class='ocrx_word' id='word_1_49' title='bbox 2104 1123 2469 1200; x_wconf 87' lang='lat' dir='ltr'><strong>Tarquinium</strong></span> 
     </span>
     <span class='ocr_line' id='line_1_9' title="bbox 457 1212 2467 1289; baseline -0.001 -17"><span class='ocrx_word' id='word_1_50' title='bbox 457 1214 740 1286; x_wconf 83' lang='lat' dir='ltr'><strong>expulsum</strong></span> <span class='ocrx_word' id='word_1_51' title='bbox 771 1232 802 1271; x_wconf 89' lang='lat' dir='ltr'><strong>a</strong></span> <span class='ocrx_word' id='word_1_52' title='bbox 832 1230 998 1286; x_wconf 87' lang='lat' dir='ltr'><strong>regno</strong></span> <span class='ocrx_word' id='word_1_53' title='bbox 1027 1217 1229 1287; x_wconf 87' lang='lat' dir='ltr'><strong>gradus</strong></span> <span class='ocrx_word' id='word_1_54' title='bbox 1258 1216 1571 1273; x_wconf 85' lang='lat' dir='ltr'><strong>officialium</strong></span> <span class='ocrx_word' id='word_1_55' title='bbox 1600 1216 1821 1289; x_wconf 86' lang='lat' dir='ltr'><strong>ponitur</strong></span> <span class='ocrx_word' id='word_1_56' title='bbox 1851 1213 1921 1271; x_wconf 89' lang='lat' dir='ltr'><strong>ab</strong></span> <span class='ocrx_word' id='word_1_57' title='bbox 1942 1212 2297 1272; x_wconf 69' lang='lat' dir='ltr'><strong>historiarum</strong></span> <span class='ocrx_word' id='word_1_58' title='bbox 2324 1214 2467 1270; x_wconf 87' lang='lat' dir='ltr'><strong>scri-</strong></span> 
     </span>
     <span class='ocr_line' id='line_1_10' title="bbox 458 1296 2467 1379; baseline 0 -21"><span class='ocrx_word' id='word_1_59' title='bbox 458 1301 724 1379; x_wconf 89' lang='lat' dir='ltr'><strong>ptoribus,</strong></span> <span class='ocrx_word' id='word_1_60' title='bbox 759 1303 828 1360; x_wconf 86' lang='lat' dir='ltr'><strong>de</strong></span> <span class='ocrx_word' id='word_1_61' title='bbox 871 1302 1004 1375; x_wconf 86' lang='lat' dir='ltr'><strong>ipsis</strong></span> <span class='ocrx_word' id='word_1_62' title='bbox 1043 1296 1656 1377; x_wconf 66' lang='lat' dir='ltr'><strong>specialiter‘tanquam</strong></span> <span class='ocrx_word' id='word_1_63' title='bbox 1696 1302 1927 1359; x_wconf 90' lang='lat' dir='ltr'><strong>aliorum</strong></span> <span class='ocrx_word' id='word_1_64' title='bbox 1954 1302 2355 1375; x_wconf 76' lang='lat' dir='ltr'><strong>exemplaribus</strong></span> <span class='ocrx_word' id='word_1_65' title='bbox 2381 1306 2467 1359; x_wconf 88' lang='lat' dir='ltr'><strong>est</strong></span> 
     </span>
     <span class='ocr_line' id='line_1_11' title="bbox 463 1388 2469 1466; baseline -0 -19"><span class='ocrx_word' id='word_1_66' title='bbox 463 1390 751 1463; x_wconf 84' lang='lat' dir='ltr'><strong>agendum.</strong></span> <span class='ocrx_word' id='word_1_67' title='bbox 781 1388 1023 1448; x_wconf 88' lang='lat' dir='ltr'><strong>Narrant</strong></span> <span class='ocrx_word' id='word_1_68' title='bbox 1052 1392 1197 1449; x_wconf 89' lang='lat' dir='ltr'><strong>enim</strong></span> <span class='ocrx_word' id='word_1_69' title='bbox 1237 1392 1410 1466; x_wconf 87' lang='lat' dir='ltr'><strong>primo</strong></span> <span class='ocrx_word' id='word_1_70' title='bbox 1441 1392 1691 1449; x_wconf 81' lang='lat' dir='ltr'><strong>consules</strong></span> <span class='ocrx_word' id='word_1_71' title='bbox 1718 1392 2019 1456; x_wconf 87' lang='lat' dir='ltr'><strong>institutos,</strong></span> <span class='ocrx_word' id='word_1_72' title='bbox 2050 1390 2276 1447; x_wconf 88' lang='lat' dir='ltr'><strong>Brutum</strong></span> <span class='ocrx_word' id='word_1_73' title='bbox 2305 1391 2469 1447; x_wconf 82' lang='lat' dir='ltr'><strong>vide-</strong></span> 
     </span>
     <span class='ocr_line' id='line_1_12' title="bbox 462 1478 2472 1553; baseline -0 -17"><span class='ocrx_word' id='word_1_74' title='bbox 462 1478 609 1547; x_wconf 87' lang='lat' dir='ltr'><strong>licet,</strong></span> <span class='ocrx_word' id='word_1_75' title='bbox 644 1480 736 1552; x_wconf 86' lang='lat' dir='ltr'><strong>qui</strong></span> <span class='ocrx_word' id='word_1_76' title='bbox 779 1478 1012 1537; x_wconf 85' lang='lat' dir='ltr'><strong>maxime</strong></span> <span class='ocrx_word' id='word_1_77' title='bbox 1042 1487 1230 1553; x_wconf 81' lang='lat' dir='ltr'>egerat</span> <span class='ocrx_word' id='word_1_78' title='bbox 1272 1490 1331 1537; x_wconf 89' lang='lat' dir='ltr'><strong>ut</strong></span> <span class='ocrx_word' id='word_1_79' title='bbox 1361 1478 1723 1553; x_wconf 84' lang='lat' dir='ltr'><strong>expelleretur</strong></span> <span class='ocrx_word' id='word_1_80' title='bbox 1760 1478 2108 1553; x_wconf 68' lang='lat' dir='ltr'><strong>Tarquinium,</strong></span> <span class='ocrx_word' id='word_1_81' title='bbox 2140 1486 2193 1535; x_wconf 90' lang='lat' dir='ltr'><strong>et</strong></span> <span class='ocrx_word' id='word_1_82' title='bbox 2227 1479 2472 1552; x_wconf 86' lang='lat' dir='ltr'><strong>Tarqui-</strong></span> 
     </span>
     <span class='ocr_line' id='line_1_13' title="bbox 462 1564 2471 1632; baseline -0.001 -8"><span class='ocrx_word' id='word_1_83' title='bbox 462 1566 613 1624; x_wconf 87' lang='lat' dir='ltr'><strong>nium</strong></span> <span class='ocrx_word' id='word_1_84' title='bbox 642 1566 970 1626; x_wconf 73' lang='lat' dir='ltr'><strong>Collatinum</strong></span> <span class='ocrx_word' id='word_1_85' title='bbox 1009 1566 1266 1627; x_wconf 87' lang='lat' dir='ltr'><strong>maritum</strong></span> <span class='ocrx_word' id='word_1_86' title='bbox 1304 1568 1595 1632; x_wconf 66' lang='lat' dir='ltr'><strong>Lucretiae,</strong></span> <span class='ocrx_word' id='word_1_87' title='bbox 1623 1564 1703 1625; x_wconf 88' lang='lat' dir='ltr'><strong>sic</strong></span> <span class='ocrx_word' id='word_1_88' title='bbox 1749 1568 1881 1623; x_wconf 88' lang='lat' dir='ltr'><strong>dicti</strong></span> <span class='ocrx_word' id='word_1_89' title='bbox 1930 1565 2014 1623; x_wconf 87' lang='lat' dir='ltr'><strong>vel</strong></span> <span class='ocrx_word' id='word_1_90' title='bbox 2058 1581 2089 1623; x_wconf 89' lang='lat' dir='ltr'><strong>a</strong></span> <span class='ocrx_word' id='word_1_91' title='bbox 2135 1566 2471 1622; x_wconf 86' lang='lat' dir='ltr'><strong>consulendo</strong></span> 
     </span>
     <span class='ocr_line' id='line_1_14' title="bbox 458 1644 2473 1730; baseline -0.001 -17"><span class='ocrx_word' id='word_1_92' title='bbox 458 1654 694 1725; x_wconf 82' lang='lat' dir='ltr'><strong>civibus,</strong></span> <span class='ocrx_word' id='word_1_93' title='bbox 725 1657 812 1714; x_wconf 76' lang='lat' dir='ltr'><strong>vel</strong></span> <span class='ocrx_word' id='word_1_94' title='bbox 843 1670 874 1714; x_wconf 81' lang='lat' dir='ltr'><strong>a</strong></span> <span class='ocrx_word' id='word_1_95' title='bbox 905 1658 1140 1730; x_wconf 87' lang='lat' dir='ltr'><strong>regendo</strong></span> <span class='ocrx_word' id='word_1_96' title='bbox 1171 1644 1368 1714; x_wconf 79' lang='lat' dir='ltr'><strong>cunct&#39;a</strong></span> <span class='ocrx_word' id='word_1_97' title='bbox 1406 1654 1668 1725; x_wconf 89' lang='lat' dir='ltr'><strong>consilio;</strong></span> <span class='ocrx_word' id='word_1_98' title='bbox 1702 1668 1838 1728; x_wconf 81' lang='lat' dir='ltr'><strong>quos</strong></span> <span class='ocrx_word' id='word_1_99' title='bbox 1865 1655 2156 1711; x_wconf 89' lang='lat' dir='ltr'><strong>mutandos</strong></span> <span class='ocrx_word' id='word_1_100' title='bbox 2197 1654 2321 1711; x_wconf 90' lang='lat' dir='ltr'><strong>ideo</strong></span> <span class='ocrx_word' id='word_1_101' title='bbox 2354 1654 2473 1711; x_wconf 85' lang='lat' dir='ltr'><strong>ele·-</strong></span> 
     </span>
     <span class='ocr_line' id='line_1_15' title="bbox 463 1742 2475 1825; baseline 0 -24"><span class='ocrx_word' id='word_1_102' title='bbox 463 1752 659 1817; x_wconf 83' lang='lat' dir='ltr'><strong>gerunt</strong></span> <span class='ocrx_word' id='word_1_103' title='bbox 684 1760 780 1819; x_wconf 87' lang='lat' dir='ltr'><strong>per</strong></span> <span class='ocrx_word' id='word_1_104' title='bbox 803 1742 1047 1825; x_wconf 78' lang='lat' dir='ltr'><strong>singulos</strong></span> <span class='ocrx_word' id='word_1_105' title='bbox 1077 1758 1265 1812; x_wconf 89' lang='lat' dir='ltr'><strong>annos,</strong></span> <span class='ocrx_word' id='word_1_106' title='bbox 1313 1752 1373 1802; x_wconf 88' lang='lat' dir='ltr'><strong>ut</strong></span> <span class='ocrx_word' id='word_1_107' title='bbox 1401 1744 1612 1801; x_wconf 88' lang='lat' dir='ltr'><strong>dictum</strong></span> <span class='ocrx_word' id='word_1_108' title='bbox 1642 1748 1725 1800; x_wconf 88' lang='lat' dir='ltr'><strong>est</strong></span> <span class='ocrx_word' id='word_1_109' title='bbox 1769 1758 1954 1817; x_wconf 87' lang='lat' dir='ltr'><strong>supra,</strong></span> <span class='ocrx_word' id='word_1_110' title='bbox 1988 1748 2051 1798; x_wconf 84' lang='lat' dir='ltr'><strong>ut</strong></span> <span class='ocrx_word' id='word_1_111' title='bbox 2096 1758 2195 1799; x_wconf 88' lang='lat' dir='ltr'><strong>nec</strong></span> <span class='ocrx_word' id='word_1_112' title='bbox 2233 1742 2475 1801; x_wconf 87' lang='lat' dir='ltr'><strong>insolens</strong></span> 
     </span>
     <span class='ocr_line' id='line_1_16' title="bbox 466 1830 2469 1903; baseline -0.001 -14"><span class='ocrx_word' id='word_1_113' title='bbox 466 1834 562 1889; x_wconf 85' lang='lat' dir='ltr'><strong>diu</strong></span> <span class='ocrx_word' id='word_1_114' title='bbox 591 1840 854 1902; x_wconf 86' lang='lat' dir='ltr'><strong>maneret,</strong></span> <span class='ocrx_word' id='word_1_115' title='bbox 885 1841 941 1890; x_wconf 88' lang='lat' dir='ltr'><strong>et</strong></span> <span class='ocrx_word' id='word_1_116' title='bbox 971 1835 1302 1890; x_wconf 85' lang='lat' dir='ltr'><strong>moderatior</strong></span> <span class='ocrx_word' id='word_1_117' title='bbox 1329 1834 1441 1890; x_wconf 89' lang='lat' dir='ltr'><strong>cito</strong></span> <span class='ocrx_word' id='word_1_118' title='bbox 1482 1840 1848 1890; x_wconf 77' lang='lat' dir='ltr'><strong>succurreret.</strong></span> <span class='ocrx_word' id='word_1_119' title='bbox 1888 1832 2113 1903; x_wconf 85' lang='lat' dir='ltr'><strong>Propter</strong></span> <span class='ocrx_word' id='word_1_120' title='bbox 2151 1830 2256 1888; x_wconf 88' lang='lat' dir='ltr'><strong>hoc</strong></span> <span class='ocrx_word' id='word_1_121' title='bbox 2285 1840 2469 1888; x_wconf 85' lang='lat' dir='ltr'><strong>autem</strong></span> 
     </span>
     <span class='ocr_line' id='line_1_17' title="bbox 466 1916 2472 1994; baseline -0.001 -18"><span class='ocrx_word' id='word_1_122' title='bbox 466 1920 575 1976; x_wconf 90' lang='lat' dir='ltr'><strong>duo</strong></span> <span class='ocrx_word' id='word_1_123' title='bbox 604 1934 764 1993; x_wconf 86' lang='lat' dir='ltr'><strong>pares</strong></span> <span class='ocrx_word' id='word_1_124' title='bbox 809 1926 986 1991; x_wconf 82' lang='lat' dir='ltr'><strong>erant,</strong></span> <span class='ocrx_word' id='word_1_125' title='bbox 1014 1916 1144 1994; x_wconf 78' lang='lat' dir='ltr'><strong>quia</strong></span> <span class='ocrx_word' id='word_1_126' title='bbox 1183 1934 1322 1977; x_wconf 88' lang='lat' dir='ltr'><strong>unus</strong></span> <span class='ocrx_word' id='word_1_127' title='bbox 1352 1934 1467 1977; x_wconf 89' lang='lat' dir='ltr'><strong>rem</strong></span> <span class='ocrx_word' id='word_1_128' title='bbox 1508 1918 1745 1985; x_wconf 87' lang='lat' dir='ltr'><strong>civilem,</strong></span> <span class='ocrx_word' id='word_1_129' title='bbox 1780 1919 1918 1975; x_wconf 87' lang='lat' dir='ltr'><strong>alter</strong></span> <span class='ocrx_word' id='word_1_130' title='bbox 1952 1931 2080 1974; x_wconf 87' lang='lat' dir='ltr'><strong>vero</strong></span> <span class='ocrx_word' id='word_1_131' title='bbox 2109 1920 2187 1975; x_wconf 87' lang='lat' dir='ltr'><strong>rei</strong></span> <span class='ocrx_word' id='word_1_132' title='bbox 2213 1918 2472 1975; x_wconf 86' lang='lat' dir='ltr'><strong>militaris</strong></span> 
     </span>
     <span class='ocr_line' id='line_1_18' title="bbox 467 2006 2469 2081; baseline -0.001 -15"><span class='ocrx_word' id='word_1_133' title='bbox 467 2020 658 2066; x_wconf 87' lang='lat' dir='ltr'><strong>curam</strong></span> <span class='ocrx_word' id='word_1_134' title='bbox 679 2006 926 2080; x_wconf 86' lang='lat' dir='ltr'><strong>gerebat.</strong></span> <span class='ocrx_word' id='word_1_135' title='bbox 952 2008 1212 2065; x_wconf 81' lang='lat' dir='ltr'><strong>Processu</strong></span> <span class='ocrx_word' id='word_1_136' title='bbox 1239 2014 1423 2064; x_wconf 85' lang='lat' dir='ltr'><strong>autem</strong></span> <span class='ocrx_word' id='word_1_137' title='bbox 1456 2008 1737 2081; x_wconf 87' lang='lat' dir='ltr'><strong>temporis,</strong></span> <span class='ocrx_word' id='word_1_138' title='bbox 1763 2006 1817 2064; x_wconf 88' lang='lat' dir='ltr'><strong>id</strong></span> <span class='ocrx_word' id='word_1_139' title='bbox 1848 2013 1932 2064; x_wconf 87' lang='lat' dir='ltr'><strong>est</strong></span> <span class='ocrx_word' id='word_1_140' title='bbox 1959 2008 2151 2081; x_wconf 85' lang='lat' dir='ltr'><strong>quinto</strong></span> <span class='ocrx_word' id='word_1_141' title='bbox 2179 2006 2250 2065; x_wconf 89' lang='lat' dir='ltr'><strong>ab</strong></span> <span class='ocrx_word' id='word_1_142' title='bbox 2277 2008 2469 2079; x_wconf 82' lang='lat' dir='ltr'><strong>ejectis</strong></span> 
     </span>
     <span class='ocr_line' id='line_1_19' title="bbox 469 2092 2471 2169; baseline -0.001 -17"><span class='ocrx_word' id='word_1_143' title='bbox 469 2094 690 2169; x_wconf 82' lang='lat' dir='ltr'><strong>regibus</strong></span> <span class='ocrx_word' id='word_1_144' title='bbox 729 2106 891 2165; x_wconf 87' lang='lat' dir='ltr'><strong>anno,</strong></span> <span class='ocrx_word' id='word_1_145' title='bbox 943 2096 1164 2153; x_wconf 79' lang='lat' dir='ltr'><strong>inventa</strong></span> <span class='ocrx_word' id='word_1_146' title='bbox 1211 2102 1294 2151; x_wconf 87' lang='lat' dir='ltr'><strong>est</strong></span> <span class='ocrx_word' id='word_1_147' title='bbox 1340 2094 1636 2164; x_wconf 73' lang='lat' dir='ltr'><strong>dictatura,</strong></span> <span class='ocrx_word' id='word_1_148' title='bbox 1682 2092 1969 2151; x_wconf 78' lang='lat' dir='ltr'><strong>occasione</strong></span> <span class='ocrx_word' id='word_1_149' title='bbox 2008 2094 2195 2152; x_wconf 89' lang='lat' dir='ltr'><strong>habita</strong></span> <span class='ocrx_word' id='word_1_150' title='bbox 2238 2095 2471 2166; x_wconf 87' lang='lat' dir='ltr'><strong>alicujus</strong></span> 
     </span>
     <span class='ocr_line' id='line_1_20' title="bbox 467 2176 2467 2257; baseline -0.003 -15"><span class='ocrx_word' id='word_1_151' title='bbox 467 2182 731 2242; x_wconf 80' lang='lat' dir='ltr'><strong>novitatis</strong></span> <span class='ocrx_word' id='word_1_152' title='bbox 775 2182 830 2240; x_wconf 88' lang='lat' dir='ltr'><strong>in</strong></span> <span class='ocrx_word' id='word_1_153' title='bbox 879 2182 1032 2241; x_wconf 88' lang='lat' dir='ltr'><strong>urbe.</strong></span> <span class='ocrx_word' id='word_1_154' title='bbox 1072 2182 1215 2241; x_wconf 88' lang='lat' dir='ltr'><strong>Dum</strong></span> <span class='ocrx_word' id='word_1_155' title='bbox 1255 2176 1401 2241; x_wconf 81' lang='lat' dir='ltr'><strong>enim</strong></span> <span class='ocrx_word' id='word_1_156' title='bbox 1438 2198 1604 2257; x_wconf 82' lang='lat' dir='ltr'><strong>gener</strong></span> <span class='ocrx_word' id='word_1_157' title='bbox 1647 2180 1931 2257; x_wconf 85' lang='lat' dir='ltr'><strong>Tarquinii</strong></span> <span class='ocrx_word' id='word_1_158' title='bbox 1962 2180 2030 2241; x_wconf 86' lang='lat' dir='ltr'><strong>ad</strong></span> <span class='ocrx_word' id='word_1_159' title='bbox 2080 2182 2467 2240; x_wconf 87' lang='lat' dir='ltr'><strong>vindicandum</strong></span> 
     </span>
     <span class='ocr_line' id='line_1_21' title="bbox 469 2269 2463 2346; baseline -0.003 -16"><span class='ocrx_word' id='word_1_160' title='bbox 469 2273 615 2346; x_wconf 87' lang='lat' dir='ltr'><strong>regis</strong></span> <span class='ocrx_word' id='word_1_161' title='bbox 641 2272 897 2346; x_wconf 85' lang='lat' dir='ltr'><strong>injuriam</strong></span> <span class='ocrx_word' id='word_1_162' title='bbox 924 2286 1182 2346; x_wconf 84' lang='lat' dir='ltr'><strong>magnum</strong></span> <span class='ocrx_word' id='word_1_163' title='bbox 1202 2269 1585 2345; x_wconf 74' lang='lat' dir='ltr'><strong>congregasset</strong></span> <span class='ocrx_word' id='word_1_164' title='bbox 1614 2271 1915 2329; x_wconf 84' lang='lat' dir='ltr'><strong>exercitum</strong></span> <span class='ocrx_word' id='word_1_165' title='bbox 1945 2279 2133 2329; x_wconf 89' lang='lat' dir='ltr'><strong>contra</strong></span> <span class='ocrx_word' id='word_1_166' title='bbox 2162 2272 2463 2337; x_wconf 84' lang='lat' dir='ltr'><strong>civitatem,</strong></span> 
     </span>
     <span class='ocr_line' id='line_1_22' title="bbox 471 2358 2472 2435; baseline -0.002 -16"><span class='ocrx_word' id='word_1_167' title='bbox 471 2364 539 2419; x_wconf 87' lang='lat' dir='ltr'><strong>ad</strong></span> <span class='ocrx_word' id='word_1_168' title='bbox 568 2362 1024 2421; x_wconf 78' lang='lat' dir='ltr'><strong>confortationem</strong></span> <span class='ocrx_word' id='word_1_169' title='bbox 1053 2363 1250 2435; x_wconf 84' lang='lat' dir='ltr'><strong>gentis,</strong></span> <span class='ocrx_word' id='word_1_170' title='bbox 1281 2374 1424 2418; x_wconf 82' lang='lat' dir='ltr'><strong>nova</strong></span> <span class='ocrx_word' id='word_1_171' title='bbox 1448 2359 1702 2419; x_wconf 87' lang='lat' dir='ltr'><strong>instituta</strong></span> <span class='ocrx_word' id='word_1_172' title='bbox 1730 2368 1814 2417; x_wconf 87' lang='lat' dir='ltr'><strong>est</strong></span> <span class='ocrx_word' id='word_1_173' title='bbox 1842 2360 2081 2433; x_wconf 79' lang='lat' dir='ltr'><strong>dignitas</strong></span> <span class='ocrx_word' id='word_1_174' title='bbox 2110 2374 2273 2434; x_wconf 89' lang='lat' dir='ltr'><strong>quam</strong></span> <span class='ocrx_word' id='word_1_175' title='bbox 2304 2358 2472 2417; x_wconf 88' lang='lat' dir='ltr'><strong>dicta-</strong></span> 
     </span>
     <span class='ocr_line' id='line_1_23' title="bbox 473 2447 2465 2533; baseline -0.002 -26"><span class='ocrx_word' id='word_1_176' title='bbox 473 2456 652 2509; x_wconf 85' lang='lat' dir='ltr'><strong>turam</strong></span> <span class='ocrx_word' id='word_1_177' title='bbox 692 2450 1054 2526; x_wconf 85' lang='lat' dir='ltr'><strong>appellarunt,</strong></span> <span class='ocrx_word' id='word_1_178' title='bbox 1083 2448 1257 2533; x_wconf 37' lang='lat' dir='ltr'><strong>majo-r</strong></span> <span class='ocrx_word' id='word_1_179' title='bbox 1285 2454 1558 2523; x_wconf 82' lang='lat' dir='ltr'><strong>potestate</strong></span> <span class='ocrx_word' id='word_1_180' title='bbox 1604 2462 1670 2506; x_wconf 88' lang='lat' dir='ltr'><strong>ac</strong></span> <span class='ocrx_word' id='word_1_181' title='bbox 1704 2447 1934 2522; x_wconf 88' lang='lat' dir='ltr'><strong>imperio</strong></span> <span class='ocrx_word' id='word_1_182' title='bbox 1975 2450 2282 2506; x_wconf 87' lang='lat' dir='ltr'><strong>consulatu.</strong></span> <span class='ocrx_word' id='word_1_183' title='bbox 2311 2450 2465 2515; x_wconf 83' lang='lat' dir='ltr'><strong>Item,</strong></span> 
     </span>
     <span class='ocr_line' id='line_1_24' title="bbox 475 2536 2469 2613; baseline -0.001 -19"><span class='ocrx_word' id='word_1_184' title='bbox 475 2544 717 2613; x_wconf 84' lang='lat' dir='ltr'><strong>tempore</strong></span> <span class='ocrx_word' id='word_1_185' title='bbox 739 2538 1110 2609; x_wconf 84' lang='lat' dir='ltr'><strong>excellentior,</strong></span> <span class='ocrx_word' id='word_1_186' title='bbox 1138 2538 1266 2613; x_wconf 82' lang='lat' dir='ltr'><strong>quia</strong></span> <span class='ocrx_word' id='word_1_187' title='bbox 1295 2536 1364 2595; x_wconf 86' lang='lat' dir='ltr'><strong>de</strong></span> <span class='ocrx_word' id='word_1_188' title='bbox 1392 2538 1642 2611; x_wconf 81' lang='lat' dir='ltr'><strong>quintum</strong></span> <span class='ocrx_word' id='word_1_189' title='bbox 1669 2551 1872 2594; x_wconf 89' lang='lat' dir='ltr'><strong>annum</strong></span> <span class='ocrx_word' id='word_1_190' title='bbox 1903 2536 2141 2611; x_wconf 89' lang='lat' dir='ltr'><strong>ipsorum</strong></span> <span class='ocrx_word' id='word_1_191' title='bbox 2184 2536 2469 2611; x_wconf 85' lang='lat' dir='ltr'><strong>expirabat</strong></span> 
     </span>
     <span class='ocr_line' id='line_1_25' title="bbox 471 2624 2469 2699; baseline -0.001 -14"><span class='ocrx_word' id='word_1_192' title='bbox 471 2626 729 2697; x_wconf 82' lang='lat' dir='ltr'><strong>officium,</strong></span> <span class='ocrx_word' id='word_1_193' title='bbox 757 2627 1077 2687; x_wconf 83' lang='lat' dir='ltr'><strong>consulatus</strong></span> <span class='ocrx_word' id='word_1_194' title='bbox 1121 2632 1302 2686; x_wconf 86' lang='lat' dir='ltr'><strong>autem</strong></span> <span class='ocrx_word' id='word_1_195' title='bbox 1343 2640 1441 2699; x_wconf 87' lang='lat' dir='ltr'><strong>per</strong></span> <span class='ocrx_word' id='word_1_196' title='bbox 1485 2640 1708 2683; x_wconf 87' lang='lat' dir='ltr'><strong>annum.</strong></span> <span class='ocrx_word' id='word_1_197' title='bbox 1737 2626 1802 2681; x_wconf 85' lang='lat' dir='ltr'><strong>Hi</strong></span> <span class='ocrx_word' id='word_1_198' title='bbox 1833 2624 2131 2684; x_wconf 84' lang='lat' dir='ltr'><strong>dictatores</strong></span> <span class='ocrx_word' id='word_1_199' title='bbox 2162 2627 2406 2698; x_wconf 85' lang='lat' dir='ltr'><strong>magistri</strong></span> <span class='ocrx_word' id='word_1_200' title='bbox 2437 2640 2469 2683; x_wconf 92' lang='lat' dir='ltr'><strong>a</strong></span> 
     </span>
     <span class='ocr_line' id='line_1_26' title="bbox 471 2712 2468 2791; baseline -0.001 -18"><span class='ocrx_word' id='word_1_201' title='bbox 471 2715 666 2789; x_wconf 85' lang='lat' dir='ltr'><strong>populo</strong></span> <span class='ocrx_word' id='word_1_202' title='bbox 707 2715 1063 2785; x_wconf 84' lang='lat' dir='ltr'><strong>vocabantur,</strong></span> <span class='ocrx_word' id='word_1_203' title='bbox 1119 2728 1284 2791; x_wconf 87' lang='lat' dir='ltr'><strong>quam</strong></span> <span class='ocrx_word' id='word_1_204' title='bbox 1327 2713 1652 2787; x_wconf 84' lang='lat' dir='ltr'><strong>dignitatem</strong></span> <span class='ocrx_word' id='word_1_205' title='bbox 1700 2713 1879 2771; x_wconf 82' lang='lat' dir='ltr'><strong>serunt</strong></span> <span class='ocrx_word' id='word_1_206' title='bbox 1924 2714 2168 2772; x_wconf 84' lang='lat' dir='ltr'><strong>historiae</strong></span> <span class='ocrx_word' id='word_1_207' title='bbox 2214 2712 2468 2771; x_wconf 86' lang='lat' dir='ltr'><strong>habuisse</strong></span> 
     </span>
     <span class='ocr_line' id='line_1_27' title="bbox 471 2800 2467 2877; baseline 0.001 -19"><span class='ocrx_word' id='word_1_208' title='bbox 471 2804 692 2861; x_wconf 68' lang='lat' dir='ltr'><strong>lulium.</strong></span> <span class='ocrx_word' id='word_1_209' title='bbox 723 2802 930 2862; x_wconf 85' lang='lat' dir='ltr'><strong>Eodem</strong></span> <span class='ocrx_word' id='word_1_210' title='bbox 959 2806 1124 2861; x_wconf 90' lang='lat' dir='ltr'><strong>etiam</strong></span> <span class='ocrx_word' id='word_1_211' title='bbox 1154 2816 1294 2860; x_wconf 89' lang='lat' dir='ltr'><strong>anno</strong></span> <span class='ocrx_word' id='word_1_212' title='bbox 1333 2800 1559 2859; x_wconf 84' lang='lat' dir='ltr'><strong>tradunt</strong></span> <span class='ocrx_word' id='word_1_213' title='bbox 1595 2804 1919 2876; x_wconf 86' lang='lat' dir='ltr'><strong>magistrum</strong></span> <span class='ocrx_word' id='word_1_214' title='bbox 1959 2802 2207 2877; x_wconf 86' lang='lat' dir='ltr'><strong>equitum</strong></span> <span class='ocrx_word' id='word_1_215' title='bbox 2243 2804 2467 2860; x_wconf 82' lang='lat' dir='ltr'><strong>institu-</strong></span> 
     </span>
     <span class='ocr_line' id='line_1_28' title="bbox 475 2880 2467 2965; baseline -0.001 -17"><span class='ocrx_word' id='word_1_216' title='bbox 475 2893 611 2961; x_wconf 82' lang='lat' dir='ltr'><strong>tum,</strong></span> <span class='ocrx_word' id='word_1_217' title='bbox 637 2892 731 2965; x_wconf 88' lang='lat' dir='ltr'><strong>qui</strong></span> <span class='ocrx_word' id='word_1_218' title='bbox 757 2890 1013 2949; x_wconf 87' lang='lat' dir='ltr'><strong>dictatori</strong></span> <span class='ocrx_word' id='word_1_219' title='bbox 1041 2880 1463 2965; x_wconf 83' lang='lat' dir='ltr'><strong>obsequebatur.</strong></span> <span class='ocrx_word' id='word_1_220' title='bbox 1480 2886 1728 2949; x_wconf 86' lang='lat' dir='ltr'><strong>Dictator</strong></span> <span class='ocrx_word' id='word_1_221' title='bbox 1748 2900 1931 2949; x_wconf 84' lang='lat' dir='ltr'><strong>autem</strong></span> <span class='ocrx_word' id='word_1_222' title='bbox 1950 2889 2171 2964; x_wconf 88' lang='lat' dir='ltr'><strong>primus,</strong></span> <span class='ocrx_word' id='word_1_223' title='bbox 2194 2897 2251 2948; x_wconf 84' lang='lat' dir='ltr'><strong>ut</strong></span> <span class='ocrx_word' id='word_1_224' title='bbox 2280 2890 2467 2949; x_wconf 87' lang='lat' dir='ltr'><strong>scribit</strong></span> 
     </span>
     <span class='ocr_line' id='line_1_29' title="bbox 471 2968 2465 3055; baseline 0.001 -20"><span class='ocrx_word' id='word_1_225' title='bbox 471 2978 785 3053; x_wconf 79' lang='lat' dir='ltr'><strong>Eutropius,</strong></span> <span class='ocrx_word' id='word_1_226' title='bbox 813 2978 916 3036; x_wconf 79' lang='lat' dir='ltr'><strong>fuit</strong></span> <span class='ocrx_word' id='word_1_227' title='bbox 948 2978 1188 3047; x_wconf 89' lang='lat' dir='ltr'><strong>Lamius,</strong></span> <span class='ocrx_word' id='word_1_228' title='bbox 1227 2978 1323 3035; x_wconf 89' lang='lat' dir='ltr'><strong>sed</strong></span> <span class='ocrx_word' id='word_1_229' title='bbox 1367 2978 1633 3053; x_wconf 87' lang='lat' dir='ltr'><strong>magister</strong></span> <span class='ocrx_word' id='word_1_230' title='bbox 1673 2982 1917 3055; x_wconf 87' lang='lat' dir='ltr'><strong>equitum</strong></span> <span class='ocrx_word' id='word_1_231' title='bbox 1958 2968 2185 3053; x_wconf 79' lang='lat' dir='ltr'><strong>Spurius</strong></span> <span class='ocrx_word' id='word_1_232' title='bbox 2224 2981 2465 3038; x_wconf 85' lang='lat' dir='ltr'><strong>Cassius.</strong></span> 
     </span>
     <span class='ocr_line' id='line_1_30' title="bbox 473 3066 2468 3143; baseline 0.001 -19"><span class='ocrx_word' id='word_1_233' title='bbox 473 3068 637 3124; x_wconf 83' lang='lat' dir='ltr'><strong>Sexto</strong></span> <span class='ocrx_word' id='word_1_234' title='bbox 667 3073 850 3124; x_wconf 83' lang='lat' dir='ltr'><strong>autem</strong></span> <span class='ocrx_word' id='word_1_235' title='bbox 874 3080 1034 3134; x_wconf 82' lang='lat' dir='ltr'><strong>anno,</strong></span> <span class='ocrx_word' id='word_1_236' title='bbox 1064 3068 1195 3142; x_wconf 85' lang='lat' dir='ltr'><strong>quia</strong></span> <span class='ocrx_word' id='word_1_237' title='bbox 1235 3068 1486 3126; x_wconf 88' lang='lat' dir='ltr'><strong>consules</strong></span> <span class='ocrx_word' id='word_1_238' title='bbox 1513 3067 1676 3127; x_wconf 87' lang='lat' dir='ltr'><strong>nimis</strong></span> <span class='ocrx_word' id='word_1_239' title='bbox 1716 3066 2017 3143; x_wconf 80' lang='lat' dir='ltr'><strong>gravabant</strong></span> <span class='ocrx_word' id='word_1_240' title='bbox 2045 3066 2278 3138; x_wconf 84' lang='lat' dir='ltr'><strong>plebem,</strong></span> <span class='ocrx_word' id='word_1_241' title='bbox 2311 3084 2342 3125; x_wconf 89' lang='lat' dir='ltr'><strong>a</strong></span> <span class='ocrx_word' id='word_1_242' title='bbox 2368 3084 2468 3143; x_wconf 89' lang='lat' dir='ltr'><strong>po·-</strong></span> 
     </span>
     <span class='ocr_line' id='line_1_31' title="bbox 473 3152 2467 3229; baseline 0.001 -18"><span class='ocrx_word' id='word_1_243' title='bbox 473 3154 614 3229; x_wconf 82' lang='lat' dir='ltr'><strong>pulis</strong></span> <span class='ocrx_word' id='word_1_244' title='bbox 643 3154 878 3213; x_wconf 88' lang='lat' dir='ltr'><strong>instituti</strong></span> <span class='ocrx_word' id='word_1_245' title='bbox 909 3154 1128 3212; x_wconf 79' lang='lat' dir='ltr'><strong>fuerunt</strong></span> <span class='ocrx_word' id='word_1_246' title='bbox 1158 3154 1381 3225; x_wconf 80' lang='lat' dir='ltr'><strong>tribuni,</strong></span> <span class='ocrx_word' id='word_1_247' title='bbox 1422 3154 1503 3215; x_wconf 89' lang='lat' dir='ltr'><strong>sic</strong></span> <span class='ocrx_word' id='word_1_248' title='bbox 1532 3156 1683 3223; x_wconf 87' lang='lat' dir='ltr'><strong>dicti,</strong></span> <span class='ocrx_word' id='word_1_249' title='bbox 1710 3166 1771 3213; x_wconf 90' lang='lat' dir='ltr'><strong>ut</strong></span> <span class='ocrx_word' id='word_1_250' title='bbox 1798 3156 1965 3214; x_wconf 88' lang='lat' dir='ltr'><strong>tradit</strong></span> <span class='ocrx_word' id='word_1_251' title='bbox 2000 3152 2241 3213; x_wconf 86' lang='lat' dir='ltr'><strong>Isidorus</strong></span> <span class='ocrx_word' id='word_1_252' title='bbox 2271 3154 2365 3213; x_wconf 87' lang='lat' dir='ltr'><strong>lib.</strong></span> <span class='ocrx_word' id='word_1_253' title='bbox 2388 3156 2467 3213; x_wconf 85' lang='lat' dir='ltr'><strong>IX</strong></span> 
     </span>
     <span class='ocr_line' id='line_1_32' title="bbox 473 3240 2467 3321; baseline 0.002 -22"><span class='ocrx_word' id='word_1_254' title='bbox 473 3240 790 3321; x_wconf 66' lang='lat' dir='ltr'><strong>Etymoloy„</strong></span> <span class='ocrx_word' id='word_1_255' title='bbox 820 3258 884 3299; x_wconf 88' lang='lat' dir='ltr'><strong>eo</strong></span> <span class='ocrx_word' id='word_1_256' title='bbox 921 3244 1067 3317; x_wconf 89' lang='lat' dir='ltr'><strong>quod</strong></span> <span class='ocrx_word' id='word_1_257' title='bbox 1093 3246 1220 3317; x_wconf 86' lang='lat' dir='ltr'><strong>jura</strong></span> <span class='ocrx_word' id='word_1_258' title='bbox 1249 3245 1447 3319; x_wconf 87' lang='lat' dir='ltr'><strong>populo</strong></span> <span class='ocrx_word' id='word_1_259' title='bbox 1486 3242 1747 3315; x_wconf 84' lang='lat' dir='ltr'><strong>tribuant,</strong></span> <span class='ocrx_word' id='word_1_260' title='bbox 1779 3260 1941 3319; x_wconf 81' lang='lat' dir='ltr'><strong>quem</strong></span> <span class='ocrx_word' id='word_1_261' title='bbox 1972 3242 2149 3302; x_wconf 87' lang='lat' dir='ltr'><strong>locum</strong></span> <span class='ocrx_word' id='word_1_262' title='bbox 2188 3246 2243 3300; x_wconf 87' lang='lat' dir='ltr'><strong>in</strong></span> <span class='ocrx_word' id='word_1_263' title='bbox 2266 3242 2467 3302; x_wconf 88' lang='lat' dir='ltr'><strong>civita-</strong></span> 
     </span>
     <span class='ocr_line' id='line_1_33' title="bbox 473 3330 2465 3406; baseline 0.001 -19"><span class='ocrx_word' id='word_1_264' title='bbox 473 3330 620 3387; x_wconf 82' lang='lat' dir='ltr'><strong>tibus</strong></span> <span class='ocrx_word' id='word_1_265' title='bbox 666 3332 838 3390; x_wconf 78' lang='lat' dir='ltr'><strong>ltalioe</strong></span> <span class='ocrx_word' id='word_1_266' title='bbox 895 3336 1085 3390; x_wconf 83' lang='lat' dir='ltr'><strong>tenent</strong></span> <span class='ocrx_word' id='word_1_267' title='bbox 1135 3330 1344 3391; x_wconf 88' lang='lat' dir='ltr'><strong>antiani</strong></span> <span class='ocrx_word' id='word_1_268' title='bbox 1364 3374 1379 3402; x_wconf 95' lang='lat'><strong>,</strong></span> <span class='ocrx_word' id='word_1_269' title='bbox 1433 3330 1672 3391; x_wconf 87' lang='lat' dir='ltr'><strong>ordinati</strong></span> <span class='ocrx_word' id='word_1_270' title='bbox 1730 3334 1799 3391; x_wconf 90' lang='lat' dir='ltr'><strong>ad</strong></span> <span class='ocrx_word' id='word_1_271' title='bbox 1864 3332 2233 3392; x_wconf 75' lang='lat' dir='ltr'><strong>defensionem</strong></span> <span class='ocrx_word' id='word_1_272' title='bbox 2286 3332 2465 3406; x_wconf 86' lang='lat' dir='ltr'><strong>gentis</strong></span> 
     </span>
     <span class='ocr_line' id='line_1_34' title="bbox 473 3418 1919 3495; baseline 0.001 -19"><span class='ocrx_word' id='word_1_273' title='bbox 473 3418 701 3495; x_wconf 83' lang='lat' dir='ltr'><strong>plebeae.</strong></span> <span class='ocrx_word' id='word_1_274' title='bbox 1696 3456 1705 3464; x_wconf 89' lang='lat'><em>-</em></span> <span class='ocrx_word' id='word_1_275' title='bbox 1914 3426 1919 3430; x_wconf 85' lang='grc'>’</span> 
     </span>
    </p>

    <p class='ocr_par' dir='ltr' id='par_1_6' title="bbox 469 3503 2465 3940">
     <span class='ocr_line' id='line_1_35' title="bbox 539 3503 2463 3584; baseline 0.001 -17"><span class='ocrx_word' id='word_1_276' title='bbox 539 3508 644 3567; x_wconf 77' lang='lat' dir='ltr'><strong>Sed</strong></span> <span class='ocrx_word' id='word_1_277' title='bbox 689 3506 1080 3567; x_wconf 81' lang='lat' dir='ltr'><strong>advertendum</strong></span> <span class='ocrx_word' id='word_1_278' title='bbox 1109 3506 1214 3577; x_wconf 86' lang='lat' dir='ltr'><strong>hie,</strong></span> <span class='ocrx_word' id='word_1_279' title='bbox 1261 3503 1405 3581; x_wconf 85' lang='lat' dir='ltr'><strong>quod</strong></span> <span class='ocrx_word' id='word_1_280' title='bbox 1452 3516 1734 3567; x_wconf 76' lang='lat' dir='ltr'><strong>senatores</strong></span> <span class='ocrx_word' id='word_1_281' title='bbox 1762 3520 1978 3583; x_wconf 88' lang='lat' dir='ltr'><strong>semper</strong></span> <span class='ocrx_word' id='word_1_282' title='bbox 2018 3504 2236 3567; x_wconf 80' lang='lat' dir='ltr'><strong>fuerunt</strong></span> <span class='ocrx_word' id='word_1_283' title='bbox 2263 3522 2330 3567; x_wconf 81' lang='lat' dir='ltr'><strong>ex</strong></span> <span class='ocrx_word' id='word_1_284' title='bbox 2355 3522 2463 3584; x_wconf 86' lang='lat' dir='ltr'><strong>quo</strong></span> 
     </span>
     <span class='ocr_line' id='line_1_36' title="bbox 473 3593 2462 3672; baseline 0.003 -20"><span class='ocrx_word' id='word_1_285' title='bbox 473 3604 659 3655; x_wconf 81' lang='lat' dir='ltr'><strong>sunta</strong></span> <span class='ocrx_word' id='word_1_286' title='bbox 688 3593 921 3656; x_wconf 85' lang='lat' dir='ltr'><strong>Romulo</strong></span> <span class='ocrx_word' id='word_1_287' title='bbox 961 3594 1219 3655; x_wconf 88' lang='lat' dir='ltr'><strong>instituti.</strong></span> <span class='ocrx_word' id='word_1_288' title='bbox 1258 3594 1413 3654; x_wconf 86' lang='lat' dir='ltr'><strong>Unde</strong></span> <span class='ocrx_word' id='word_1_289' title='bbox 1442 3595 1664 3655; x_wconf 87' lang='lat' dir='ltr'><strong>tradunt</strong></span> <span class='ocrx_word' id='word_1_290' title='bbox 1688 3596 1952 3664; x_wconf 72' lang='lat' dir='ltr'><strong>historias,</strong></span> <span class='ocrx_word' id='word_1_291' title='bbox 1986 3596 2132 3671; x_wconf 89' lang='lat' dir='ltr'><strong>quod</strong></span> <span class='ocrx_word' id='word_1_292' title='bbox 2174 3598 2305 3672; x_wconf 86' lang='lat' dir='ltr'><strong>quia</strong></span> <span class='ocrx_word' id='word_1_293' title='bbox 2329 3612 2462 3657; x_wconf 86' lang='lat' dir='ltr'><strong>con-</strong></span> 
     </span>
     <span class='ocr_line' id='line_1_37' title="bbox 469 3682 2465 3765; baseline 0.004 -25"><span class='ocrx_word' id='word_1_294' title='bbox 469 3685 616 3741; x_wconf 81' lang='lat' dir='ltr'><strong>sules</strong></span> <span class='ocrx_word' id='word_1_295' title='bbox 651 3700 778 3745; x_wconf 87' lang='lat' dir='ltr'><strong>cum</strong></span> <span class='ocrx_word' id='word_1_296' title='bbox 802 3682 1144 3743; x_wconf 84' lang='lat' dir='ltr'><strong>senatoribus</strong></span> <span class='ocrx_word' id='word_1_297' title='bbox 1167 3684 1366 3765; x_wconf 85' lang='lat' dir='ltr'><strong>populo</strong></span> <span class='ocrx_word' id='word_1_298' title='bbox 1395 3690 1551 3743; x_wconf 87' lang='lat' dir='ltr'><strong>erant</strong></span> <span class='ocrx_word' id='word_1_299' title='bbox 1580 3684 1781 3754; x_wconf 81' lang='lat' dir='ltr'><strong>infesti,</strong></span> <span class='ocrx_word' id='word_1_300' title='bbox 1814 3684 2020 3743; x_wconf 85' lang='lat' dir='ltr'><strong>inventi</strong></span> <span class='ocrx_word' id='word_1_301' title='bbox 2051 3684 2269 3745; x_wconf 80' lang='lat' dir='ltr'><strong>luerunt</strong></span> <span class='ocrx_word' id='word_1_302' title='bbox 2296 3688 2351 3747; x_wconf 90' lang='lat' dir='ltr'><strong>in</strong></span> <span class='ocrx_word' id='word_1_303' title='bbox 2378 3686 2465 3747; x_wconf 83' lang='lat' dir='ltr'><strong>sa·</strong></span> 
     </span>
     <span class='ocr_line' id='line_1_38' title="bbox 471 3770 2464 3846; baseline 0.004 -19"><span class='ocrx_word' id='word_1_304' title='bbox 471 3786 658 3830; x_wconf 77' lang='lat' dir='ltr'><strong>vorem</strong></span> <span class='ocrx_word' id='word_1_305' title='bbox 693 3772 887 3846; x_wconf 85' lang='lat' dir='ltr'><strong>piebis.</strong></span> <span class='ocrx_word' id='word_1_306' title='bbox 925 3770 1061 3832; x_wconf 86' lang='lat' dir='ltr'><strong>Sunt</strong></span> <span class='ocrx_word' id='word_1_307' title='bbox 1105 3778 1289 3833; x_wconf 84' lang='lat' dir='ltr'><strong>autem</strong></span> <span class='ocrx_word' id='word_1_308' title='bbox 1331 3778 1387 3833; x_wconf 87' lang='lat' dir='ltr'><strong>et</strong></span> <span class='ocrx_word' id='word_1_309' title='bbox 1426 3774 1534 3834; x_wconf 87' lang='lat' dir='ltr'><strong>alia</strong></span> <span class='ocrx_word' id='word_1_310' title='bbox 1574 3774 1795 3833; x_wconf 86' lang='lat' dir='ltr'><strong>nomina</strong></span> <span class='ocrx_word' id='word_1_311' title='bbox 1838 3774 2151 3833; x_wconf 82' lang='lat' dir='ltr'><strong>officialium</strong></span> <span class='ocrx_word' id='word_1_312' title='bbox 2188 3778 2356 3843; x_wconf 83' lang='lat' dir='ltr'><strong>urbis,</strong></span> <span class='ocrx_word' id='word_1_313' title='bbox 2396 3778 2464 3835; x_wconf 88' lang='lat' dir='ltr'><strong>de</strong></span> 
     </span>
     <span class='ocr_line' id='line_1_39' title="bbox 471 3856 2458 3940; baseline 0.005 -27"><span class='ocrx_word' id='word_1_314' title='bbox 471 3858 670 3933; x_wconf 84' lang='lat' dir='ltr'><strong>quibus</strong></span> <span class='ocrx_word' id='word_1_315' title='bbox 683 3856 926 3918; x_wconf 70' lang='lat' dir='ltr'><strong>historiis</strong></span> <span class='ocrx_word' id='word_1_316' title='bbox 945 3858 1151 3921; x_wconf 79' lang='lat' dir='ltr'><strong>faciunt</strong></span> <span class='ocrx_word' id='word_1_317' title='bbox 1167 3862 1514 3934; x_wconf 83' lang='lat' dir='ltr'><strong>mentionem,</strong></span> <span class='ocrx_word' id='word_1_318' title='bbox 1533 3860 1628 3924; x_wconf 89' lang='lat' dir='ltr'><strong>sed</strong></span> <span class='ocrx_word' id='word_1_319' title='bbox 1644 3860 1917 3940; x_wconf 82' lang='lat' dir='ltr'><strong>praecipue</strong></span> <span class='ocrx_word' id='word_1_320' title='bbox 1938 3862 2179 3924; x_wconf 84' lang='lat' dir='ltr'><strong>Isidorus</strong></span> <span class='ocrx_word' id='word_1_321' title='bbox 2193 3860 2333 3923; x_wconf 88' lang='lat' dir='ltr'><strong>libro</strong></span> <span class='ocrx_word' id='word_1_322' title='bbox 2356 3862 2458 3925; x_wconf 86' lang='lat' dir='ltr'><strong>IX.</strong></span> 
     </span>
    </p>
   </div>
  </div>
 </body>
</html>
