2784 4392
449 255 530 319 64
925 269 978 319 s.
1021 267 1258 315 'rHOMAE
1297 264 1626 319 Acamans
1666 264 1980 313 orvedum

457 387 682 460 fallacia
717 387 1035 445 divitiarum
1069 388 1284 458 suffocat
1307 384 1544 451 verbum,
1574 390 1625 440 et
1661 383 1773 440 sine
1814 384 2003 457 fructu
2030 382 2275 458 efficitur.
2301 374 2459 444 Unde

455 475 840 551 dicit-Glossffi
873 476 1004 531 Luc.
1050 490 1178 540 vm,
1209 488 1371 545 super
1412 472 1542 527 illud
1586 488 1599 527 t
1629 470 1778 538 Quod
1812 478 1988 528 autem
2019 471 2077 527 in
2105 472 2275 544 spinis
2321 468 2459 527 ceci·-

455 563 555 629 dit,
584 574 691 620 etc.
722 585 746 615 α
777 563 994 619 Divitiae
1028 562 1131 619 etsi
1175 561 1449 617 delectare
1477 560 1787 626 videantur,
1816 560 1929 615 suis
1958 568 2141 616 tamen
2173 575 2458 633 possesso-

453 652 605 709 ribus
628 662 753 709 sunt
777 653 966 726 spinae,
1000 667 1124 708 curn
1150 649 1353 706 aculeis
1381 663 1635 706 curarum
1666 654 1875 705 mentes
1904 664 2096 705 eorum.
2114 647 2452 718 confodiunt,

455 754 578 811 quae
603 739 760 795 avide
791 746 1130 812 quaeruntur,
1161 744 1215 793 et
1245 737 1476 794 sollicite
1500 744 1811 793 servantur.

525 828 766 884 Tertium
795 836 878 883 est
905 827 1122 901 propria
1153 825 1422 891 voluntas,
1443 826 1573 899 quia
1598 826 1691 899 qui
1717 840 1833 882 suae
1858 824 2159 882 voluntatis
2188 830 2272 881 est
2302 826 2455 883 arbi-

454 921 557 986 ter,
583 916 1005 973 sollicitudinem
1026 914 1192 971 habet
1219 915 1287 970 de
1311 930 1425 972 suae
1453 916 1581 972 vitae
1608 914 2037 987 gubernatione:
2068 922 2123 989 et
2148 916 2272 971 ideo
2300 914 2455 971 nobis

454 1003 773 1072 consulitur,
801 1012 858 1059 ut
887 1003 1262 1060 nostri‘status
1291 1004 1688 1077 depositionem
1715 1004 1916 1061 divinae
1934 1004 2289 1076 providentiae
2318 1020 2457 1061 com·

456 1093 756 1159 mittamus,
790 1091 812 1146 1
840 1092 986 1147 Petr.
1015 1108 1069 1158 v,
1102 1094 1134 1145 5
1167 1108 1180 1149 z
1216 1091 1434 1147 Omnem
1471 1091 1877 1149 sollicitudinem
1908 1098 2136 1147 vestram
2158 1092 2456 1163 projicien-

454 1188 532 1237 tes
565 1182 622 1235 in
651 1197 731 1247 eo,
762 1178 1006 1252 quoniam
1032 1180 1136 1251 ipsi
1177 1196 1310 1236 cura
1336 1188 1413 1237 est
1451 1180 1511 1236 de
1547 1180 1707 1236 vobis.
1738 1180 1997 1237 Proverb.
2048 1196 2135 1245 ιιι,
2184 1184 2216 1235 5
2245 1199 2258 1236 ε
2309 1180 2456 1237 Habe

453 1269 706 1341 fiduciam
741 1268 802 1323 in
840 1269 1067 1325 Domino
1102 1286 1167 1324 ex
1205 1275 1314 1327 toto
1344 1268 1497 1325 corde
1527 1276 1639 1335 tuo,
1672 1277 1721 1325 et
1765 1286 1829 1324 ne
1858 1268 2121 1325 innitaris
2154 1270 2457 1343 prudentior

456 1367 580 1417 tuae.
611 1358 676 1413 Et
706 1356 832 1413 inde
855 1363 958 1423 est,
992 1357 1137 1429 quod
1168 1356 1409 1430 perfecta
1448 1356 1639 1429 religio
1674 1357 1872 1429 triplici
1916 1364 2043 1412 voto
2082 1366 2450 1429 consecratur,

455 1448 666 1503 scilicet
702 1451 828 1502 voto
871 1446 1163 1513 castitatiS,
1210 1462 1306 1518 per
1336 1446 1481 1519 quod
1528 1446 1944 1502 abrenuntiatur
1983 1447 2233 1517 conjugio
2279 1464 2293 1502 z
2328 1454 2453 1504 voto

380 1598 386 1602 ,
454 1535 811 1610 paupertatiS,
837 1552 934 1607 per
953 1535 1096 1607 quod
1121 1534 1536 1591 abrenuntiatur
1562 1534 1769 1589 divitiis
1795 1551 1806 1589 :
1836 1540 1963 1590 voto
1988 1533 2329 1602 obedientiae,
2358 1550 2455 1609 per

453 1619 598 1698 quod
627 1620 1041 1681 abrenuntiatur
1077 1624 1312 1698 propriae
1357 1623 1645 1679 voluntati.
1684 1625 1779 1678 Per
1822 1622 1939 1679 haec
1970 1628 2149 1678 autem
2193 1624 2298 1679 tria
2327 1632 2453 1681 vota

453 1713 614 1769 homo
657 1714 770 1769 Deo
798 1712 1129 1775 sacrificium
1173 1710 1330 1768 offert
1360 1711 1429 1767 de
1457 1710 1707 1767 omnibus
1742 1710 1899 1765 bonis
1930 1725 1943 1765 ι
1978 1726 2072 1781 per
2111 1716 2297 1766 votum
2328 1712 2454 1785 qui-

454 1801 580 1856 dem
616 1801 908 1867 castitatiS‚
948 1802 1006 1856 in
1037 1800 1368 1857 sacrificium
1406 1800 1519 1854 Deo
1551 1800 1781 1854 offerens
1823 1812 2019 1871 corpus
2057 1799 2355 1871 proprium,
2387 1800 2453 1856 de

454 1904 562 1961 quo
618 1890 776 1945 Rom.
831 1904 940 1957 xu,
991 1890 1045 1957 ⁴,
1091 1888 1226 1943 dicit
1271 1886 1565 1959 Apostolus
1607 1902 1621 1943 z
1669 1885 1981 1943 Exhibeatis
2021 1904 2249 1959 corpora
2279 1896 2452 1945 vestra

453 1976 680 2033 hostiam
709 1974 966 2032 viventem
989 1992 1010 2033 .·
1035 1992 1132 2050 per
1165 1981 1354 2032 votum
1395 1984 1579 2032 autem
1604 1974 1945 2048 paupertatis
1982 1976 2312 2033 oblationem
2341 1979 2452 2035 Deo

453 2064 660 2121 faciens
688 2066 756 2121 de
779 2065 1143 2121 exterioribus
1171 2064 1346 2132 boniS,
1379 2064 1447 2121 de
1477 2080 1584 2139 quo
1618 2066 1777 2121 Rom.
1805 2079 1903 2131 xv,
1938 2066 1995 2120 34
2037 2081 2052 2121 :
2088 2080 2093 2083 ·
2130 2064 2328 2138 bseqaii
2354 2065 2454 2122 mei

453 2154 646 2210 oblatio
687 2161 896 2227 accepta
939 2154 1038 2225 fiat
1080 2149 1142 2208 in
1185 2152 1569 2225 Hierosolymis
1605 2154 1804 2207 sanctis
1832 2168 1854 2210 .·
1896 2168 1993 2225 per
2034 2160 2223 2209 votum
2271 2164 2452 2211 autem

454 2244 780 2300 obedientiae
809 2243 1136 2299 sacrificium
1157 2242 1290 2312 Deo,
1314 2244 1539 2318 spiritus
1569 2244 1817 2311 offerenS,
1850 2244 1917 2299 de
1942 2260 2049 2317 quo
2076 2244 2131 2301 in
2154 2246 2239 2301 Ps.
2272 2262 2321 2315 ι,
2348 2250 2411 2303 49
2437 2263 2450 2307 :

453 2332 784 2403 Sacrificium
810 2334 938 2399 Dee,
965 2331 1194 2405 spiritus
1220 2332 1628 2398 contribulatm,
1660 2340 1768 2389 etc.

524 2423 638 2477 Nec
665 2422 840 2479 solum
868 2422 1196 2479 sacrificium
1225 2439 1322 2495 per
1349 2422 1468 2479 haec
1495 2423 1598 2478 tria
1632 2423 1746 2479 Deo
1774 2422 2016 2492 offertur,
2044 2424 2141 2479 sed
2165 2425 2456 2483 holocaus-

455 2514 572 2565 tum
641 2510 787 2585 quod
843 2517 960 2567 erat
1014 2511 1071 2567 in
1130 2510 1249 2583 lege
1303 2510 1763 2584 acceptissimum.
1819 2510 1974 2569 Unde
2036 2512 2335 2585 Gregorius
2400 2516 2453 2571 in

455 2616 564 2656 vm
603 2600 801 2655 Homil.
846 2616 912 2667 ιι,
957 2616 1122 2672 super
1153 2598 1345 2654 Ezech.
1400 2614 1414 2655 ι
1450 2619 1475 2653 α
1525 2600 1659 2656 Cum
1710 2602 1833 2673 quis
1888 2616 2049 2657 suum
2088 2602 2294 2676 aliquid
2340 2605 2453 2660 Deo

453 2695 634 2754 vovet,
659 2696 715 2744 et
745 2688 950 2760 aliquid
979 2704 1092 2743 non
1109 2692 1290 2755 vovet,
1319 2687 1649 2744 sacrificium
1678 2697 1761 2745 est
1781 2707 1795 2759 ;
1819 2704 1943 2745 cum
1972 2706 2101 2746 vero
2126 2707 2285 2747 omne
2310 2694 2455 2766 quod

454 2776 636 2854 habet,
671 2790 830 2831 omne
858 2776 1006 2849 quod
1041 2776 1194 2843 vivit,
1227 2791 1386 2833 omne
1412 2778 1557 2851 quod
1584 2778 1727 2849 sapit
1755 2780 2113 2853 omnipotenti
2142 2782 2256 2837 Deo
2286 2797 2456 2838 vove-

455 2864 546 2931 rit,
579 2857 959 2940 holocaustum
985 2869 1088 2931 est,
1116 2863 1274 2919 etsie
1299 2862 1489 2939 religio
1528 2866 1765 2921 secundo
1791 2868 1949 2922 modo
1980 2876 2225 2941 accepta,
2256 2870 2313 2925 in
2351 2869 2455 2927 hoe

455 2953 600 3025 quod
631 2950 962 3008 sacrificium
982 2954 1095 3007 Deo
1124 2952 1298 3019 offert,
1319 2954 1555 3027 primum
1583 2954 1799 3011 modum
1823 2956 2100 3027 religionis
2123 2958 2389 3015 imitatur.
2426 2979 2452 3013 »

454 3043 590 3098 Sunt
640 3050 826 3097 autem
852 3042 1076 3115 quidam
1119 3040 1263 3097 modi
1295 3043 1536 3109 vivendi,
1570 3043 1623 3097 in
1653 3043 1851 3115 quibus
1880 3044 2062 3118 aliqua
2088 3046 2279 3103 horum
2308 3065 2456 3121 prae·

455 3131 852 3199 termittuntur‚
881 3130 979 3187 sed
1009 3131 1065 3186 in
1113 3131 1192 3187 eis
1232 3130 1474 3207 perfecta
1519 3131 1793 3203 religionis
1835 3134 1975 3190 ratio
2006 3150 2110 3191 non
2158 3135 2453 3193 invenitur.

453 3218 574 3275 Alia
597 3228 784 3275 autem
814 3220 994 3276 omnia
1019 3236 1142 3293 quae
1173 3220 1225 3276 in
1267 3220 1630 3292 religionibus·
1665 3222 2028 3293 reperiuntur,
2060 3231 2187 3279 sunt
2217 3225 2455 3282 admini-

453 3307 576 3363 cula
607 3309 856 3381 quaedam
882 3309 949 3366 ad
980 3309 1284 3367 cavendum
1325 3324 1389 3364 ea
1420 3308 1616 3383 quibus
1645 3325 1742 3382 per
1769 3317 1955 3367 votum
1986 3311 2263 3383 religionis
2294 3314 2458 3370 abre-

454 3398 754 3467 nuntiatur,
788 3396 873 3454 vel
919 3398 984 3455 acl
1029 3396 1434 3454 observandum
1476 3397 1531 3453 id
1580 3398 1632 3453 in
1677 3413 1785 3471 quo
1832 3398 1992 3456 homo
2036 3417 2129 3474 per
2177 3401 2457 3474 religionis

456 3494 640 3542 votum
665 3488 778 3544 Deo
805 3503 864 3543 se
888 3486 1222 3542 serviturum
1253 3486 1521 3558 promisit.

523 3575 604 3629 Ex
631 3576 906 3648 praedictis
939 3576 1103 3647 igitur
1135 3584 1321 3647 patere
1360 3580 1558 3649 potest,
1610 3578 1907 3633 secundum
1949 3579 2081 3651 quid
2112 3596 2219 3637 una
2264 3580 2458 3656 religio

455 3664 629 3738 possit
658 3664 948 3736 perfectior
973 3662 1145 3719 altera
1169 3664 1425 3735 judicari.
1452 3665 1655 3722 Ultima
1684 3667 1827 3721 enim
1852 3668 1929 3722 rei
1960 3668 2222 3741 perfectio
2254 3670 2307 3725 in
2334 3670 2460 3727 finis

455 3752 842 3808 consecutione
885 3751 1176 3807 consistit:
1211 3752 1352 3807 unde
1389 3751 1549 3807 debet
1584 3753 1953 3825 principaliter
1982 3772 2049 3811 ex
2092 3756 2303 3814 duobus
2327 3774 2460 3831 per-

451 3839 620 3907 fectio
638 3840 897 3920 judicari.
931 3839 1131 3906 Primo,
1163 3854 1231 3897 ex
1255 3838 1357 3895 hoc
1387 3840 1461 3895 ad*
1485 3839 1631 3920 quod
1661 3840 1849 3917 religio
1878 3844 2181 3915 ordinatur,
2218 3853 2277 3902 ut
2301 3846 2460 3911 dica-
