2784 4392
651 366 656 371 ¹
719 308 873 351 xvn.
903 322 982 335 —
1007 308 1074 350 m
1115 308 1527 350 uncum-Anum
1563 306 1613 349 n
1654 308 1965 351 exeosmo
2244 291 2363 352 453

357 419 590 485 traliter‚
631 427 692 475 ut
753 420 1048 474 credantur
1091 435 1210 473 esse
1249 419 1777 485 consubstantiales,
1838 421 2143 477 secundum
2198 420 2365 477 fidem

356 511 734 574 orthodoxam,
765 510 818 563 id
845 518 928 564 est
959 517 1105 563 recte
1141 508 1486 579 gloriantem,
1518 508 1587 563 ab
1626 512 1787 574 ορθος,
1823 511 1967 580 quod
2019 517 2102 565 est
2134 520 2363 579 rectum,

357 608 414 652 et
441 600 575 659 δοξα,
619 599 760 668 quod
791 605 877 651 est
909 596 1100 666 gloria,
1131 606 1186 652 et
1211 597 1561 663 catholicam,
1598 598 1649 651 id
1696 607 1779 654 est
1810 599 2196 663 universalem,
2225 601 2369 655 sicut

357 703 522 758 supra
577 686 881 757 expositum
943 692 1044 739 est.
1092 686 1206 740 Hoc
1251 687 1398 739 enirn
1448 687 1875 741 determinatum
1926 696 2009 742 est
2052 689 2107 741 in
2160 689 2369 744 Nicena

355 776 606 846 Synod0‚
661 775 804 845 quod
862 774 1030 829 Filius
1091 781 1174 828 est
1227 774 1577 841 homousion,
1636 776 1691 829 id
1753 783 1835 830 est
1890 768 2371 833 consubstantialis

363 866 530 919 Patri.
965 918 967 920 ¹

433 952 654 1021 Quinte,
683 967 807 1005 cum
831 952 964 1005 dicit
991 968 1003 1004 :
1031 972 1055 1002 α
1077 952 1237 1005 Pater
1267 950 1412 1005 enim
1438 951 1507 1005 ab
1535 957 1761 1018 {etei-nu,
1792 959 1921 1017 etc„
1951 972 1977 1005 >>
2002 954 2196 1025 probat
2228 955 2373 1027 quod

365 1058 471 1095 una
501 1051 556 1094 et
585 1040 776 1094 eadem
808 1042 878 1095 sit
921 1041 1156 1094 essentia
1190 1040 1351 1093 trium
1393 1056 1769 1110 personarum.
1816 1042 1977 1095 Pater
2021 1044 2164 1095 enim
2205 1059 2375 1113 gene-

285 1131 294 1133 “
363 1130 534 1186 raudo
577 1130 792 1193 Filium,
837 1128 989 1182 dedit
1033 1128 1082 1181 ei
1129 1127 1490 1183 substantiam
1539 1144 1713 1192 suam,
1764 1128 1887 1183 c‘um
1938 1146 2199 1199 generare
2242 1129 2373 1186 nihil

366 1218 512 1273 aliud
551 1219 623 1271 sit
670 1232 834 1289 quam
873 1233 937 1270 ex
982 1216 1286 1271 substantia
1317 1230 1418 1271 sua
1443 1216 1616 1270 alium
1656 1218 1974 1287 producere.
2009 1218 2077 1271 Et
2122 1219 2263 1273 sicut
2308 1219 2378 1274 ab

361 1318 569 1363 aeterno
602 1308 759 1360 Pater
801 1306 988 1374 genuit
1029 1304 1246 1370 Filium,
1296 1321 1402 1358 non
1440 1306 1660 1377 quidem
1706 1306 1853 1377 prius
1883 1323 1987 1360 non
2030 1308 2373 1375 existentem,

367 1398 444 1450 ita
471 1396 637 1452 etiam
665 1395 736 1448 ab
767 1407 974 1449 aete-rno
1021 1395 1178 1446 Pater
1221 1394 1372 1446 dedit
1402 1394 1769 1446 substantiam
1816 1394 1971 1458 Fili0,
2018 1410 2124 1449 non
2154 1396 2375 1467 quidem

365 1484 524 1555 quasi
550 1484 700 1553 prius
730 1496 830 1533 non
857 1480 1096 1543 babenti,
1135 1478 1228 1532 sed
1263 1480 1401 1549 quia
1434 1480 1503 1533 ab
1528 1488 1735 1533 aeterno
1780 1497 1898 1533 eam
1938 1480 2008 1535 ab
2032 1482 2137 1535 alio
2165 1484 2373 1551 habuit,

370 1574 423 1626 id
469 1580 548 1625 est
589 1588 619 1625 a
665 1572 844 1623 Patre.
891 1568 956 1621 Et
1001 1568 1067 1621 de
1109 1568 1212 1621 ista
1261 1568 1552 1621 donatione
1603 1570 1716 1639 ipse
1758 1568 1927 1623 Filius
1978 1570 2074 1623 Dei
2122 1576 2374 1639 testatur,

363 1662 585 1721 Joann.,
614 1674 674 1726 x,
720 1661 785 1712 29
827 1673 839 1709 ε
879 1656 1047 1710 Pater
1086 1671 1230 1708 meus
1267 1656 1403 1725 quod
1432 1654 1578 1710 dedit
1606 1656 1755 1718 mihi,
1797 1657 1970 1727 majus
1995 1658 2231 1714 omnibus
2258 1668 2331 1714 est
2358 1678 2376 1716 .·

354 1749 429 1803 ld
456 1748 598 1801 enim
626 1745 770 1818 quod
806 1750 889 1798 est
921 1744 1214 1797 maximum
1248 1752 1330 1809 est
1369 1744 1555 1798 divina
1585 1744 1839 1797 essentia.
1874 1745 2164 1800 Sciendum
2199 1754 2378 1805 tamen

372 1836 516 1907 quod
549 1835 709 1889 aliter
747 1850 806 1886 se
837 1832 999 1886 habnt
1039 1832 1090 1884 in
1133 1831 1483 1900 generatione
1523 1830 1776 1895 humana,
1811 1838 1865 1884 et
1898 1832 2055 1885 aliter
2088 1835 2139 1887 in
2170 1836 2376 1891 divina.

368 1925 509 1993 Quia
541 1924 684 1977 enim
725 1929 914 1976 natura
955 1920 1189 1973 humana
1233 1917 1523 1972 divisibilis
1569 1925 1668 1980 est,
1704 1927 1881 1989 potest
1923 1920 2081 1974 homo
2112 1940 2380 1992 generans

372 2020 584 2086 partem
615 2012 936 2065 substantiae
973 2014 1087 2062 suae
1119 2005 1495 2061 transfundere
1531 2008 1581 2059 in
1617 2006 1805 2060 [ilium.
1842 2009 2033 2063 Divina
2066 2017 2248 2065 autem
2278 2029 2381 2069 na-

375 2108 497 2156 tura
523 2107 606 2153 est
634 2097 862 2167 simplex
891 2103 944 2149 et
973 2094 1336 2154 indivisibilis,
1368 2101 1422 2147 et
1447 2094 1571 2148 ideo
1590 2094 1867 2165 subjungit
1894 2098 2037 2167 quod
2072 2115 2174 2152 non
2203 2108 2382 2171 potest

367 2190 504 2253 dici,
538 2186 680 2258 quod
724 2186 880 2239 Pater
925 2191 1134 2253 partem
1178 2182 1501 2236 substantias
1537 2195 1651 2237 suae
1688 2184 1825 2237 Filio
1853 2185 2085 2238 dederit.
2118 2188 2381 2244 Similiter

375 2278 542 2333 etiam
584 2291 688 2329 non
726 2280 903 2345 potest
933 2272 1062 2337 dici,
1096 2271 1239 2341 quod
1271 2272 1427 2325 Pater
1454 2270 1591 2324 dans
1617 2272 1981 2326 substantiam
2022 2289 2179 2329 suam
2220 2277 2377 2347 Filio,

377 2382 498 2421 eam
527 2365 629 2420 sibi
659 2380 765 2418 non
801 2359 1102 2425 retinuerit,
1132 2359 1260 2429 quia
1287 2359 1366 2413 sic
1402 2360 1560 2412 Pater
1586 2359 1835 2414 desiisset
1860 2376 1978 2415 esse
2004 2361 2189 2437 divina
2218 2366 2382 2420 subs-

373 2456 573 2511 tantia.
611 2454 668 2507 In
699 2449 1068 2521 corporalibus
1097 2447 1238 2502 enim
1275 2447 1419 2518 quod
1450 2448 1631 2511 datur,
1668 2464 1768 2502 non
1802 2450 2085 2514 retinetur,
2116 2452 2258 2509 sicut
2287 2455 2381 2525 qui

371 2544 511 2599 dant
537 2557 758 2613 equum,
789 2554 890 2593 non
924 2539 1158 2591 retinent
1186 2536 1395 2607 ipsum;
1424 2535 1516 2589 sed
1552 2535 1602 2587 in
1630 2536 2002 2607 spiritualibus
2031 2538 2189 2593 simul
2221 2540 2383 2597 datur

373 2632 586 2703 aliquid
612 2639 666 2685 et
697 2628 980 2691 retinetur,
1019 2628 1160 2680 sient
1203 2625 1294 2695 qui
1327 2624 1695 2679 communicat
1724 2623 1813 2678 alii
1846 2626 2151 2693 scientiam,
2185 2631 2383 2685 retinet

381 2722 575 2793 ipsam.
608 2721 761 2773 Patet
789 2717 954 2787 igitur
980 2715 1122 2786 quod
1152 2713 1319 2768 Filius
1343 2713 1462 2785 sine
1494 2711 1600 2767 ulla
1625 2712 1985 2768 diminutione
2015 2718 2227 2789 accepit
2251 2734 2382 2773 nas-

375 2810 555 2865 nendo
584 2806 946 2859 substantiam
992 2804 1184 2872 PatriS,
1225 2809 1279 2857 et
1320 2803 1481 2856 Pater
1524 2817 1644 2856 eam
1682 2803 1923 2856 retinet:
1968 2804 2109 2859 unde
2138 2808 2386 2879 sequitur

375 2897 530 2973 quod
575 2896 733 2950 Pater
773 2900 827 2945 et
864 2891 1032 2945 Filius
1060 2890 1294 2945 habeant
1323 2906 1487 2945 unam
1516 2891 1897 2956 substantiam,
1930 2900 1985 2947 et
2028 2893 2219 2949 eadem
2247 2898 2387 2954 ratio

387 2996 471 3043 est
509 2986 576 3040 de
601 2981 808 3052 Spiritu
836 2983 1045 3040 sancto,
1088 2977 1180 3047 qui
1217 2975 1286 3030 ab
1326 2983 1559 3044 utroque
1596 2978 1859 3047 procedit.
1892 2980 2053 3034 Pater
2093 2989 2275 3037 autem
2306 2990 2385 3039 est

374 3072 691 3132 substantia
721 3084 838 3134 sua,
886 3067 1015 3139 quia
1041 3080 1146 3119 non
1175 3072 1257 3118 est
1288 3066 1339 3117 in
1370 3079 1435 3119 eo
1470 3064 1654 3136 aliqua
1684 3066 2024 3136 compositio,
2055 3076 2109 3123 et
2136 3070 2390 3128 similiter

378 3165 572 3229 filius,
601 3168 656 3215 et
685 3158 920 3231 Spiritus
949 3160 1190 3209 sanctus.
1227 3154 1360 3208 Cum
1401 3168 1533 3223 ergo
1568 3154 1639 3207 sit
1668 3169 1770 3207 una
1796 3156 2033 3209 essentia
2072 3156 2260 3225 trium,
2298 3174 2389 3215 se-

385 3253 572 3325 quitur
612 3247 754 3323 quod
791 3261 894 3300 una
921 3259 1008 3298 res
1042 3257 1167 3314 quae
1191 3250 1272 3297 est
1295 3239 1481 3295 divina
1516 3242 1771 3307 essentia,
1810 3251 1894 3298 est
1920 3243 2099 3309 Pater,
2122 3251 2179 3299 et
2200 3246 2387 3313 Filius,
2477 3311 2481 3315 ,

385 3348 440 3397 et
469 3340 704 3412 Spiritus
740 3344 990 3400 sanctus;
1022 3340 1077 3386 et
1111 3330 1234 3385 ideo
1272 3328 1721 3400 irrefragabiliter
1744 3336 1828 3385 est
1859 3330 2090 3402 probata
2120 3336 2393 3391 sententia

373 3426 631 3499 ,Magistri
656 3427 796 3481 Petri
826 3420 1134 3485 Lombardi,
1167 3425 1222 3474 et
1247 3434 1341 3491 per
1369 3434 1709 3489 consequens
1728 3417 1937 3474 dictum
1964 3420 2209 3477 Joacbim
2237 3422 2396 3478 infir-

389 3525 598 3574 matum
631 3522 690 3570 ut
713 3513 929 3569 falsum.

458 3607 642 3668 Sex10‚
669 3617 793 3657 cum
818 3598 952 3655 dicit
983 3616 995 3651 :
1020 3618 1044 3649 (ι
1070 3597 1203 3652 Cum
1225 3610 1354 3666 ergo
1375 3594 1581 3649 veritas
1605 3608 1703 3665 pro
1734 3594 2001 3661 fidelibuS,
2026 3603 2157 3663 etc.,
2188 3616 2215 3649 »
2243 3600 2399 3671 ponit

371 3694 752 3752 ‚auctoritates
775 3704 914 3761 quas
935 3686 1075 3741 male
1102 3683 1407 3739 intellectas
1430 3698 1527 3754 pro
1552 3698 1612 3737 se
1638 3683 1885 3738 Jcachim
1904 3684 2217 3743 inducebat.
2240 3687 2398 3757 Quod

391 3785 538 3841 enim
572 3778 831 3835 Dominus
871 3791 1032 3831 orans
1060 3789 1157 3845 pro
1193 3770 1443 3827 fidelibus
1482 3769 1615 3824 dicit
1644 3771 1799 3827 Joan.
1839 3788 1984 3839 xvn,
2018 3776 2077 3832 2⁴
2132 3792 2146 3829 t
2188 3774 2311 3834 Volo
2340 3784 2402 3837 ut

373 3873 495 3948 ‚ipsi
522 3885 688 3927 unum
730 3866 837 3923 sint
867 3865 926 3921 in
967 3862 1135 3929 nobis,
1173 3860 1307 3917 sicut
1348 3868 1398 3917 et
1428 3876 1521 3916 nos
1561 3876 1729 3917 unum
1755 3877 1956 3929 sumus,
1988 3862 2071 3919 sic
2108 3864 2405 3923 inducebat
