2784 4392
756 263 864 308 xv.
894 278 972 293 -
1000 263 1078 307 nn
1121 263 1425 308 asomum
1466 265 1807 310 rnmcu’uu
2154 245 2287 310 261

282 377 486 461 occidit
529 394 627 454 pro
663 378 902 437 -libidine
947 379 1265 438 voluntatiS.
1319 381 1411 438 Sic
1452 381 1620 453 igitur
1668 382 1815 440 nulla
1858 384 1961 445 erit
2000 385 2285 453 securitas,

280 469 376 524 sed
403 468 583 526 omnia
611 475 738 524 sunt
771 469 1000 534 incerta,
1028 485 1150 526 curn
1183 485 1214 526 a
1244 471 1368 542 jure
1398 470 1722 542 disceditur,
1750 487 1853 529 nee
1892 472 2095 529 firmari
2126 474 2291 545 quid-

279 572 443 626 quam
483 563 665 629 potest
712 556 856 628 quod
888 556 1126 627 positum
1171 563 1254 612 est
1285 558 1337 612 in
1383 557 1609 614 alterius
1651 558 1953 630 voluntate,
1998 576 2068 616 ne
2111 561 2289 616 dicam

280 644 520 702 libidine.
554 647 669 701 Nec
710 645 885 701 solum
929 646 983 700 in
1021 645 1392 718 corporalibus
1436 646 1681 703 subditos
1726 656 1939 720 gravat,
1985 649 2079 704 sed
2124 651 2290 706 etiam

280 735 584 806 spiritualia
627 750 814 790 eorum
844 735 986 791 bona
1015 734 1264 808 impedit,
1298 737 1426 808 quia
1458 736 1552 809 qui
1594 736 1717 810 plus
1756 753 1991 810 praeesse
2027 747 2289 811 appetunt

281 838 446 895 quam
474 823 752 896 prodesse,
794 837 1012 878 omnem
1053 822 1354 893 profectum
1379 823 1721 879 subditorum
1751 825 2073 898 impediunt,
2106 827 2291 899 suspi-

279 921 470 969 cantes
498 927 712 967 omnem
750 911 1093 967 subditorum
1125 911 1503 968 excellentiam
1533 929 1647 970 suae
1688 913 1907 987 iniquae·
1931 914 2289 971 dominationi

279 1000 658 1074 praejudicium
702 1017 840 1056 esse.
873 1001 1142 1073 Tyrannis
1167 1001 1311 1055 enim
1342 1001 1516 1071 magis
1540 1000 1664 1056 boni
1702 1017 1867 1075 quam
1893 1003 2016 1058 mali
2049 1007 2285 1076 suspecti

279 1096 426 1156 sunt,
459 1105 780 1162 semperque
807 1088 890 1144 his
916 1088 1090 1144 aliena
1115 1090 1288 1144 virtus
1309 1089 1657 1154 formidolosa
1688 1078 1797 1146 esti
1823 1092 2101 1148 Conantur
2124 1092 2289 1163 igitur

283 1178 530 1252 praedicti
569 1177 806 1251 tyranni,
849 1193 916 1232 ne
944 1172 1185 1249 ipsorum
1216 1176 1418 1232 subditi
1449 1178 1677 1233 virtuosi
1712 1179 1888 1241 effecti
1923 1180 2289 1252 magnanimi-

283 1270 414 1326 tatis
440 1267 750 1339 concipiant
794 1267 1064 1338 spiritum‚
1113 1273 1386 1320 eteorum
1430 1267 1672 1337 iniquam
1713 1267 2139 1324 dominationem
2182 1285 2287 1325 non

281 1327 568 1454 feranttne
599 1357 740 1411 inter
770 1355 1015 1410 subditos
1037 1353 1295 1418 amicitiae
1324 1353 1502 1410 soedus
1531 1354 1795 1423 firmetur,
1821 1364 1875 1411 et
1902 1358 2051 1430 pacis
2076 1358 2287 1413 emolu-

283 1455 464 1502 mento
495 1445 562 1501 ad
593 1444 824 1499 invicem
854 1444 1146 1514 gaudeant,
1177 1449 1236 1497 ut
1263 1443 1343 1497 sic
1364 1443 1495 1498 dum
1518 1459 1654 1498 unus
1684 1445 1751 1498 de
1771 1444 1943 1500 altero
1974 1462 2081 1502 non
2114 1448 2287 1503 confi-

281 1536 381 1602 dit,
426 1540 617 1590 contra
655 1548 844 1588 eorum
873 1531 1174 1587 dominium
1202 1529 1408 1602 aliquid
1436 1531 1610 1585 moliri
1639 1547 1743 1585 non
1788 1533 2015 1603 possint.
2062 1535 2288 1607 Propter

281 1624 427 1699 quod
453 1624 595 1678 inter
619 1622 764 1695 ipsos
792 1619 1094 1676 discordias
1121 1619 1411 1684 seminant,
1444 1625 1663 1675 exortas
1693 1619 1957 1686 nutriunt,
1988 1628 2043 1677 et
2070 1638 2135 1679 ea
2164 1639 2291 1696 quae
2380 1669 2385 1673 .

281 1714 350 1770 ad
377 1712 791 1770 foederationem
818 1708 1098 1763 hominum
1123 1707 1414 1779 pertinent,
1445 1714 1505 1762 ut
1524 1707 1794 1764 connubia
1812 1716 1868 1764 et
1888 1710 2137 1767 convivia
2159 1729 2289 1782 pro-

283 1802 489 1867 hibent,
523 1806 579 1856 et
601 1805 799 1854 caetera
825 1796 1155 1869 hujusmodi,
1185 1812 1280 1866 per
1299 1811 1425 1868 quae
1446 1796 1588 1850 inter
1610 1796 1856 1852 homines
1882 1797 2020 1855 solet
2050 1798 2288 1857 familia-
2348 1817 2355 1822 ·

283 1892 420 1961 ritas
463 1898 517 1945 et
552 1889 750 1952 fiducia
786 1886 1055 1957 generari.
1086 1886 1361 1940 Conantur
1392 1891 1538 1942 etam
1575 1901 1640 1940 ne
1679 1892 1929 1958 potentes
1955 1894 2051 1943 aut
2090 1889 2291 1945 divites

286 1981 436 2045 fiant,
479 1979 609 2053 quia
639 1977 706 2032 de
736 1975 970 2031 subditis
1013 1975 1311 2029 secundum
1349 1989 1463 2030 suae
1496 1973 1719 2030 malitiae
1743 1976 2131 2034 conscientiam
2163 1996 2289 2036 sus-

285 2070 550 2140 picantes,
592 2067 732 2120 sicut
763 2063 865 2134 ipsi
898 2063 1140 2134 potentia
1164 2075 1220 2116 et
1250 2063 1457 2116 divitiis
1502 2063 1570 2117 ad
1601 2064 1903 2119 nocendum
1937 2074 2181 2136 utuntur,
2212 2070 2289 2126 ita

288 2159 481 2228 timent
523 2172 588 2209 ne
635 2153 877 2226 potentia
910 2149 1252 2204 subditorum
1278 2158 1331 2204 et
1361 2150 1571 2206 divitiae
1614 2150 1693 2206 eis
1727 2153 1939 2209 nocivae
1968 2157 2287 2214 reddantur.

287 2243 440 2300 Unde
484 2248 539 2296 et
565 2240 668 2295 Job
694 2255 791 2304 xv,
821 2238 877 2295 2⁴
931 2237 999 2291 de
1037 2243 1268 2309 tyranno
1295 2236 1498 2292 dicitur
1528 2254 1539 2292 :
1580 2237 1797 2294 Sonitus
1832 2242 2065 2297 terroris
2092 2261 2293 2317 semper

285 2333 344 2388 in
370 2329 591 2386 auribus
619 2328 752 2399 ejus,
783 2333 830 2380 et
857 2341 971 2380 cum
988 2341 1101 2397 pax
1126 2326 1217 2389 sit,
1252 2325 1397 2379 nullo
1419 2325 1627 2380 scilicet
1652 2326 1853 2383 malum
1884 2329 1932 2384 ei
1965 2330 2288 2401 intentante,

287 2421 376 2476 ille
415 2433 619 2490 semper
661 2415 888 2471 insidias
927 2413 1252 2485 suspicatur.
1284 2413 1362 2468 Ex
1392 2413 1495 2468 hoc
1528 2419 1712 2470 autem
1754 2417 2043 2488 contingit,
2076 2427 2136 2476 ut
2163 2423 2293 2478 dum

291 2507 662 2584 praesidentes,
705 2503 799 2578 qui
836 2502 1086 2559 subditos
1127 2502 1194 2557 ad
1223 2503 1455 2556 virtutes
1485 2501 1740 2557 inducere
1782 2503 2067 2574 duberent‚
2102 2511 2293 2567 virtuti

289 2597 631 2653 subditorum
674 2593 925 2666 nequiter
954 2590 1217 2656 invident,
1252 2597 1307 2645 ct
1348 2606 1469 2646 eam
1499 2607 1595 2662 pro
1633 2606 1791 2663 posse
1825 2593 2147 2666 impediunt,
2192 2601 2297 2655 sub

292 2687 539 2760 tyrannis
569 2683 726 2756 pauci
753 2681 981 2740 virtuosi
1010 2679 1374 2736 inveniantur.
1406 2681 1545 2741 Nam
1571 2682 1730 2753 juxta
1756 2686 2083 2742 sententiam
2113 2689 2297 2744 Philo-

291 2775 444 2847 sophi
501 2773 644 2845 apud
699 2770 820 2826 illos
855 2770 1205 2827 inveniuntur
1248 2769 1417 2826 fortes
1473 2770 1573 2825 viri
1629 2771 1771 2843 apud
1815 2788 1951 2844 quos
2013 2774 2297 2834 fortissimi

292 2865 496 2938 quique
551 2861 903 2922 honorantur,
950 2865 1006 2913 et
1068 2868 1126 2914 ut
1173 2857 1382 2914 Tullius
1434 2859 1602 2925 dicit;
1660 2880 1684 2911 α
1734 2861 1927 2917 Jacent
1970 2879 2186 2937 semper
2242 2875 2298 2921 et

292 2967 487 3026 parum
513 2950 719 3019 vigent,
749 2961 873 3019 quae
901 2946 1046 3018 apud
1071 2963 1319 3019 quosque
1347 2948 1748 3019 improbantur.
1786 2969 1811 3000 ³>
1841 2951 2104 3008 Naturale
2129 2956 2299 3011 etiam

293 3055 396 3107 est,
440 3048 500 3094 ut
529 3036 773 3092 homines
812 3034 913 3089 sub
944 3035 1137 3090 timore
1179 3034 1390 3100 nutriti,
1438 3036 1491 3090 in
1539 3036 1790 3092 servilem
1819 3038 2148 3109 degenerent
2178 3044 2301 3097 ani-

295 3145 463 3192 mum,
491 3134 547 3182 et
567 3123 938 3198 pusillanimes
970 3121 1100 3177 fiant
1131 3122 1198 3177 ad
1228 3137 1388 3176 omne
1416 3121 1725 3218 Qopus
1752 3131 1808 3178 et
1830 3133 2130 3193 strenuum,
2156 3130 2301 3199 quod

297 3217 666 3289 experimento
708 3218 861 3287 patet
907 3212 959 3266 in
1004 3210 1296 3282 provinciis
1333 3225 1457 3282 quae
1500 3210 1592 3264 diu
1625 3210 1728 3266 sub
1770 3215 2017 3284 tyrannis
2060 3215 2385 3314 fuerunts

297 3307 450 3365 Unde
476 3302 784 3375 Apostolus,
814 3299 928 3355 (3όί.
964 3315 1052 3366 ιιι,
1085 3301 1142 3356 21
1173 3299 1307 3354 dicit
1340 3316 1352 3353 :
1379 3299 1574 3355 Patres
1592 3299 1754 3356 nolite
1782 3301 1854 3356 ad
1878 3302 2301 3374 indtynationem

297 3407 585 3468 provocare
621 3389 758 3461 filios
787 3395 1003 3453 vestros,
1047 3403 1110 3442 ne
1150 3388 1342 3459 pusillo
1375 3386 1557 3442 animo
1579 3388 1736 3458 fiant.
1769 3390 1898 3445 Haec
1938 3391 2104 3462 igitur
2131 3408 2307 3448 nocu·
2369 3417 2415 3441 --α

303 3479 484 3538 menta
529 3476 834 3554 tyrannidis
883 3493 978 3530 rex
1028 3474 1280 3532 Salomon
1332 3477 1510 3545 (Prov.
1555 3492 1766 3544 xxvm,
1817 3479 1903 3548 ⁴2)
1953 3481 2306 3537 considerans

301 3574 434 3630 dicit
475 3588 488 3626 ε
526 3565 892 3640 Remea-atibus
931 3563 1110 3636 impiis
1139 3563 1318 3618 φαίητε
1356 3563 1645 3630 hominum,
1678 3566 1806 3638 quia
1843 3566 2055 3626 scilicet
2081 3575 2175 3642 per
2207 3587 2307 3627 ne·-

303 3661 532 3735 quitiam
565 3667 921 3733 tyrannorum
951 3651 1183 3725 subjecti
1219 3668 1250 3707 a
1283 3652 1542 3708 virtutum
1576 3652 1906 3726 perfectione
1935 3657 2221 3729 deficiunt,
2250 3667 2306 3716 et

303 3753 502 3807 iterum
533 3749 670 3805 dicit
703 3744 852 3818 (ibid.
886 3759 1054 3810 xxix,
1084 3743 1131 3813 2)
1169 3758 1180 3796 ε
1216 3741 1351 3799 Cum
1387 3741 1544 3813 impii
1570 3744 1892 3814 sumpserint
1916 3745 2305 3820 principatum,

304 3845 464 3912 gemet
473 3838 699 3912 populus
717 3834 868 3910 quasi
881 3833 973 3894 sub
989 3831 1243 3890 servitute
1259 3830 1530 3900 deductu&
1548 3832 1814 3890 etiterum
1841 3833 1933 3908 (id.
1961 3851 2168 3908 xxvul,
2191 3842 2309 3913 28):
2397 3826 2403 3833 ’
