2784 4392
781 250 889 295 xv·
918 258 1004 277 --
1032 249 1114 295 DE
1157 220 1459 295 anamma
1504 230 1843 303 samen-uu
1919 304 1926 309 ,
2208 240 2324 300 353

296 364 552 437 superbis,
574 365 797 431 resistit,
824 362 1115 421 humilibus
1137 371 1314 423 autem
1355 366 1451 423 dat
1476 367 1733 437 qratiam.
1763 367 1869 423 Sed
1911 374 2063 425 tanto
2092 370 2326 441 amplius

301 454 360 507 in
401 453 646 525 principe
690 460 772 509 est
818 454 1144 519 necessaria,
1188 463 1392 525 quanto
1444 471 1538 525 per
1589 456 1943 511 eminentiam
1990 458 2077 511 sui
2124 458 2321 526 statuS,

301 540 562 595 dentibus
589 541 810 597 invidiae
848 541 1184 611 superiorem
1221 556 1327 596 non
1371 544 1633 615 patientis
1674 542 1967 599 laceratur.
2001 544 2157 614 Quod
2196 562 2331 601 con-

299 628 556 684 siderans
582 629 756 684 David
779 645 892 693 rex,
920 629 1180 686 fastuosae
1205 630 1348 699 regis
1371 630 1515 698 filiae,
1539 631 1795 686 videlicet
1823 632 2018 687 ltlichol
2045 632 2330 689 insultanti

299 724 358 771 et
403 718 621 774 dicendi
667 717 814 789 quod
862 732 1049 783 coram
1103 716 1316 773 ancillis
1361 720 1475 773 suis
1508 735 1569 775 se
1609 719 2071 793 discooperuisset
2116 722 2184 777 ad
2234 720 2333 775 Dei
2434 783 2437 785 v

299 804 522 859 laudem
569 817 624 860 et
668 806 1031 860 reverentiam
1077 804 1280 862 divinae
1317 822 1481 872 arcae,
1517 823 1641 879 quae
1674 814 1803 863 tunc
1830 824 1927 880 pro
1968 807 2191 865 numine
2224 809 2329 865 ha-

295 892 556 959 bebatur,
590 908 911 965 responsum
954 892 1125 957 dedit,
1163 901 1222 947 ut
1265 901 1419 965 patet
1458 895 1511 949 in
1556 896 1603 949 11
1655 897 1792 966 Reg.
1838 913 1918 962 vi,
1954 901 2020 953 22
2051 913 2062 951 ε
2090 896 2323 962 Luciam,

299 981 504 1051 inquit,
535 986 660 1035 aute
703 980 1009 1043 Dominum,
1041 981 1133 1051 qui
1163 981 1312 1052 eleqit
1341 998 1421 1036 me
1446 984 1624 1052 potius
1648 1000 1807 1055 quam
1835 991 2047 1055 patrem
2078 991 2227 1047 tuum
2272 994 2323 1042 et

295 1085 464 1139 quam
505 1085 708 1123 omnem
748 1068 958 1123 domum
1009 1067 1139 1138 ejus,
1171 1074 1220 1123 et
1257 1068 1513 1141 praecipit
1554 1071 1689 1125 mihi
1725 1080 1971 1129 messem
2006 1073 2118 1128 dux
2161 1090 2325 1145 super

287 1156 554 1227 populum
596 1156 814 1212 Domini
859 1155 919 1210 in
967 1156 1160 1211 Israel.
1206 1156 1282 1211 Et
1321 1156 1521 1223 ludam,
1556 1165 1608 1214 et
1648 1159 1811 1215 vilior
1850 1160 2000 1231 fiam,
2040 1162 2324 1233 plusquam

294 1242 477 1311 factus
505 1260 644 1309 sum,
673 1250 726 1299 et
753 1259 843 1297 ero
869 1242 1086 1297 humilis
1115 1242 1174 1296 in
1212 1243 1374 1297 oculis
1399 1243 1549 1298 meis.
1580 1244 1755 1313 Quam
1791 1246 2036 1317 regulam
2070 1246 2321 1305 Christus

294 1346 523 1384 servare
566 1332 738 1385 voluit
773 1330 825 1383 in
865 1344 922 1382 se
967 1328 1104 1399 ipSO,
1145 1329 1445 1384 secundum
1491 1330 1827 1387 voluntatem
1858 1334 1956 1388 Dei
1998 1335 2196 1403 Patris,
2224 1352 2321 1407 per

297 1408 628 1489 Piophetam
671 1416 991 1473 Zachariam
1031 1408 1471 1487 praenuntiatam,
1510 1435 1675 1490 quam
1719 1421 2069 1492 Evangelista
2121 1424 2314 1479 Matth.

297 1522 426 1571 xxi,
463 1509 515 1572 5,
550 1507 604 1560 in
639 1505 854 1561 Christo
881 1503 1234 1573 adimpletam
1265 1520 1384 1559 esse
1412 1508 1727 1575 pronuntiat
1757 1523 1772 1562 t
1806 1510 1961 1573 Ecce,
1990 1508 2187 1581 inquit,
2218 1528 2318 1581 rect·

297 1603 426 1651 tuus
467 1596 612 1648 venit
645 1593 740 1648 tibi
774 1599 1098 1655 mansuetus,
1119 1590 1298 1645 sedens
1346 1608 1508 1662 super
1556 1594 1769 1649 asinam
1817 1603 1867 1651 et
1900 1597 2109 1667 pullum
2146 1598 2319 1667 filium

297 1680 613 1755 subjuyalis.
643 1680 798 1749 Quod
844 1678 888 1733 si
917 1678 1188 1749 principes
1217 1679 1405 1732 mundi
1428 1678 1495 1733 de
1523 1679 1833 1736 humilitate
1863 1686 2317 1741 commendantur

299 1781 354 1830 et
391 1774 737 1843 paupertate,
769 1784 862 1839 per
902 1781 1028 1839 quae
1056 1766 1282 1837 gratiosi
1331 1766 1463 1821 facti
1508 1777 1633 1823 sunt
1690 1769 1946 1837 subditis,
1974 1777 2030 1826 et
2078 1773 2318 1844 ipsorum

296 1866 686 1932 prosperatum
725 1862 809 1911 est
849 1853 1170 1919 dominium,
1225 1870 1397 1926 quare
1446 1871 1552 1911 non
1602 1859 1775 1927 magis
1809 1860 2317 1917 commendabimus

293 1948 604 2020 perfectam
646 1944 1011 2000 humilitatem
1053 1942 1274 1999 Christi.
1313 1943 1517 1999 Scribit
1562 1944 1705 2000 enim
1762 1946 2011 2002 Valerius
2052 1950 2320 2007 Maximus

294 2036 389 2091 lib.
436 2036 536 2100 XI,
555 2034 624 2089 de
667 2034 843 2091 Codro
887 2032 1204 2089 Atheniensi
1242 2047 1388 2103 rege,
1419 2039 1473 2087 et
1517 2033 1856 2104 Augustinus
1902 2037 1979 2091 De
2024 2036 2143 2093 Giv.
2199 2039 2319 2106 Dei,

301 2125 448 2197 quod
479 2139 605 2179 cum
629 2121 1025 2192 Peloponenses
1051 2126 1354 2191 pugnarent
1373 2128 1567 2176 contra
1598 2120 1977 2194 AthenienseS,
2006 2142 2073 2180 ex
2097 2128 2319 2183 consul-

301 2215 514 2271 tatione
551 2210 817 2284 Apollinis
861 2210 1193 2264 certioratus
1231 2215 1332 2273 est,
1363 2209 1509 2279 quod
1551 2208 1640 2263 ille
1664 2213 1939 2266 exercitus
1969 2213 2316 2285 praevaleret,

296 2302 462 2373 cujus
487 2300 597 2353 dux
627 2298 788 2353 morti
814 2297 1112 2351 dicaretur.
1139 2294 1292 2349 Unde
1326 2310 1421 2349 rex
1452 2295 1658 2351 Codrus
1688 2313 1788 2369 pro
1829 2298 2008 2355 salute
2034 2318 2149 2358 suae
2179 2320 2316 2373 gen-

303 2390 395 2457 tis,
427 2389 481 2443 in
513 2384 688 2455 effigie
715 2384 974 2457 pauperis
1000 2399 1057 2437 se
1083 2382 1330 2437 hostibus
1358 2382 1797 2440 interficiendum
1824 2386 2043 2443 obtulit.
2084 2390 2318 2463 Ipsoque

302 2482 522 2533 mortuo
577 2476 634 2529 in
685 2473 870 2543 fugam
902 2472 1046 2528 versi
1084 2479 1210 2527 sunt
1236 2470 1441 2525 hostes.
1492 2472 1721 2543 Propter
1772 2475 1919 2546 quod
1956 2466 2319 2535 Athenienses

300 2567 484 2638 ipsum
524 2561 666 2618 iuter
694 2562 827 2617 deos
856 2558 1172 2616 asserebant
1201 2558 1368 2613 fuisse
1401 2558 1746 2614 translatum.

375 2652 570 2711 Tradit
610 2650 776 2707 etiam
831 2650 978 2705 idem
1022 2647 1360 2717 Augustinus
1399 2647 1456 2702 in
1500 2646 1727 2719 praefato
1775 2646 1933 2716 libro,
1977 2655 2031 2705 et
2070 2651 2319 2711 Valerius

301 2743 574 2799 Maximus
619 2740 688 2795 de
737 2738 1064 2811 quibusdam
1105 2735 1420 2792 consulibus
1464 2737 1705 2791 romanis
1752 2743 1807 2793 et
1861 2738 2028 2795 Lucio
2076 2740 2313 2807 Valeri0‚

303 2832 454 2906 quod
485 2832 718 2885 intanta
745 2834 990 2883 mortuus
1014 2833 1098 2883 est
1125 2826 1426 2897 indigentia
1462 2832 1522 2881 ut
1550 2834 1875 2898 cogerentur
1906 2827 2067 2884 amici
2116 2830 2319 2887 collec-

301 2926 424 2975 tam
466 2917 647 2972 facere
676 2931 1019 2971 nummorum
1055 2930 1151 2985 pro
1180 2916 1298 2985 ejus
1322 2914 1624 2986 sepultura.
1652 2914 1934 2973 Fabricius
1977 2919 2145 2975 etiam
2184 2934 2317 2975 con-

303 3007 398 3077 sul,
419 3006 488 3061 de
513 3004 614 3061 hoc
644 3003 762 3077 ipso
789 3017 1000 3057 summe
1027 3002 1462 3056 commendatur.⁴
1489 3002 1643 3059 Unde
1666 3002 1857 3059 scribit
1885 3004 2032 3060 idem
2066 3006 2319 3063 Valerius

303 3096 574 3153 Maximus
603 3098 659 3149 et
696 3090 950 3161 Vegetius
989 3090 1066 3144 De
1102 3104 1162 3141 re
1198 3088 1359 3143 milit.
1402 3086 1497 3143 lib.
1529 3088 1619 3154 IV,
1663 3096 1718 3144 et
1747 3090 1957 3146 dictum
2000 3102 2083 3148 est
2132 3108 2317 3165 supra,

301 3184 455 3258 quod
498 3179 624 3239 cum
671 3184 816 3235 esset
861 3192 960 3250 par
1005 3174 1299 3247 unicuique
1333 3175 1604 3245 pauperi,
1646 3182 1702 3230 et
1750 3176 1917 3247 legati
1972 3180 2320 3251 Epirotarum

302 3287 566 3343 magnum
610 3268 726 3324 auri
777 3266 986 3340 pondus
1027 3264 1205 3319 eidem
1245 3263 1525 3331 offerrent,
1559 3278 1623 3318 eo
1660 3274 1968 3336 recusante,
2006 3288 2031 3320 α
2059 3269 2320 3345 Narrate,

303 3360 506 3433 inquit,
539 3356 776 3429 Epirotis
815 3370 902 3409 mo
943 3351 1106 3409 malle
1147 3350 1268 3407 haec
1305 3350 1633 3406 habentibus
1671 3351 1961 3425 imperare,
1990 3372 2153 3427 quam
2204 3360 2318 3431 ipsa

302 3446 608 3521 possidere.
646 3462 672 3494 ι)
717 3441 860 3511 Quid
907 3439 1028 3511 plus
1079 3436 1431 3493 insistimus?
1474 3436 1676 3493 Omnes
1723 3440 1906 3510 magni
1950 3443 2223 3515 principes
2266 3453 2322 3501 et

303 3532 619 3593 monarchae
639 3546 764 3587 cum
790 3528 1100 3599 humilitate
1123 3525 1555 3598 subjugaverunt
1584 3526 1863 3595 mundum,
1898 3530 1991 3584 sed
2022 3545 2148 3586 cum
2178 3532 2322 3589 fastu

304 3622 564 3681 elationis
589 3618 942 3691 perdiderunt
965 3616 1288 3682 dominium,
1309 3621 1371 3670 ut
1409 3614 1661 3687 superius
1705 3620 1790 3671 est
1838 3622 2066 3673 tactum.
2097 3621 2323 3693 Propter

305 3712 454 3785 quod
488 3711 542 3765 in
565 3708 714 3765 Eccl.
745 3692 838 3773 tu,
871 3707 958 3771 20,
989 3703 1248 3759 scribitur
1277 3719 1288 3757 z
1327 3702 1535 3767 Quanto
1560 3718 1783 3773 maynus
1807 3720 1876 3769 es,
1907 3705 2145 3763 humilia·
2174 3716 2225 3765 te
2266 3710 2323 3765 in

304 3797 570 3866 omnibus,
591 3804 640 3853 et
668 3811 847 3852 coram
880 3794 989 3850 Deo
1019 3791 1254 3847 invenies
1278 3790 1537 3862 qratiam.
1566 3790 1814 3864 Amplius
1852 3802 2034 3850 autem
2071 3796 2115 3851 si
2150 3798 2325 3855 virtus

813 3914 860 3958 S.
887 3913 1040 3957 Tuon.
1069 3914 1152 3961 Ao.
1189 3910 1454 3955 Oruscum.
1485 3926 1527 3942 -
1580 3907 1652 3954 lll.
1686 3929 1741 3943 -
1767 3906 1827 3955 23
