2784 4392
453 174 574 236 222
930 199 982 244 s.
1029 198 1262 244 ‘monne
1304 199 1635 249 acuimus
1673 196 1983 245 croscum
2018 263 2023 270 ἡ

457 310 636 367 nearis
670 326 682 367 ε
727 332 753 365 α
787 309 965 370 Etiam
995 314 1266 390 cumipse
1298 332 1406 375 non
1454 314 1743 390 quaeritur.
1789 333 1817 369 n
1862 313 1943 371 Ex
1982 328 2093 389 quo
2136 319 2288 386 patet
2316 308 2465 386 quod

452 405 766 458 sanctorum
812 403 1236 475 praedicatorum
1278 414 1359 462 est
1400 405 1616 478 iniquos
1652 403 1995 480 perturbare,
2028 402 2198 460 etiam
2237 418 2333 460 eos
2369 399 2465 475 qui

454 489 535 543 eis
562 489 844 549 molestias
873 509 982 550 non
1009 494 1268 551 inferunt.
1301 495 1407 553 Sed
1439 501 1620 552 tamen
1663 494 1767 550 hoc
1794 501 1901 551 n'on
1945 492 2153 550 faciunt
2196 491 2371 548 sancti
2399 507 2467 545 ex

454 578 599 648 odio,
631 581 723 636 sed
751 597 818 638 ex
841 597 1061 652 amore;
1096 584 1238 640 unde
1265 584 1433 641 ICor.
1458 599 1515 652 v,
1544 587 1574 638 3
1605 599 1769 656 super
1797 582 1931 638 illud
1966 599 1979 636 :
2015 579 2250 638 Tradere
2276 581 2469 652 hujus-

457 667 598 722 modi
627 669 894 728 hominem·
912 672 1126 729 Satanoe
1152 673 1212 728 in
1240 671 1528 730 interitum
1557 671 1761 737 earnis,
1790 677 1851 726 ut
1888 670 2119 743 spiritus
2146 670 2323 726 salvus
2344 669 2464 740 fiat,

458 755 590 811 dicit
623 757 816 816 Glossa
851 775 866 816 z
910 781 936 814 α
969 761 1048 816 Ex
1075 762 1158 818 his
1193 761 1376 817 verbis
1418 761 1733 817 manifestat
1773 758 2071 833 Apostolus
2095 775 2153 814 se
2180 774 2287 812 non
2317 757 2463 822 odi0,

459 845 552 900 sed
593 862 776 903 amore
807 848 940 905 illud
970 849 1184 906 fecisse.
1220 869 1246 902 »
1288 850 1356 904 Et
1385 849 1524 905 infra
1565 867 1577 904 :
1622 869 1648 901 α
1690 849 1780 904 Sic
1820 855 1877 902 et
1906 847 2109 913 Heliae,
2150 852 2205 902 et
2242 845 2331 901 alii
2364 846 2466 899 viri

461 933 585 988 boni
613 937 868 993 nonnulla
902 943 1127 1009 peccata
1158 949 1332 994 morte
1359 939 1669 1011 punierunt,
1703 937 1831 1010 quia
1862 936 1944 992 sic
1975 936 2283 992 viventibus
2319 933 2469 989 utilis

467 1029 642 1078 metus
667 1025 1064 1096 incutiebatur,
1095 1032 1151 1082 et
1176 1028 1285 1082 illis
1305 1029 1398 1100 qui
1432 1033 1605 1082 morte
1630 1025 2014 1099 puniebantur,
2048 1040 2156 1080 non
2182 1025 2298 1095 ipsa
2326 1027 2469 1077 mors

464 1110 713 1176 nocebat,
746 1113 841 1168 sed
873 1121 1157 1186 peccatum
1187 1117 1332 1188 quod
1365 1116 1548 1187 augeri
1588 1121 1768 1187 posset
1796 1114 1840 1169 si
1881 1115 2145 1179 viverent,
2182 1112 2471 1167 minueba-

469 1207 574 1252 tur.
607 1218 632 1249 ›>
665 1201 817 1256 Unde
842 1216 946 1257 non
976 1204 1193 1276 proprio
1217 1205 1525 1275 persecutio
1546 1209 1727 1276 potest
1757 1202 1886 1270 dici,
1918 1217 2082 1274 quam
2114 1201 2287 1258 sancti
2316 1200 2471 1256 malis

469 1286 722 1352 inserunt,
763 1305 890 1345 cum
935 1307 1042 1346 non
1083 1291 1324 1347 totaliter
1353 1306 1449 1346 eos
1486 1293 1863 1363 insequantur,
1899 1297 1958 1345 ut
1998 1291 2051 1346 in
2097 1289 2238 1346 malo
2281 1304 2470 1344 eorum

470 1375 629 1430 finem
650 1379 1004 1447 constituant,
1033 1380 1128 1434 sed
1151 1381 1207 1434 in
1233 1379 1372 1435 bono
1400 1393 1587 1434 eorum
1615 1386 1674 1435 ut
1698 1380 2058 1452 corrigantur,
2084 1379 2167 1433 vel
2189 1394 2220 1434 a
2244 1385 2471 1450 peccato

469 1463 752 1533 desistant,
796 1467 882 1524 vel
925 1467 1118 1524 saltem
1164 1467 1217 1523 in
1250 1469 1390 1524 bono
1434 1467 1667 1524 aliorum
1705 1474 1759 1523 et
1800 1477 1952 1524 metu
1980 1472 2354 1531 coerceantur,
2388 1464 2470 1520 vel

472 1553 540 1608 ab
579 1553 758 1626 impiis
799 1556 1117 1613 liberentur.
1153 1556 1463 1630 Aliquando
1498 1564 1678 1612 tamen
1709 1555 2107 1630 persecutionis
2145 1570 2340 1611 nomen
2380 1568 2470 1608 ac-

471 1643 603 1714 cipit
627 1645 890 1716 praedicta
921 1647 1131 1719 punitio
1157 1653 1376 1719 propter
1408 1661 1583 1718 poenae
1614 1646 2048 1702 similitudinem.
2074 1645 2225 1701 Unde
2254 1647 2470 1714 Augus-

478 1732 620 1786 tinus
650 1734 718 1788 ad
756 1734 1091 1790 Bonifacium
1123 1736 1400 1799 comitem,
1434 1741 1489 1792 et
1516 1734 1749 1790 habetur
1780 1750 1972 1808 xxxin
2013 1733 2334 1806 quaestione.
2375 1747 2472 1786 ca-

476 1822 588 1890 pite
626 1835 703 1886 1v,
734 1820 793 1904 Si
823 1823 1058 1878 Ecclesia
1103 1840 1116 1877 ε
1153 1843 1176 1874 «
1211 1825 1266 1880 Si
1293 1840 1481 1878 verum
1512 1824 1695 1880 dicere
1734 1823 1817 1878 vel
1846 1838 2173 1894 cognoscere
2204 1821 2468 1887 volumus,

477 1905 781 1979 persecutio
806 1918 888 1966 est
917 1909 1137 1980 injusta,
1171 1927 1333 1983 quam
1357 1912 1509 1984 impii
1540 1912 1747 1968 iaciunt
1773 1911 2030 1968 Ecclesiae
2047 1909 2245 1967 Christi
2268 1927 2281 1978 ;
2299 1912 2471 1982 justa,

477 2011 640 2067 quam
670 1996 796 2053 facit
827 1997 1071 2054 Ecclesia
1099 1997 1297 2054 Christi
1328 1999 1531 2069 impiis,
1569 2019 1593 2051 n

547 2083 813 2139 Item.-ln
854 2085 1050 2140 Psalm.
1100 2100 1246 2151 xvn,
1281 2090 1346 2142 38
1399 2104 1411 2140 :
1453 2087 1757 2160 Persequar
1796 2085 2039 2142 inimicos
2074 2101 2275 2142 meos...
2320 2083 2478 2139 donee

478 2169 744 2242 deficiant.
807 2173 875 2228 Et
918 2173 1046 2229 alibi
1087 2175 1284 2230 Psalm.
1336 2193 1384 2243 e,
1428 2177 1460 2229 5
1511 2193 1523 2229 :
1570 2176 1944 2232 Detraheutem
1983 2181 2177 2230 secreto
2230 2173 2477 2246 proximo

479 2275 594 2325 su0,
611 2259 746 2316 laune
769 2263 1136 2334 persequebar.

552 2349 634 2406 Ad
675 2350 728 2405 id
763 2367 892 2422 ergo
935 2353 1078 2424 quod
1124 2352 1298 2425 primo
1336 2353 1611 2425 objicitur,
1659 2353 1948 2409 dicendum
1990 2331 2138 2424 quod
2184 2352 2323 2408 sicut
2360 2351 2509 2422 jam„

485 2437 771 2510 probatum
807 2449 906 2508 est,
943 2442 1114 2498 sancti
1148 2458 1249 2498 non
1295 2460 1360 2498 ex
1398 2444 1541 2510 odio,
1569 2443 1664 2498 sed
1699 2458 1767 2497 ex
1792 2456 1974 2498 amore
2018 2441 2187 2498 malos
2227 2441 2476 2513 puniunt,

483 2528 564 2583 vel
597 2529 772 2600 puniri
799 2540 1124 2602 procurant;
1158 2533 1213 2586 in
1239 2532 1338 2588 hoc
1359 2532 1503 2588 enim
1533 2533 1611 2587 eis
1637 2547 1743 2586 non
1769 2537 1985 2597 nocent,
2016 2530 2110 2585 sed
2144 2535 2385 2602 prosunt,
2417 2531 2506 2582 ut'

481 2632 646 2689 supra
669 2618 874 2674 dictum
900 2625 1004 2674 est.

551 2705 634 2760 Ad
677 2707 973 2762 secundum
1016 2707 1324 2774 dicendum,
1366 2707 1512 2780 quod
1552 2707 1936 2778 praedicatores
1966 2721 2070 2763 non
2119 2705 2317 2761 debent
2357 2704 2483 2760 aliis

487 2793 626 2851 mala
664 2794 881 2860 inferre,
923 2803 982 2850 ut
1035 2811 1220 2851 eorum
1261 2797 1488 2852 intentio
1536 2795 1589 2850 in
1620 2795 1777 2851 malis
1813 2810 2000 2850 eorum
2038 2795 2285 2867 quiescat
2321 2796 2479 2864 quasi

485 2884 657 2954 poenis
697 2882 1054 2953 delectentur,
1088 2883 1287 2938 debent
1320 2892 1503 2940 tamen
1547 2883 1689 2939 mala
1720 2899 1895 2955 poeuae
1925 2883 2123 2938 inferre
2152 2883 2234 2937 vel
2266 2899 2361 2955 per
2396 2897 2478 2946 se,

486 2973 566 3026 vel
594 2989 689 3044 per
717 2973 869 3040 alios,
904 2979 1124 3046 propter
1145 2973 1344 3028 bonum
1368 2972 1454 3028 vel
1482 2974 1599 3043 ejus
1628 2972 1718 3044 qui
1754 2973 1993 3044 punitur,
2023 2970 2108 3026 vel
2139 2970 2388 3074 aliorum,
2420 2979 2483 3024 ut

485 3061 633 3132 prius
661 3061 868 3118 dictum
897 3069 1000 3117 est.

553 3151 632 3205 Ad
664 3151 882 3206 tertium
912 3149 1219 3216 dicendum,
1247 3151 1389 3222 quod
1424 3151 1513 3204 ille
1538 3151 1629 3222 qui
1665 3167 1729 3206 ex
1756 3150 1869 3205 zelo
1903 3148 2207 3213 charitatiS,
2250 3147 2484 3218 alicujus

485 3239 818 3309 punitionem
839 3245 1111 3311 procurat,
1139 3253 1243 3293 non
1262 3239 1440 3294 reddit
1460 3239 1659 3295 malum
1677 3255 1773 3312 pro
1792 3237 1951 3304 malO,
1971 3237 2063 3293 sed
2089 3237 2261 3306 magis
2278 3235 2483 3290 bonum

487 3339 580 3397 pro
601 3323 762 3394 male,
796 3325 1054 3400 cum'ipsa
1075 3342 1233 3398 poena
1261 3329 1332 3382 sit
1353 3327 1503 3382 utilis
1522 3329 1570 3383 ei
1598 3329 1691 3400 qui
1720 3327 1960 3398 punitur.
1982 3325 2277 3382 Suntenim
2306 3339 2484 3396 poenae

486 3413 768 3470 medicinae
815 3417 1086 3488 quaedam,
1137 3425 1198 3471 ut
1245 3417 1290 3470 ll
1336 3415 1514 3471 Ethie.
1557 3417 1777 3482 dicitur,
1824 3423 1877 3470 et
1923 3412 2213 3486 Dionysius
2253 3413 2385 3467 dicit
2428 3414 2481 3468 in

484 3519 605 3578 cap.
640 3520 696 3560 tv
727 3505 801 3559 De
835 3491 946 3561 dio.
981 3503 1137 3563 Nom.
1174 3521 1192 3563 .·
1228 3525 1252 3556 <t
1287 3506 1465 3560 Puniri
1511 3520 1616 3560 non
1646 3511 1729 3560 est
1774 3504 1998 3568 malum,
2039 3503 2133 3558 sed
2166 3498 2280 3575 lieri
2321 3515 2483 3572 poena

485 3593 726 3664 dignum.
767 3611 794 3644 ›>
839 3592 1098 3649 Similiter
1141 3593 1243 3649 hoc
1276 3595 1419 3665 quod
1470 3594 1817 3666 prohibemur
1858 3592 2201 3648 adversarios
2237 3590 2481 3657 referire,

487 3677 893 3754 intelligendum
919 3685 1000 3736 est
1029 3696 1094 3734 ne
1117 3679 1437 3735 referiainus
1464 3699 1528 3735 rx
1553 3682 1676 3736 odio
1699 3681 1780 3735 vel
1814 3679 1981 3734 livore
2004 3677 2283 3735 vindictae.

556 3769 639 3824 Ad
665 3776 923 3840 quartum
946 3767 1256 3838 dicendum,
1283 3769 1427 3839 quod
1458 3771 1654 3834 sancti,
1684 3770 1823 3824 sicut
1848 3769 2054 3824 dictum
2084 3775 2186 3836 est,
2216 3766 2351 3821 alios
2376 3783 2485 3822 non

814 3863 854 3884 Q
