2784 4392
433 289 550 363 158
905 317 962 366 s.
1003 312 1239 366 meua
1277 315 1608 372 somus-ns
1646 312 1965 368 censeam

431 435 601 494 validi
655 441 714 494 et
760 433 950 506 fortes,
1001 443 1162 512 potos
1209 435 1269 495 in
1302 438 1565 512 prasenti
1586 437 1761 495 multa
1798 441 2119 510 expectare,
2154 447 2287 494 cum
2328 434 2449 494 sint

433 525 734 586 familiares
761 528 1090 601 potentium.
1118 529 1262 602 Ergo
1303 528 1507 586 talibus
1536 543 1644 586 non
1668 535 1801 585 sunt
1827 527 2194 600 eleemosynas
2220 525 2441 583 dandae.

503 618 661 673 Item.
701 617 1041 691 Augustinus
1087 619 1156 676 ad
1202 617 1553 676 vincentium
1592 617 1940 674 Donatistam
1968 631 1983 672 ι
2012 634 2039 668 ιι
2066 614 2271 672 Utilius
2308 630 2444 671 esu-

435 705 596 764 rienti
625 709 784 780 panis
809 708 1040 770 tollitur.
1066 708 1114 764 si
1145 709 1218 765 de
1257 709 1382 766 cibo
1408 723 1637 766 securus
1670 707 1947 779 iustitiam
1987 704 2249 777 negligat,
2277 717 2445 778 quam

436 797 613 852 eidem
638 797 796 870 panis
819 797 1110 870 frangitur,
1139 807 1200 856 ut
1233 797 1508 870 injustitia
1536 797 1797 854 seductus
1826 795 2178 868 acquiescat;
2204 795 2301 851 sed
2346 794 2445 868 qui

437 899 546 940 non
569 883 688 942 vult
713 885 932 958 operari
959 881 1320 958 corporaliter
1342 885 1415 942 ad
1442 885 1653 942 victum
1678 883 2037 957 quaerendum
2074 897 2203 939 cum
2249 883 2443 955 possit,

439 971 525 1028 vel
555 971 650 1044 qui
687 980 868 1046 potest
909 974 1126 1031 aliunde
1153 975 1363 1032 victum
1408 974 1615 1030 habere
1640 973 1759 1028 sine
1786 979 2035 1046 peccato,
2064 972 2113 1027 si
2151 975 2325 1044 petat,
2356 971 2449 1026 in-

435 1063 583 1133 juste
631 1063 767 1134 agit,
801 1082 828 1115 »
857 1069 915 1118 ιιι
945 1067 1148 1136 ιροιιιει
1189 1063 1409 1137 probari
1460 1079 1557 1136 per
1607 1061 1781 1118 multa
1828 1077 1959 1136 quae
2006 1061 2261 1134 superius
2315 1072 2449 1117 sunt

444 1149 686 1208 inducta.
714 1150 857 1223 Ergo
881 1151 1083 1208 talibus
1107 1153 1270 1209 debet
1296 1152 1453 1226 panis
1470 1151 1741 1210 subtrahi.

511 1239 674 1296 Item.
709 1239 846 1296 Luc.
883 1256 962 1309 vr,
989 1249 1150 1314 supet
1177 1241 1312 1300 illud
1344 1259 1358 1297 ι
1387 1241 1549 1299 Omni
1580 1239 1785 1314 petenti
1820 1246 1869 1297 u
1904 1237 2171 1305 retribuo,
2198 1239 2397 1297 Glossa
2428 1253 2445 1297 z

446 1348 472 1380 α
501 1325 658 1396 Rem,
679 1327 767 1385 vel
791 1328 1221 1401 correptionem3
1252 1349 1279 1382 ιι
1312 1338 1367 1386 et
1395 1345 1560 1402 super
1592 1327 1727 1384 illud
1760 1327 1955 1384 matth.
1983 1343 2019 1384 v
2052 1343 2067 1382 ι
2096 1327 2205 1394 Qui
2233 1327 2374 1400 petit
2414 1343 2453 1382 a
2474 1320 2487 1330 '

445 1423 514 1484 te,
541 1417 611 1473 da
635 1417 705 1484 ei,
732 1417 867 1473 dicit
897 1417 1090 1474 Glossa
1115 1436 1128 1472 ε
1157 1439 1184 1472 α
1213 1419 1316 1488 Ita,
1347 1417 1563 1474 scilicet
1592 1424 1653 1474 ut
1680 1431 1785 1474 nec
1826 1417 1925 1475 tibi
1955 1423 2171 1484 noceat,
2202 1431 2305 1473 nec
2330 1415 2448 1472 alii.

449 1506 729 1564 Pensanda
749 1513 832 1563 est
855 1507 1000 1563 enim
1018 1507 1261 1580 justitia.
1284 1509 1369 1564 Ita
1408 1508 1555 1564 enim
1582 1508 1729 1564 omni
1772 1507 1980 1579 petenti
2005 1505 2182 1573 dabie,
2212 1506 2316 1562 etsi
2341 1519 2449 1561 non

446 1593 503 1653 id
545 1595 693 1670 quod
742 1597 900 1668 petit,
931 1597 1028 1654 sed
1064 1595 1280 1666 melius,
1325 1613 1451 1653 cum
1498 1598 1699 1669 injuste
1740 1602 2018 1668 petentem
2060 1594 2385 1652 correxeris.
2422 1611 2451 1645 ιι

445 1686 553 1743 Sed
582 1685 673 1743 ille
699 1685 795 1760 qui
837 1693 1022 1760 potest
1047 1686 1302 1744 manibus
1332 1687 1603 1752 laborare.
1630 1685 1678 1741 si
1708 1689 1855 1758 petat
1901 1683 2005 1740 sibi
2046 1674 2453 1756 eleemosynam

447 1775 587 1842 dari,
610 1773 814 1846 injuste
841 1775 1000 1846 petit,
1031 1781 1094 1830 ut
1121 1775 1413 1848 probatum
1440 1782 1547 1831 est.
1576 1775 1718 1846 Ergo
1742 1769 1919 1845 magis
1945 1773 2170 1830 deberet
2193 1771 2301 1829 sibi
2330 1771 2449 1828 dari

448 1861 752 1936 correpti0‚
797 1877 964 1936 quem
1009 1877 1102 1920 res
1155 1865 1358 1937 petita,
1406 1871 1467 1920 ut
1502 1864 1583 1920 ita
1620 1862 1690 1920 ab
1732 1863 1935 1936 injusta
1970 1863 2239 1936 petitione
2288 1875 2455 1918 aver-

451 1959 622 2010 tatur.

521 2045 677 2100 Item.
696 2043 1034 2116 Augustinus
1059 2041 1131 2100 ad
1158 2042 1506 2101 vincentium
1534 2041 1881 2101 Donatistam
1904 2058 1924 2098 -z
1953 2043 2149 2116 «Saepe
2168 2039 2296 2098 mali
2318 2055 2456 2114 per-

453 2133 625 2190 secuti
655 2141 781 2188 sunt
806 2132 996 2202 bonos,
1029 2135 1085 2188 et
1111 2131 1236 2188 boni
1280 2132 1473 2204 malos»,
1499 2131 1578 2189 illi
1623 2134 1868 2190 nocendo
1894 2149 1989 2206 per
2022 2131 2373 2204 injustitiam,
2395 2137 2455 2187 et

454 2223 545 2279 isti
585 2221 917 2280 consulendo
969 2237 1065 2294 per
1113 2220 1480 2296 disciplinam.
1512 2241 1539 2276 a
1564 2223 1707 2296 Ergo
1750 2223 1877 2280 boni
1932 2229 2161 2295 possunt
2197 2221 2453 2294 persequi

454 2311 627 2368 malos
677 2327 844 2368 causa
880 2309 1217 2385 disciplinae;
1259 2311 1356 2368 sed
1393 2313 1651 2386 quaedam
1690 2314 2003 2386 persecutio
2036 2319 2156 2391 ρει,
2182 2319 2245 2368 ιιι
2297 2310 2456 2384 panis

455 2400 616 2480 alicui
639 2398 1011 2457 subtrahatur.
1035 2399 1179 2473 Ergo
1203 2399 1479 2474 aliquibus
1500 2401 1595 2475 qui
1624 2408 1752 2458 sunt
1768 2401 1915 2470 mali,
1942 2401 2105 2458 debet
2134 2401 2291 2474 panis
2318 2398 2455 2456 sub-

457 2490 619 2561 trahi,
647 2496 710 2546 ut
735 2491 1100 2563 corrigantur,
1131 2497 1187 2548 et
1217 2490 1491 2565 praecipue
1516 2493 1565 2548 si
1590 2507 1785 2566 panem
1812 2491 2045 2564 petendo
2074 2495 2323 2564 peccent.
2344 2489 2451 2546 Sed

455 2581 621 2638 validi
651 2581 1026 2639 mendicantes
1053 2587 1284 2654 peccant
1311 2582 1481 2638 etiam
1507 2581 1554 2638 si
1594 2580 1912 2654 praedicent,
1945 2587 2008 2637 ut
2030 2579 2319 2653 probatum
2346 2584 2452 2636 est.

360 2739 365 2744 ·
453 2669 595 2741 Ergo
620 2668 822 2727 talibus
845 2669 1007 2727 debet
1027 2671 1186 2743 panis
1207 2669 1483 2748 subtrahi.

522 2759 681 2815 Item.
719 2759 1056 2827 Ambrosius»,
1089 2759 1145 2814 in
1171 2757 1194 2813 1
1217 2759 1314 2816 lib.
1337 2760 1420 2816 De
1444 2759 1577 2832 offic.
1612 2775 1633 2817 r
1658 2779 1689 2814 ιι
1720 2759 2128 2818 consideranda
2158 2765 2245 2816 est
2286 2757 2451 2814 etiam

456 2850 511 2905 in
539 2847 819 2919 largiendo
841 2853 998 2915 aetas,
1021 2855 1189 2920 atque
1209 2845 1485 2916 debilitaS,
1500 2847 1715 2906 scilicet
1737 2850 1857 2922 ejus
1878 2849 1966 2905 cni
1980 2848 2146 2906 datur
2164 2864 2178 2918 ;
2198 2861 2454 2904 nonnun-

456 2951 621 3010 quam
649 2935 817 2993 etiam
842 2936 1190 3005 verecundia,
1223 2953 1349 3011 quae
1379 2939 1647 3011 ingenuos
1672 2937 1855 3011 prodit
1881 2937 2111 3005 nataleS,
2139 2944 2198 2993 ut
2236 2935 2455 2994 senibus

455 3023 575 3098 plus
606 3023 858 3097 largiaris
897 3026 993 3099 qui
1029 3025 1138 3082 sibi
1182 3025 1368 3083 labore
1391 3028 1513 3100 jam
1546 3043 1654 3084 non
1686 3033 1895 3100 queunt
1937 3027 2148 3085 victum
2180 3037 2453 3098 quaerere.

453 3111 717 3170 Similiter
745 3120 801 3170 et
829 3113 1084 3170 debilitas
1111 3115 1376 3188 corporis,
1404 3123 1461 3171 et
1489 3115 1608 3172 haec
1628 3116 1871 3188 juvanda
1898 3115 2221 3190 promptiusi,
2252 3119 2370 3168 tum
2406 3114 2454 3168 si

455 3202 578 3276 quis
601 3218 667 3258 ex
693 3202 902 3260 divitiis
933 3202 1136 3260 cecidit
1173 3205 1227 3260 in
1257 3210 1579 3276 egestatem,
1614 3212 1670 3261 et
1701 3205 1935 3261 maxime
1962 3208 2007 3262 εἰ
2040 3220 2145 3260 non
2170 3203 2309 3260 vitio
2330 3213 2451 3268 suo,

453 3291 549 3348 sed
581 3301 678 3348 aut
703 3287 1022 3359 latrociniis,
1037 3297 1134 3347 aut
1169 3292 1587 3365 proscriptione,
1602 3297 1701 3349 aut
1726 3291 2035 3359 calumniis,
2057 3305 2183 3365 quae
2218 3287 2457 3367 habebat

456 3381 661 3438 amisit.
694 3401 720 3433 ι»
751 3381 830 3436 Ex
851 3396 962 3454 quo
989 3389 1162 3453 patet,
1188 3380 1338 3454 quod
1376 3382 1432 3436 in
1473 3381 1559 3438 his
1590 3379 1791 3454 quibus
1830 3381 2031 3437 dantur
2072 3381 2453 3453 eleemosynas,

452 3471 908 3528 considerandum
937 3476 1021 3527 est
1055 3467 1101 3526 si
1143 3479 1274 3527 sunt
1311 3469 1522 3527 debiles
1546 3483 1792 3543 corpore,
1824 3477 1921 3525 aut
1941 3469 2258 3536 verecundi,
2286 3475 2382 3523 aut
2408 3464 2455 3520 sl

452 3559 593 3616 bona
632 3561 736 3618 sna
779 3559 1062 3617 latrocinio
1105 3565 1202 3616 aut
1243 3561 1639 3633 proscriptione
1686 3560 2006 3616 amiserunt.
2036 3559 2145 3616 Sed
2194 3567 2458 3629 pauperes

453 3649 639 3716 validi,
672 3648 768 3723 qui
801 3665 862 3718 se
899 3649 970 3706 ad
1017 3648 1437 3706 mendicandum
1468 3643 1763 3723 exponunt,
1798 3662 1904 3705 non
1948 3655 2077 3704 sunt
2125 3643 2455 3718 huiusmodi.

380 3813 388 3818 η
452 3733 594 3806 Ergo
619 3737 982 3812 eleemosynae
1003 3739 1085 3793 eis
1109 3753 1214 3795 non
1243 3743 1374 3794 sunt
1398 3738 1615 3795 dandae.

523 3823 680 3878 Item.
729 3825 1103 3900 Eleemosynae
1143 3827 1466 3884 ordinantur
1506 3827 1575 3883 ad
1634 3827 1991 3897 indigentiam
2040 3823 2453 3882 sublevandam.

454 3905 609 3985 Ergo'
637 3914 810 3984 magis
851 3915 1117 3986 indigenti
1166 3916 1408 3976 dandum
1449 3923 1552 3974 est.
1580 3916 1687 3973 Sed
1734 3917 1910 3987 magis
1954 3914 2198 3986 indigent
2241 3913 2455 3987 illi,qul
