<?xml version="1.0" encoding="UTF-8"?>
<!DOCTYPE html PUBLIC "-//W3C//DTD XHTML 1.0 Transitional//EN"
    "http://www.w3.org/TR/xhtml1/DTD/xhtml1-transitional.dtd">
<html xmlns="http://www.w3.org/1999/xhtml" xml:lang="en" lang="en">
 <head>
  <title>
</title>
<meta http-equiv="Content-Type" content="text/html;charset=utf-8" />
  <meta name='ocr-system' content='tesseract 3.04.00' />
  <meta name='ocr-capabilities' content='ocr_page ocr_carea ocr_par ocr_line ocrx_word'/>
</head>
<body>
  <div class='ocr_page' id='page_1' title='image "./sthomaquinatisd01thomgoog_0141.png"; bbox 0 0 2784 4392; ppageno 0'>
   <div class='ocr_carea' id='block_1_1' title="bbox 553 240 2310 321">
    <p class='ocr_par' dir='ltr' id='par_1_1' title="bbox 553 240 2310 321">
     <span class='ocr_line' id='line_1_1' title="bbox 553 240 2310 321; baseline 0.001 -21"><span class='ocrx_word' id='word_1_1' title='bbox 553 256 685 301; x_wconf 80' lang='lat' dir='ltr'>xiv.</span> <span class='ocrx_word' id='word_1_2' title='bbox 715 272 796 288; x_wconf 91' lang='lat'>—</span> <span class='ocrx_word' id='word_1_3' title='bbox 825 258 1066 303; x_wconf 70' lang='lat' dir='ltr'>comm</span> <span class='ocrx_word' id='word_1_4' title='bbox 1105 258 1322 321; x_wconf 69' lang='lat' dir='ltr'>meve.</span> <span class='ocrx_word' id='word_1_5' title='bbox 1369 259 1473 303; x_wconf 79' lang='lat' dir='ltr'>nm</span> <span class='ocrx_word' id='word_1_6' title='bbox 1514 259 1686 306; x_wconf 76' lang='lat' dir='ltr'>oum.</span> <span class='ocrx_word' id='word_1_7' title='bbox 1732 258 1809 303; x_wconf 80' lang='lat' dir='ltr'>m·</span> <span class='ocrx_word' id='word_1_8' title='bbox 1848 260 2055 305; x_wconf 72' lang='lat' dir='ltr'>numa.</span> <span class='ocrx_word' id='word_1_9' title='bbox 2194 240 2310 305; x_wconf 82' lang='lat'>127</span> 
     </span>
    </p>
   </div>
   <div class='ocr_carea' id='block_1_2' title="bbox 248 369 2368 3923">
    <p class='ocr_par' dir='ltr' id='par_1_2' title="bbox 248 369 2368 1936">
     <span class='ocr_line' id='line_1_2' title="bbox 307 369 2303 448; baseline 0.002 -21"><span class='ocrx_word' id='word_1_10' title='bbox 307 369 476 427; x_wconf 82' lang='lat' dir='ltr'>aliud.</span> <span class='ocrx_word' id='word_1_11' title='bbox 511 371 601 427; x_wconf 90' lang='lat' dir='ltr'>Sic</span> <span class='ocrx_word' id='word_1_12' title='bbox 625 388 754 445; x_wconf 83' lang='lat' dir='ltr'>ergo</span> <span class='ocrx_word' id='word_1_13' title='bbox 779 380 931 446; x_wconf 88' lang='lat' dir='ltr'>patet</span> <span class='ocrx_word' id='word_1_14' title='bbox 956 374 1100 446; x_wconf 87' lang='lat' dir='ltr'>quod</span> <span class='ocrx_word' id='word_1_15' title='bbox 1135 375 1185 431; x_wconf 90' lang='lat' dir='ltr'>in</span> <span class='ocrx_word' id='word_1_16' title='bbox 1209 374 1408 430; x_wconf 87' lang='lat' dir='ltr'>talibus</span> <span class='ocrx_word' id='word_1_17' title='bbox 1432 374 1611 431; x_wconf 85' lang='lat' dir='ltr'>nullus</span> <span class='ocrx_word' id='word_1_18' title='bbox 1631 375 1901 447; x_wconf 80' lang='lat' dir='ltr'>obligatur</span> <span class='ocrx_word' id='word_1_19' title='bbox 1920 392 1984 431; x_wconf 88' lang='lat' dir='ltr'>ex</span> <span class='ocrx_word' id='word_1_20' title='bbox 2010 379 2303 448; x_wconf 72' lang='lat' dir='ltr'>praecepte,</span> 
     </span>
     <span class='ocr_line' id='line_1_3' title="bbox 305 459 2305 549; baseline 0.002 -35"><span class='ocrx_word' id='word_1_21' title='bbox 305 459 408 515; x_wconf 90' lang='lat' dir='ltr'>nisi</span> <span class='ocrx_word' id='word_1_22' title='bbox 430 462 648 549; x_wconf 56' lang='lat' dir='ltr'>quando</span> <span class='ocrx_word' id='word_1_23' title='bbox 679 464 976 519; x_wconf 79' lang='lat' dir='ltr'>necessitas</span> <span class='ocrx_word' id='word_1_24' title='bbox 998 464 1281 530; x_wconf 77' lang='lat' dir='ltr'>incumbit,</span> <span class='ocrx_word' id='word_1_25' title='bbox 1305 474 1360 519; x_wconf 90' lang='lat' dir='ltr'>et</span> <span class='ocrx_word' id='word_1_26' title='bbox 1387 482 1481 535; x_wconf 85' lang='lat' dir='ltr'>per</span> <span class='ocrx_word' id='word_1_27' title='bbox 1510 464 1675 520; x_wconf 89' lang='lat' dir='ltr'>alium</span> <span class='ocrx_word' id='word_1_28' title='bbox 1696 465 1799 520; x_wconf 85' lang='lat' dir='ltr'>sibi</span> <span class='ocrx_word' id='word_1_29' title='bbox 1821 480 1925 520; x_wconf 90' lang='lat' dir='ltr'>non</span> <span class='ocrx_word' id='word_1_30' title='bbox 1952 464 2305 537; x_wconf 72' lang='lat' dir='ltr'>provideturz</span> 
     </span>
     <span class='ocr_line' id='line_1_4' title="bbox 305 550 2306 625; baseline 0 -20"><span class='ocrx_word' id='word_1_31' title='bbox 305 550 448 606; x_wconf 85' lang='lat' dir='ltr'>sicut</span> <span class='ocrx_word' id='word_1_32' title='bbox 477 550 520 605; x_wconf 84' lang='lat' dir='ltr'>si</span> <span class='ocrx_word' id='word_1_33' title='bbox 565 552 860 607; x_wconf 79' lang='lat' dir='ltr'>necessitas</span> <span class='ocrx_word' id='word_1_34' title='bbox 900 552 1236 609; x_wconf 78' lang='lat' dir='ltr'>incumberet</span> <span class='ocrx_word' id='word_1_35' title='bbox 1268 553 1470 609; x_wconf 88' lang='lat' dir='ltr'>homini</span> <span class='ocrx_word' id='word_1_36' title='bbox 1508 560 1567 609; x_wconf 91' lang='lat' dir='ltr'>ut</span> <span class='ocrx_word' id='word_1_37' title='bbox 1596 554 1756 608; x_wconf 87' lang='lat' dir='ltr'>domo</span> <span class='ocrx_word' id='word_1_38' title='bbox 1784 554 1867 609; x_wconf 86' lang='lat' dir='ltr'>vel</span> <span class='ocrx_word' id='word_1_39' title='bbox 1899 554 2081 625; x_wconf 89' lang='lat' dir='ltr'>aliquo</span> <span class='ocrx_word' id='word_1_40' title='bbox 2112 552 2306 623; x_wconf 87' lang='lat' dir='ltr'>hujus-</span> 
     </span>
     <span class='ocr_line' id='line_1_5' title="bbox 306 628 2304 715; baseline 0.001 -24"><span class='ocrx_word' id='word_1_41' title='bbox 306 628 454 692; x_wconf 67' lang='lat' dir='ltr'>mo&#39;cli</span> <span class='ocrx_word' id='word_1_42' title='bbox 495 636 758 705; x_wconf 82' lang='lat' dir='ltr'>uteretur,</span> <span class='ocrx_word' id='word_1_43' title='bbox 789 647 845 695; x_wconf 87' lang='lat' dir='ltr'>et</span> <span class='ocrx_word' id='word_1_44' title='bbox 870 640 1051 696; x_wconf 90' lang='lat' dir='ltr'>nullus</span> <span class='ocrx_word' id='word_1_45' title='bbox 1095 641 1233 711; x_wconf 85' lang='lat' dir='ltr'>alius</span> <span class='ocrx_word' id='word_1_46' title='bbox 1270 649 1415 697; x_wconf 87' lang='lat' dir='ltr'>esset</span> <span class='ocrx_word' id='word_1_47' title='bbox 1459 642 1553 713; x_wconf 83' lang='lat' dir='ltr'>qui</span> <span class='ocrx_word' id='word_1_48' title='bbox 1597 644 1643 697; x_wconf 91' lang='lat' dir='ltr'>ei</span> <span class='ocrx_word' id='word_1_49' title='bbox 1688 649 2044 715; x_wconf 78' lang='lat' dir='ltr'>praepararet,</span> <span class='ocrx_word' id='word_1_50' title='bbox 2080 642 2304 712; x_wconf 79' lang='lat' dir='ltr'>ipsemet</span> 
     </span>
     <span class='ocr_line' id='line_1_6' title="bbox 307 725 2305 802; baseline 0.001 -21"><span class='ocrx_word' id='word_1_51' title='bbox 307 725 410 781; x_wconf 83' lang='lat' dir='ltr'>sibi</span> <span class='ocrx_word' id='word_1_52' title='bbox 441 726 810 783; x_wconf 83' lang='lat' dir='ltr'>habitaculum</span> <span class='ocrx_word' id='word_1_53' title='bbox 847 746 1154 802; x_wconf 78' lang='lat' dir='ltr'>praeparare</span> <span class='ocrx_word' id='word_1_54' title='bbox 1185 738 1481 798; x_wconf 85' lang='lat' dir='ltr'>teneretur,</span> <span class='ocrx_word' id='word_1_55' title='bbox 1516 730 1651 787; x_wconf 91' lang='lat' dir='ltr'>alias</span> <span class='ocrx_word' id='word_1_56' title='bbox 1681 732 1783 786; x_wconf 90' lang='lat' dir='ltr'>sibi</span> <span class='ocrx_word' id='word_1_57' title='bbox 1816 748 2007 785; x_wconf 90' lang='lat' dir='ltr'>manus</span> <span class='ocrx_word' id='word_1_58' title='bbox 2037 731 2305 801; x_wconf 84' lang='lat' dir='ltr'>injiceret.</span> 
     </span>
     <span class='ocr_line' id='line_1_7' title="bbox 248 813 2303 897; baseline 0.002 -29"><span class='ocrx_word' id='word_1_59' title='bbox 248 892 253 897; x_wconf 24' lang='grc' dir='ltr'>Ι</span> <span class='ocrx_word' id='word_1_60' title='bbox 306 813 374 868; x_wconf 89' lang='lat' dir='ltr'>Et</span> <span class='ocrx_word' id='word_1_61' title='bbox 403 816 804 896; x_wconf 80' lang='lat' dir='ltr'>similiter.dico</span> <span class='ocrx_word' id='word_1_62' title='bbox 849 818 992 890; x_wconf 90' lang='lat' dir='ltr'>quod</span> <span class='ocrx_word' id='word_1_63' title='bbox 1037 819 1106 874; x_wconf 90' lang='lat' dir='ltr'>ad</span> <span class='ocrx_word' id='word_1_64' title='bbox 1149 820 1400 875; x_wconf 89' lang='lat' dir='ltr'>manibus</span> <span class='ocrx_word' id='word_1_65' title='bbox 1445 820 1799 875; x_wconf 84' lang='lat' dir='ltr'>laborandum</span> <span class='ocrx_word' id='word_1_66' title='bbox 1845 820 2027 873; x_wconf 89' lang='lat' dir='ltr'>nullus</span> <span class='ocrx_word' id='word_1_67' title='bbox 2067 824 2303 883; x_wconf 86' lang='lat' dir='ltr'>tenetur,</span> 
     </span>
     <span class='ocr_line' id='line_1_8' title="bbox 307 904 2305 980; baseline 0.002 -21"><span class='ocrx_word' id='word_1_68' title='bbox 307 904 410 959; x_wconf 88' lang='lat' dir='ltr'>nisi</span> <span class='ocrx_word' id='word_1_69' title='bbox 442 905 659 976; x_wconf 85' lang='lat' dir='ltr'>quando</span> <span class='ocrx_word' id='word_1_70' title='bbox 699 907 995 961; x_wconf 71' lang='lat' dir='ltr'>necessitas</span> <span class='ocrx_word' id='word_1_71' title='bbox 1037 908 1138 962; x_wconf 90' lang='lat' dir='ltr'>sibi</span> <span class='ocrx_word' id='word_1_72' title='bbox 1171 908 1434 963; x_wconf 86' lang='lat' dir='ltr'>incumbit</span> <span class='ocrx_word' id='word_1_73' title='bbox 1466 909 1650 963; x_wconf 89' lang='lat' dir='ltr'>utendi</span> <span class='ocrx_word' id='word_1_74' title='bbox 1682 909 1767 963; x_wconf 87' lang='lat' dir='ltr'>his</span> <span class='ocrx_word' id='word_1_75' title='bbox 1808 923 1931 980; x_wconf 85' lang='lat' dir='ltr'>quae</span> <span class='ocrx_word' id='word_1_76' title='bbox 1958 907 2141 963; x_wconf 84' lang='lat' dir='ltr'>labore</span> <span class='ocrx_word' id='word_1_77' title='bbox 2185 924 2305 963; x_wconf 51' lang='lat' dir='ltr'>ma*</span> 
     </span>
     <span class='ocr_line' id='line_1_9' title="bbox 307 994 2303 1067; baseline 0.002 -23"><span class='ocrx_word' id='word_1_78' title='bbox 307 1006 474 1045; x_wconf 90' lang='lat' dir='ltr'>nuum</span> <span class='ocrx_word' id='word_1_79' title='bbox 507 999 844 1063; x_wconf 84' lang='lat' dir='ltr'>quaeruntur,</span> <span class='ocrx_word' id='word_1_80' title='bbox 884 1002 939 1048; x_wconf 90' lang='lat' dir='ltr'>et</span> <span class='ocrx_word' id='word_1_81' title='bbox 968 1010 1032 1049; x_wconf 85' lang='lat' dir='ltr'>ea</span> <span class='ocrx_word' id='word_1_82' title='bbox 1079 994 1148 1049; x_wconf 87' lang='lat' dir='ltr'>ab</span> <span class='ocrx_word' id='word_1_83' title='bbox 1185 995 1306 1050; x_wconf 89' lang='lat' dir='ltr'>aliis</span> <span class='ocrx_word' id='word_1_84' title='bbox 1338 995 1557 1051; x_wconf 77' lang='lat' dir='ltr'>aliunde</span> <span class='ocrx_word' id='word_1_85' title='bbox 1589 995 1791 1052; x_wconf 83' lang='lat' dir='ltr'>habere</span> <span class='ocrx_word' id='word_1_86' title='bbox 1833 1011 1939 1051; x_wconf 91' lang='lat' dir='ltr'>non</span> <span class='ocrx_word' id='word_1_87' title='bbox 1979 1001 2154 1067; x_wconf 87' lang='lat' dir='ltr'>potest</span> <span class='ocrx_word' id='word_1_88' title='bbox 2188 997 2303 1048; x_wconf 89' lang='lat' dir='ltr'>sino</span> 
     </span>
     <span class='ocr_line' id='line_1_10' title="bbox 309 1081 2305 1157; baseline 0.002 -22"><span class='ocrx_word' id='word_1_89' title='bbox 309 1090 552 1151; x_wconf 84' lang='lat' dir='ltr'>peccatO.</span> <span class='ocrx_word' id='word_1_90' title='bbox 585 1081 718 1136; x_wconf 87' lang='lat' dir='ltr'>Illud</span> <span class='ocrx_word' id='word_1_91' title='bbox 751 1082 894 1137; x_wconf 91' lang='lat' dir='ltr'>enim</span> <span class='ocrx_word' id='word_1_92' title='bbox 935 1082 1167 1138; x_wconf 83' lang='lat' dir='ltr'>dicimur</span> <span class='ocrx_word' id='word_1_93' title='bbox 1198 1101 1354 1156; x_wconf 87' lang='lat' dir='ltr'>posse</span> <span class='ocrx_word' id='word_1_94' title='bbox 1389 1084 1537 1157; x_wconf 87' lang='lat' dir='ltr'>quod</span> <span class='ocrx_word' id='word_1_95' title='bbox 1574 1083 1723 1139; x_wconf 89' lang='lat' dir='ltr'>licite</span> <span class='ocrx_word' id='word_1_96' title='bbox 1747 1088 2073 1155; x_wconf 86' lang='lat' dir='ltr'>&#39;possumus;</span> <span class='ocrx_word' id='word_1_97' title='bbox 2112 1090 2167 1138; x_wconf 88' lang='lat' dir='ltr'>et</span> <span class='ocrx_word' id='word_1_98' title='bbox 2206 1084 2305 1139; x_wconf 86' lang='lat' dir='ltr'>boe</span> 
     </span>
     <span class='ocr_line' id='line_1_11' title="bbox 249 1170 2305 1244; baseline 0 -21"><span class='ocrx_word' id='word_1_99' title='bbox 249 1175 460 1244; x_wconf 33' lang='lat' dir='ltr'>„patet</span> <span class='ocrx_word' id='word_1_100' title='bbox 499 1186 594 1239; x_wconf 83' lang='lat' dir='ltr'>per</span> <span class='ocrx_word' id='word_1_101' title='bbox 629 1170 678 1223; x_wconf 86' lang='lat' dir='ltr'>id</span> <span class='ocrx_word' id='word_1_102' title='bbox 721 1171 863 1242; x_wconf 88' lang='lat' dir='ltr'>quod</span> <span class='ocrx_word' id='word_1_103' title='bbox 914 1172 1132 1238; x_wconf 86' lang='lat' dir='ltr'>dicitur,</span> <span class='ocrx_word' id='word_1_104' title='bbox 1167 1174 1188 1227; x_wconf 91' lang='lat'>1</span> <span class='ocrx_word' id='word_1_105' title='bbox 1229 1174 1352 1227; x_wconf 85' lang='lat' dir='ltr'>Cor.</span> <span class='ocrx_word' id='word_1_106' title='bbox 1401 1175 1633 1243; x_wconf 31' lang='lat' dir='ltr'>1v,&#39;i2·:</span> <span class='ocrx_word' id='word_1_107' title='bbox 1662 1172 1993 1227; x_wconf 76' lang='lat' dir='ltr'>Laborem-us</span> <span class='ocrx_word' id='word_1_108' title='bbox 2032 1178 2305 1243; x_wconf 79' lang='lat' dir='ltr'>operantes</span> 
     </span>
     <span class='ocr_line' id='line_1_12' title="bbox 307 1257 2305 1333; baseline 0.002 -22"><span class='ocrx_word' id='word_1_109' title='bbox 307 1257 552 1313; x_wconf 70' lang='lat' dir='ltr'>nzaiiibus</span> <span class='ocrx_word' id='word_1_110' title='bbox 579 1258 795 1314; x_wconf 79' lang='lat' dir='ltr'>nostris.</span> <span class='ocrx_word' id='word_1_111' title='bbox 829 1260 1020 1315; x_wconf 86' lang='lat' dir='ltr'>Glossa</span> <span class='ocrx_word' id='word_1_112' title='bbox 1055 1278 1066 1313; x_wconf 73' lang='grc' dir='ltr'>ε</span> <span class='ocrx_word' id='word_1_113' title='bbox 1103 1282 1126 1313; x_wconf 75' lang='grc' dir='ltr'>α</span> <span class='ocrx_word' id='word_1_114' title='bbox 1164 1278 1260 1331; x_wconf 82' lang='lat' dir='ltr'>pro</span> <span class='ocrx_word' id='word_1_115' title='bbox 1299 1262 1453 1316; x_wconf 88' lang='lat' dir='ltr'>nobis</span> <span class='ocrx_word' id='word_1_116' title='bbox 1482 1261 1821 1326; x_wconf 85' lang='lat' dir='ltr'>necessariis,</span> <span class='ocrx_word' id='word_1_117' title='bbox 1866 1264 1993 1333; x_wconf 84' lang='lat' dir='ltr'>quia</span> <span class='ocrx_word' id='word_1_118' title='bbox 2026 1277 2181 1315; x_wconf 78' lang='lat' dir='ltr'>nemo</span> <span class='ocrx_word' id='word_1_119' title='bbox 2212 1262 2305 1315; x_wconf 86' lang='lat' dir='ltr'>dat</span> 
     </span>
     <span class='ocr_line' id='line_1_13' title="bbox 309 1342 2303 1423; baseline 0.001 -23"><span class='ocrx_word' id='word_1_120' title='bbox 309 1346 483 1400; x_wconf 88' lang='lat' dir='ltr'>uobis.</span> <span class='ocrx_word' id='word_1_121' title='bbox 517 1367 540 1397; x_wconf 74' lang='lat' dir='ltr'>n</span> <span class='ocrx_word' id='word_1_122' title='bbox 573 1342 725 1403; x_wconf 83' lang='lat' dir='ltr'>Unde</span> <span class='ocrx_word' id='word_1_123' title='bbox 751 1356 804 1401; x_wconf 89' lang='lat' dir='ltr'>et</span> <span class='ocrx_word' id='word_1_124' title='bbox 838 1348 1127 1420; x_wconf 82' lang='lat' dir='ltr'>Apostolus</span> <span class='ocrx_word' id='word_1_125' title='bbox 1153 1348 1392 1404; x_wconf 86' lang='lat' dir='ltr'>laborem</span> <span class='ocrx_word' id='word_1_126' title='bbox 1429 1366 1683 1405; x_wconf 92' lang='lat' dir='ltr'>manuum</span> <span class='ocrx_word' id='word_1_127' title='bbox 1716 1365 1991 1422; x_wconf 87' lang='lat' dir='ltr'>nunquam</span> <span class='ocrx_word' id='word_1_128' title='bbox 2024 1351 2303 1423; x_wconf 71' lang='lat' dir='ltr'>praecepit,</span> 
     </span>
     <span class='ocr_line' id='line_1_14' title="bbox 309 1435 2305 1509; baseline -0.001 -19"><span class='ocrx_word' id='word_1_129' title='bbox 309 1436 412 1490; x_wconf 84' lang='lat' dir='ltr'>nisi</span> <span class='ocrx_word' id='word_1_130' title='bbox 439 1435 542 1490; x_wconf 87' lang='lat' dir='ltr'>illis</span> <span class='ocrx_word' id='word_1_131' title='bbox 581 1435 674 1507; x_wconf 87' lang='lat' dir='ltr'>qui</span> <span class='ocrx_word' id='word_1_132' title='bbox 705 1451 734 1492; x_wconf 92' lang='lat' dir='ltr'>a</span> <span class='ocrx_word' id='word_1_133' title='bbox 767 1435 952 1492; x_wconf 81' lang='lat' dir='ltr'>labore</span> <span class='ocrx_word' id='word_1_134' title='bbox 997 1454 1252 1494; x_wconf 88' lang='lat' dir='ltr'>manuum</span> <span class='ocrx_word' id='word_1_135' title='bbox 1283 1439 1642 1505; x_wconf 72' lang='lat' dir='ltr'>abstinentes,</span> <span class='ocrx_word' id='word_1_136' title='bbox 1673 1455 1837 1493; x_wconf 87' lang='lat' dir='ltr'>causa</span> <span class='ocrx_word' id='word_1_137' title='bbox 1886 1440 2062 1493; x_wconf 89' lang='lat' dir='ltr'>victus</span> <span class='ocrx_word' id='word_1_138' title='bbox 2110 1440 2305 1509; x_wconf 79' lang='lat' dir='ltr'>aeqiii-</span> 
     </span>
     <span class='ocr_line' id='line_1_15' title="bbox 310 1524 2308 1599; baseline 0.002 -20"><span class='ocrx_word' id='word_1_139' title='bbox 310 1524 481 1589; x_wconf 83' lang='lat' dir='ltr'>rendi,</span> <span class='ocrx_word' id='word_1_140' title='bbox 519 1525 570 1578; x_wconf 91' lang='lat' dir='ltr'>in</span> <span class='ocrx_word' id='word_1_141' title='bbox 603 1531 828 1597; x_wconf 77' lang='lat' dir='ltr'>peccata</span> <span class='ocrx_word' id='word_1_142' title='bbox 859 1526 964 1580; x_wconf 86' lang='lat' dir='ltr'>alia</span> <span class='ocrx_word' id='word_1_143' title='bbox 1007 1526 1340 1593; x_wconf 70' lang='lat' dir='ltr'>incidebant,</span> <span class='ocrx_word' id='word_1_144' title='bbox 1369 1537 1430 1582; x_wconf 93' lang='lat' dir='ltr'>ut</span> <span class='ocrx_word' id='word_1_145' title='bbox 1468 1543 1629 1599; x_wconf 90' lang='lat' dir='ltr'>supra</span> <span class='ocrx_word' id='word_1_146' title='bbox 1672 1527 1957 1598; x_wconf 86' lang='lat' dir='ltr'>probatum</span> <span class='ocrx_word' id='word_1_147' title='bbox 1990 1536 2091 1581; x_wconf 79' lang='lat' dir='ltr'>est.</span> <span class='ocrx_word' id='word_1_148' title='bbox 2133 1527 2200 1581; x_wconf 88' lang='lat' dir='ltr'>Et</span> <span class='ocrx_word' id='word_1_149' title='bbox 2231 1527 2308 1582; x_wconf 78' lang='lat' dir='ltr'>sic</span> 
     </span>
     <span class='ocr_line' id='line_1_16' title="bbox 309 1614 2309 1688; baseline -0.001 -19"><span class='ocrx_word' id='word_1_150' title='bbox 309 1631 375 1669; x_wconf 88' lang='lat' dir='ltr'>ex</span> <span class='ocrx_word' id='word_1_151' title='bbox 406 1614 584 1669; x_wconf 81' lang='lat' dir='ltr'>verbis</span> <span class='ocrx_word' id='word_1_152' title='bbox 614 1616 858 1687; x_wconf 83' lang='lat' dir='ltr'>Apostoli</span> <span class='ocrx_word' id='word_1_153' title='bbox 891 1632 994 1671; x_wconf 92' lang='lat' dir='ltr'>non</span> <span class='ocrx_word' id='word_1_154' title='bbox 1023 1623 1200 1687; x_wconf 84' lang='lat' dir='ltr'>potest</span> <span class='ocrx_word' id='word_1_155' title='bbox 1225 1616 1443 1688; x_wconf 84' lang='lat' dir='ltr'>probari</span> <span class='ocrx_word' id='word_1_156' title='bbox 1477 1616 1580 1670; x_wconf 72' lang='lat' dir='ltr'>nisi</span> <span class='ocrx_word' id='word_1_157' title='bbox 1611 1616 1751 1686; x_wconf 87' lang='lat' dir='ltr'>quod</span> <span class='ocrx_word' id='word_1_158' title='bbox 1783 1615 2009 1685; x_wconf 64' lang='lat' dir='ltr'>quilibet</span> <span class='ocrx_word' id='word_1_159' title='bbox 2038 1614 2193 1669; x_wconf 78' lang='lat' dir='ltr'>homo</span> <span class='ocrx_word' id='word_1_160' title='bbox 2223 1614 2309 1669; x_wconf 86' lang='lat' dir='ltr'>vel</span> 
     </span>
     <span class='ocr_line' id='line_1_17' title="bbox 310 1702 2309 1775; baseline 0.001 -18"><span class='ocrx_word' id='word_1_161' title='bbox 310 1702 596 1773; x_wconf 82' lang='lat' dir='ltr'>religiosus</span> <span class='ocrx_word' id='word_1_162' title='bbox 623 1702 706 1759; x_wconf 89' lang='lat' dir='ltr'>vel</span> <span class='ocrx_word' id='word_1_163' title='bbox 737 1704 1016 1760; x_wconf 84' lang='lat' dir='ltr'>saecularis</span> <span class='ocrx_word' id='word_1_164' title='bbox 1048 1713 1262 1759; x_wconf 85' lang='lat' dir='ltr'>tenetur</span> <span class='ocrx_word' id='word_1_165' title='bbox 1289 1704 1538 1759; x_wconf 88' lang='lat' dir='ltr'>manibus</span> <span class='ocrx_word' id='word_1_166' title='bbox 1568 1702 1813 1757; x_wconf 85' lang='lat' dir='ltr'>laborare</span> <span class='ocrx_word' id='word_1_167' title='bbox 1842 1704 2021 1775; x_wconf 85' lang='lat' dir='ltr'>potius</span> <span class='ocrx_word' id='word_1_168' title='bbox 2048 1720 2212 1774; x_wconf 82' lang='lat' dir='ltr'>quam</span> <span class='ocrx_word' id='word_1_169' title='bbox 2252 1720 2309 1758; x_wconf 87' lang='lat' dir='ltr'>se</span> 
     </span>
     <span class='ocr_line' id='line_1_18' title="bbox 310 1790 2368 1865; baseline 0 -19"><span class='ocrx_word' id='word_1_170' title='bbox 310 1792 444 1847; x_wconf 88' lang='lat' dir='ltr'>mori</span> <span class='ocrx_word' id='word_1_171' title='bbox 489 1792 749 1859; x_wconf 88' lang='lat' dir='ltr'>dimittat,</span> <span class='ocrx_word' id='word_1_172' title='bbox 799 1792 883 1847; x_wconf 91' lang='lat' dir='ltr'>vel</span> <span class='ocrx_word' id='word_1_173' title='bbox 929 1793 1132 1849; x_wconf 82' lang='lat' dir='ltr'>victum</span> <span class='ocrx_word' id='word_1_174' title='bbox 1177 1792 1360 1865; x_wconf 82' lang='lat' dir='ltr'>aliquo</span> <span class='ocrx_word' id='word_1_175' title='bbox 1406 1792 1565 1847; x_wconf 88' lang='lat' dir='ltr'>modo</span> <span class='ocrx_word' id='word_1_176' title='bbox 1608 1792 1795 1848; x_wconf 86' lang='lat' dir='ltr'>illicito</span> <span class='ocrx_word' id='word_1_177' title='bbox 1840 1798 2070 1865; x_wconf 78' lang='lat' dir='ltr'>quaerat.</span> <span class='ocrx_word' id='word_1_178' title='bbox 2098 1792 2164 1846; x_wconf 90' lang='lat' dir='ltr'>Et</span> <span class='ocrx_word' id='word_1_179' title='bbox 2208 1790 2309 1847; x_wconf 86' lang='lat' dir='ltr'>hoc</span> <span class='ocrx_word' id='word_1_180' title='bbox 2362 1815 2368 1822; x_wconf 93' lang='lat'><em>·</em></span> 
     </span>
     <span class='ocr_line' id='line_1_19' title="bbox 309 1880 676 1936; baseline 0.005 -3"><span class='ocrx_word' id='word_1_181' title='bbox 309 1880 676 1936; x_wconf 70' lang='lat' dir='ltr'>concedimus.</span> 
     </span>
    </p>

    <p class='ocr_par' dir='ltr' id='par_1_3' title="bbox 291 1968 2309 3923">
     <span class='ocr_line' id='line_1_20' title="bbox 380 1968 2305 2044; baseline 0.001 -20"><span class='ocrx_word' id='word_1_182' title='bbox 380 1968 463 2024; x_wconf 85' lang='lat' dir='ltr'>Ad</span> <span class='ocrx_word' id='word_1_183' title='bbox 491 1968 618 2025; x_wconf 86' lang='lat' dir='ltr'>illud</span> <span class='ocrx_word' id='word_1_184' title='bbox 646 1970 790 2042; x_wconf 86' lang='lat' dir='ltr'>quod</span> <span class='ocrx_word' id='word_1_185' title='bbox 821 1972 1060 2027; x_wconf 85' lang='lat' dir='ltr'>secundo</span> <span class='ocrx_word' id='word_1_186' title='bbox 1082 1970 1356 2043; x_wconf 87' lang='lat' dir='ltr'>objicitur,</span> <span class='ocrx_word' id='word_1_187' title='bbox 1377 1971 1667 2029; x_wconf 87' lang='lat' dir='ltr'>dicendum</span> <span class='ocrx_word' id='word_1_188' title='bbox 1688 1971 1829 2043; x_wconf 82' lang='lat' dir='ltr'>quod</span> <span class='ocrx_word' id='word_1_189' title='bbox 1862 1988 1925 2027; x_wconf 87' lang='lat' dir='ltr'>ex</span> <span class='ocrx_word' id='word_1_190' title='bbox 1956 1972 2127 2044; x_wconf 84' lang='lat' dir='ltr'>prima</span> <span class='ocrx_word' id='word_1_191' title='bbox 2153 1978 2305 2041; x_wconf 82' lang='lat' dir='ltr'>parte</span> 
     </span>
     <span class='ocr_line' id='line_1_21' title="bbox 312 2056 2305 2133; baseline 0.001 -22"><span class='ocrx_word' id='word_1_192' title='bbox 312 2056 454 2113; x_wconf 88' lang='lat' dir='ltr'>illius</span> <span class='ocrx_word' id='word_1_193' title='bbox 504 2059 716 2115; x_wconf 85' lang='lat' dir='ltr'>Glossae</span> <span class='ocrx_word' id='word_1_194' title='bbox 771 2076 876 2115; x_wconf 91' lang='lat' dir='ltr'>non</span> <span class='ocrx_word' id='word_1_195' title='bbox 923 2068 1104 2131; x_wconf 89' lang='lat' dir='ltr'>potest</span> <span class='ocrx_word' id='word_1_196' title='bbox 1147 2060 1266 2133; x_wconf 85' lang='lat' dir='ltr'>plus</span> <span class='ocrx_word' id='word_1_197' title='bbox 1314 2061 1519 2127; x_wconf 83' lang='lat' dir='ltr'>haberi,</span> <span class='ocrx_word' id='word_1_198' title='bbox 1568 2060 1667 2115; x_wconf 88' lang='lat' dir='ltr'>nisi</span> <span class='ocrx_word' id='word_1_199' title='bbox 1720 2061 1862 2133; x_wconf 85' lang='lat' dir='ltr'>quod</span> <span class='ocrx_word' id='word_1_200' title='bbox 1913 2060 2040 2115; x_wconf 86' lang='lat' dir='ltr'>illud</span> <span class='ocrx_word' id='word_1_201' title='bbox 2082 2059 2305 2114; x_wconf 81' lang='lat' dir='ltr'>verbum</span> 
     </span>
     <span class='ocr_line' id='line_1_22' title="bbox 309 2147 2308 2219; baseline -0.002 -16"><span class='ocrx_word' id='word_1_202' title='bbox 309 2148 554 2218; x_wconf 85' lang='lat' dir='ltr'>Apostoli</span> <span class='ocrx_word' id='word_1_203' title='bbox 590 2165 602 2201; x_wconf 77' lang='lat' dir='ltr'>z</span> <span class='ocrx_word' id='word_1_204' title='bbox 635 2147 692 2203; x_wconf 78' lang='lat' dir='ltr'>Si</span> <span class='ocrx_word' id='word_1_205' title='bbox 719 2148 836 2219; x_wconf 80' lang='lat' dir='ltr'>quis</span> <span class='ocrx_word' id='word_1_206' title='bbox 872 2164 977 2202; x_wconf 79' lang='lat' dir='ltr'>non</span> <span class='ocrx_word' id='word_1_207' title='bbox 1007 2148 1234 2213; x_wconf 84' lang='lat' dir='ltr'>laborat,</span> <span class='ocrx_word' id='word_1_208' title='bbox 1265 2167 1358 2204; x_wconf 77' lang='lat' dir='ltr'>neo</span> <span class='ocrx_word' id='word_1_209' title='bbox 1381 2148 1678 2213; x_wconf 66' lang='lat' dir='ltr'>viandum,</span> <span class='ocrx_word' id='word_1_210' title='bbox 1710 2149 2027 2219; x_wconf 84' lang='lat' dir='ltr'>intelligitur</span> <span class='ocrx_word' id='word_1_211' title='bbox 2054 2149 2121 2202; x_wconf 84' lang='lat' dir='ltr'>de</span> <span class='ocrx_word' id='word_1_212' title='bbox 2147 2163 2308 2219; x_wconf 83' lang='lat' dir='ltr'>opere</span> 
     </span>
     <span class='ocr_line' id='line_1_23' title="bbox 312 2236 2304 2310; baseline -0.002 -19"><span class='ocrx_word' id='word_1_213' title='bbox 312 2237 577 2307; x_wconf 80' lang='lat' dir='ltr'>corporali</span> <span class='ocrx_word' id='word_1_214' title='bbox 609 2244 799 2293; x_wconf 86' lang='lat' dir='ltr'>contra</span> <span class='ocrx_word' id='word_1_215' title='bbox 835 2241 1100 2310; x_wconf 79' lang='lat' dir='ltr'>quosdam</span> <span class='ocrx_word' id='word_1_216' title='bbox 1143 2238 1455 2302; x_wconf 79' lang='lat' dir='ltr'>monacliOS‚</span> <span class='ocrx_word' id='word_1_217' title='bbox 1486 2239 1577 2309; x_wconf 84' lang='lat' dir='ltr'>qui</span> <span class='ocrx_word' id='word_1_218' title='bbox 1624 2237 1878 2293; x_wconf 81' lang='lat' dir='ltr'>dicebant</span> <span class='ocrx_word' id='word_1_219' title='bbox 1918 2236 2047 2292; x_wconf 91' lang='lat' dir='ltr'>illud</span> <span class='ocrx_word' id='word_1_220' title='bbox 2081 2236 2304 2291; x_wconf 81' lang='lat' dir='ltr'>verbum</span> 
     </span>
     <span class='ocr_line' id='line_1_24' title="bbox 315 2323 2307 2399; baseline -0.002 -20"><span class='ocrx_word' id='word_1_221' title='bbox 315 2326 723 2396; x_wconf 83' lang='lat' dir='ltr'>intelligendum</span> <span class='ocrx_word' id='word_1_222' title='bbox 771 2341 890 2381; x_wconf 82' lang='lat' dir='ltr'>esse</span> <span class='ocrx_word' id='word_1_223' title='bbox 940 2326 1008 2381; x_wconf 90' lang='lat' dir='ltr'>de</span> <span class='ocrx_word' id='word_1_224' title='bbox 1053 2342 1216 2399; x_wconf 85' lang='lat' dir='ltr'>opere</span> <span class='ocrx_word' id='word_1_225' title='bbox 1269 2326 1539 2399; x_wconf 81' lang='lat' dir='ltr'>spirituali</span> <span class='ocrx_word' id='word_1_226' title='bbox 1588 2333 1822 2389; x_wconf 86' lang='lat' dir='ltr'>tantum,</span> <span class='ocrx_word' id='word_1_227' title='bbox 1881 2326 2121 2381; x_wconf 87' lang='lat' dir='ltr'>volentes</span> <span class='ocrx_word' id='word_1_228' title='bbox 2162 2323 2307 2395; x_wconf 86' lang='lat' dir='ltr'>quod</span> 
     </span>
     <span class='ocr_line' id='line_1_25' title="bbox 313 2412 2301 2487; baseline 0 -20"><span class='ocrx_word' id='word_1_229' title='bbox 313 2415 485 2469; x_wconf 79' lang='lat' dir='ltr'>servis</span> <span class='ocrx_word' id='word_1_230' title='bbox 512 2415 608 2469; x_wconf 89' lang='lat' dir='ltr'>Dei</span> <span class='ocrx_word' id='word_1_231' title='bbox 631 2431 738 2468; x_wconf 89' lang='lat' dir='ltr'>non</span> <span class='ocrx_word' id='word_1_232' title='bbox 767 2414 953 2470; x_wconf 88' lang='lat' dir='ltr'>liceret</span> <span class='ocrx_word' id='word_1_233' title='bbox 981 2416 1214 2487; x_wconf 87' lang='lat' dir='ltr'>operari.</span> <span class='ocrx_word' id='word_1_234' title='bbox 1241 2415 1310 2469; x_wconf 92' lang='lat' dir='ltr'>Et</span> <span class='ocrx_word' id='word_1_235' title='bbox 1334 2414 1481 2469; x_wconf 84' lang='lat' dir='ltr'>hune</span> <span class='ocrx_word' id='word_1_236' title='bbox 1512 2414 1843 2469; x_wconf 84' lang='lat' dir='ltr'>intellectum</span> <span class='ocrx_word' id='word_1_237' title='bbox 1870 2414 2065 2469; x_wconf 87' lang='lat' dir='ltr'>Glossa</span> <span class='ocrx_word' id='word_1_238' title='bbox 2106 2412 2301 2475; x_wconf 76' lang='lat' dir='ltr'>aufert,</span> 
     </span>
     <span class='ocr_line' id='line_1_26' title="bbox 313 2502 2307 2577; baseline -0.002 -18"><span class='ocrx_word' id='word_1_239' title='bbox 313 2512 366 2560; x_wconf 88' lang='lat' dir='ltr'>et</span> <span class='ocrx_word' id='word_1_240' title='bbox 408 2506 744 2575; x_wconf 82' lang='lat' dir='ltr'>Augustinus</span> <span class='ocrx_word' id='word_1_241' title='bbox 791 2506 1044 2576; x_wconf 81' lang='lat' dir='ltr'>reprobat</span> <span class='ocrx_word' id='word_1_242' title='bbox 1089 2506 1143 2560; x_wconf 91' lang='lat' dir='ltr'>in</span> <span class='ocrx_word' id='word_1_243' title='bbox 1194 2506 1285 2559; x_wconf 89' lang='lat' dir='ltr'>lib.</span> <span class='ocrx_word' id='word_1_244' title='bbox 1323 2505 1397 2559; x_wconf 88' lang='lat' dir='ltr'>De</span> <span class='ocrx_word' id='word_1_245' title='bbox 1445 2520 1597 2577; x_wconf 77' lang='lat' dir='ltr'>opere</span> <span class='ocrx_word' id='word_1_246' title='bbox 1640 2504 1879 2559; x_wconf 80' lang='lat' dir='ltr'>monach.</span> <span class='ocrx_word' id='word_1_247' title='bbox 1921 2505 2063 2557; x_wconf 86' lang='lat' dir='ltr'>unde</span> <span class='ocrx_word' id='word_1_248' title='bbox 2111 2502 2307 2557; x_wconf 78' lang='lat' dir='ltr'>Glossa</span> 
     </span>
     <span class='ocr_line' id='line_1_27' title="bbox 311 2590 2303 2665; baseline -0.003 -16"><span class='ocrx_word' id='word_1_249' title='bbox 311 2594 561 2649; x_wconf 87' lang='lat' dir='ltr'>sumitur.</span> <span class='ocrx_word' id='word_1_250' title='bbox 602 2594 801 2649; x_wconf 84' lang='lat' dir='ltr'>Habito</span> <span class='ocrx_word' id='word_1_251' title='bbox 855 2610 982 2665; x_wconf 84' lang='lat' dir='ltr'>ergo</span> <span class='ocrx_word' id='word_1_252' title='bbox 1026 2596 1170 2665; x_wconf 85' lang='lat' dir='ltr'>quod</span> <span class='ocrx_word' id='word_1_253' title='bbox 1229 2600 1409 2649; x_wconf 86' lang='lat' dir='ltr'>textus</span> <span class='ocrx_word' id='word_1_254' title='bbox 1464 2596 1536 2649; x_wconf 91' lang='lat' dir='ltr'>sit</span> <span class='ocrx_word' id='word_1_255' title='bbox 1580 2591 2008 2663; x_wconf 80' lang='lat' dir='ltr'>intelligendus:</span> <span class='ocrx_word' id='word_1_256' title='bbox 2059 2590 2162 2655; x_wconf 77' lang='lat' dir='ltr'>Qm·</span> <span class='ocrx_word' id='word_1_257' title='bbox 2201 2606 2303 2645; x_wconf 78' lang='lat' dir='ltr'>noa</span> 
     </span>
     <span class='ocr_line' id='line_1_28' title="bbox 312 2679 2303 2754; baseline -0.002 -17"><span class='ocrx_word' id='word_1_258' title='bbox 312 2682 422 2738; x_wconf 82' lang='lat' dir='ltr'>vult</span> <span class='ocrx_word' id='word_1_259' title='bbox 469 2682 707 2753; x_wconf 80' lang='lat' dir='ltr'>operari,</span> <span class='ocrx_word' id='word_1_260' title='bbox 751 2681 963 2738; x_wconf 83' lang='lat' dir='ltr'>scilieet</span> <span class='ocrx_word' id='word_1_261' title='bbox 1007 2683 1380 2754; x_wconf 81' lang='lat' dir='ltr'>corporaliter,</span> <span class='ocrx_word' id='word_1_262' title='bbox 1415 2699 1520 2737; x_wconf 76' lang='lat' dir='ltr'>non</span> <span class='ocrx_word' id='word_1_263' title='bbox 1566 2682 1867 2745; x_wconf 76' lang='lat' dir='ltr'>manducet,</span> <span class='ocrx_word' id='word_1_264' title='bbox 1909 2695 2013 2735; x_wconf 88' lang='lat' dir='ltr'>non</span> <span class='ocrx_word' id='word_1_265' title='bbox 2057 2679 2303 2750; x_wconf 86' lang='lat' dir='ltr'>sequitur</span> 
     </span>
     <span class='ocr_line' id='line_1_29' title="bbox 313 2768 2303 2846; baseline -0.002 -21"><span class='ocrx_word' id='word_1_266' title='bbox 313 2772 454 2844; x_wconf 89' lang='lat' dir='ltr'>quod</span> <span class='ocrx_word' id='word_1_267' title='bbox 499 2770 728 2845; x_wconf 81' lang='lat' dir='ltr'>quilibet</span> <span class='ocrx_word' id='word_1_268' title='bbox 773 2772 863 2846; x_wconf 86' lang='lat' dir='ltr'>qui</span> <span class='ocrx_word' id='word_1_269' title='bbox 906 2773 1235 2827; x_wconf 83' lang='lat' dir='ltr'>manducare</span> <span class='ocrx_word' id='word_1_270' title='bbox 1280 2772 1419 2838; x_wconf 81' lang='lat' dir='ltr'>vult,</span> <span class='ocrx_word' id='word_1_271' title='bbox 1454 2779 1704 2827; x_wconf 83' lang='lat' dir='ltr'>teneatur</span> <span class='ocrx_word' id='word_1_272' title='bbox 1734 2769 1985 2826; x_wconf 89' lang='lat' dir='ltr'>manibus</span> <span class='ocrx_word' id='word_1_273' title='bbox 2038 2768 2303 2823; x_wconf 85' lang='lat' dir='ltr'>laborare.</span> 
     </span>
     <span class='ocr_line' id='line_1_30' title="bbox 311 2856 2306 2929; baseline -0.003 -13"><span class='ocrx_word' id='word_1_274' title='bbox 311 2860 364 2917; x_wconf 90' lang='lat' dir='ltr'>Si</span> <span class='ocrx_word' id='word_1_275' title='bbox 404 2861 548 2915; x_wconf 87' lang='lat' dir='ltr'>enim</span> <span class='ocrx_word' id='word_1_276' title='bbox 597 2860 663 2917; x_wconf 86' lang='lat' dir='ltr'>de</span> <span class='ocrx_word' id='word_1_277' title='bbox 718 2860 968 2916; x_wconf 85' lang='lat' dir='ltr'>omnibus</span> <span class='ocrx_word' id='word_1_278' title='bbox 1018 2860 1119 2916; x_wconf 90' lang='lat' dir='ltr'>hoc</span> <span class='ocrx_word' id='word_1_279' title='bbox 1169 2862 1462 2927; x_wconf 65' lang='lat' dir='ltr'>diceretur,</span> <span class='ocrx_word' id='word_1_280' title='bbox 1506 2877 1623 2917; x_wconf 83' lang='lat' dir='ltr'>esse</span> <span class='ocrx_word' id='word_1_281' title='bbox 1672 2860 2005 2917; x_wconf 73' lang='lat' dir='ltr'>contrarium</span> <span class='ocrx_word' id='word_1_282' title='bbox 2060 2857 2109 2913; x_wconf 89' lang='lat' dir='ltr'>ei</span> <span class='ocrx_word' id='word_1_283' title='bbox 2162 2856 2306 2929; x_wconf 85' lang='lat' dir='ltr'>quod</span> 
     </span>
     <span class='ocr_line' id='line_1_31' title="bbox 315 2947 2307 3021; baseline -0.001 -19"><span class='ocrx_word' id='word_1_284' title='bbox 315 2949 472 3019; x_wconf 91' lang='lat' dir='ltr'>paulo</span> <span class='ocrx_word' id='word_1_285' title='bbox 501 2958 626 3004; x_wconf 88' lang='lat' dir='ltr'>ante</span> <span class='ocrx_word' id='word_1_286' title='bbox 675 2950 937 3021; x_wconf 80' lang='lat' dir='ltr'>praemisit</span> <span class='ocrx_word' id='word_1_287' title='bbox 971 2967 982 3003; x_wconf 74' lang='grc' dir='ltr'>ε</span> <span class='ocrx_word' id='word_1_288' title='bbox 1015 2971 1038 3001; x_wconf 77' lang='grc' dir='ltr'>α</span> <span class='ocrx_word' id='word_1_289' title='bbox 1071 2952 1243 3007; x_wconf 83' lang='lat' dir='ltr'>Nocte</span> <span class='ocrx_word' id='word_1_290' title='bbox 1291 2949 1465 3005; x_wconf 77' lang='lat' dir='ltr'>etate</span> <span class='ocrx_word' id='word_1_291' title='bbox 1506 2956 1814 3021; x_wconf 83' lang='lat' dir='ltr'>operanteS‚</span> <span class='ocrx_word' id='word_1_292' title='bbox 1858 2964 1961 3002; x_wconf 91' lang='lat' dir='ltr'>non</span> <span class='ocrx_word' id='word_1_293' title='bbox 2006 2947 2161 3021; x_wconf 87' lang='lat' dir='ltr'>quasi</span> <span class='ocrx_word' id='word_1_294' title='bbox 2202 2962 2307 3001; x_wconf 90' lang='lat' dir='ltr'>non</span> 
     </span>
     <span class='ocr_line' id='line_1_32' title="bbox 311 3036 2308 3111; baseline -0.001 -20"><span class='ocrx_word' id='word_1_295' title='bbox 311 3036 661 3093; x_wconf 84' lang='lat' dir='ltr'>habuerimus</span> <span class='ocrx_word' id='word_1_296' title='bbox 681 3045 1024 3109; x_wconf 77' lang='lat' dir='ltr'>potestatem,</span> <span class='ocrx_word' id='word_1_297' title='bbox 1051 3058 1075 3089; x_wconf 72' lang='lat' dir='ltr'><strong>n</strong></span> <span class='ocrx_word' id='word_1_298' title='bbox 1105 3046 1210 3093; x_wconf 87' lang='lat' dir='ltr'>etc.</span> <span class='ocrx_word' id='word_1_299' title='bbox 1235 3037 1483 3093; x_wconf 84' lang='lat' dir='ltr'>Habebat</span> <span class='ocrx_word' id='word_1_300' title='bbox 1504 3053 1631 3111; x_wconf 76' lang='lat' dir='ltr'>ergo</span> <span class='ocrx_word' id='word_1_301' title='bbox 1661 3037 1952 3110; x_wconf 86' lang='lat' dir='ltr'>Apostolus</span> <span class='ocrx_word' id='word_1_302' title='bbox 1980 3042 2308 3107; x_wconf 82' lang='lat' dir='ltr'>potestatem</span> 
     </span>
     <span class='ocr_line' id='line_1_33' title="bbox 291 3122 2309 3195; baseline -0.005 -10"><span class='ocrx_word' id='word_1_303' title='bbox 291 3127 674 3185; x_wconf 77' lang='lat' dir='ltr'>manducandi</span> <span class='ocrx_word' id='word_1_304' title='bbox 705 3128 821 3183; x_wconf 85' lang='lat' dir='ltr'>sine</span> <span class='ocrx_word' id='word_1_305' title='bbox 850 3128 1034 3183; x_wconf 85' lang='lat' dir='ltr'>labore</span> <span class='ocrx_word' id='word_1_306' title='bbox 1059 3142 1336 3191; x_wconf 86' lang='lat' dir='ltr'>manuum,</span> <span class='ocrx_word' id='word_1_307' title='bbox 1370 3141 1475 3184; x_wconf 91' lang='lat' dir='ltr'>non</span> <span class='ocrx_word' id='word_1_308' title='bbox 1501 3127 1667 3195; x_wconf 82' lang='lat' dir='ltr'>igitur</span> <span class='ocrx_word' id='word_1_309' title='bbox 1698 3125 2078 3181; x_wconf 80' lang='lat' dir='ltr'>universaliter</span> <span class='ocrx_word' id='word_1_310' title='bbox 2105 3122 2309 3179; x_wconf 89' lang='lat' dir='ltr'>intelli-</span> 
     </span>
     <span class='ocr_line' id='line_1_34' title="bbox 311 3211 2305 3289; baseline -0.002 -20"><span class='ocrx_word' id='word_1_311' title='bbox 311 3217 547 3286; x_wconf 85' lang='lat' dir='ltr'>gendum</span> <span class='ocrx_word' id='word_1_312' title='bbox 577 3225 657 3271; x_wconf 85' lang='lat' dir='ltr'>cst</span> <span class='ocrx_word' id='word_1_313' title='bbox 687 3234 701 3271; x_wconf 71' lang='grc' dir='ltr'>ε</span> <span class='ocrx_word' id='word_1_314' title='bbox 731 3238 756 3269; x_wconf 73' lang='lat' dir='ltr'>a</span> <span class='ocrx_word' id='word_1_315' title='bbox 789 3217 844 3273; x_wconf 87' lang='lat' dir='ltr'>Si</span> <span class='ocrx_word' id='word_1_316' title='bbox 871 3217 996 3289; x_wconf 87' lang='lat' dir='ltr'>quis</span> <span class='ocrx_word' id='word_1_317' title='bbox 1027 3231 1128 3270; x_wconf 93' lang='lat' dir='ltr'>non</span> <span class='ocrx_word' id='word_1_318' title='bbox 1160 3214 1276 3269; x_wconf 91' lang='lat' dir='ltr'>vult</span> <span class='ocrx_word' id='word_1_319' title='bbox 1303 3214 1543 3286; x_wconf 81' lang='lat' dir='ltr'>operari,</span> <span class='ocrx_word' id='word_1_320' title='bbox 1567 3229 1669 3270; x_wconf 88' lang='lat' dir='ltr'>nec</span> <span class='ocrx_word' id='word_1_321' title='bbox 1696 3214 2008 3289; x_wconf 82' lang='lat' dir='ltr'>manducet.</span> <span class='ocrx_word' id='word_1_322' title='bbox 2050 3232 2076 3263; x_wconf 81' lang='grc'>»</span> <span class='ocrx_word' id='word_1_323' title='bbox 2104 3211 2206 3268; x_wconf 83' lang='lat' dir='ltr'>Sed</span> <span class='ocrx_word' id='word_1_324' title='bbox 2238 3212 2305 3266; x_wconf 84' lang='lat' dir='ltr'>de</span> 
     </span>
     <span class='ocr_line' id='line_1_35' title="bbox 311 3298 2307 3379; baseline -0.003 -20"><span class='ocrx_word' id='word_1_325' title='bbox 311 3305 508 3377; x_wconf 84' lang='lat' dir='ltr'>quibus</span> <span class='ocrx_word' id='word_1_326' title='bbox 551 3305 823 3379; x_wconf 82' lang='lat' dir='ltr'>loquatur,</span> <span class='ocrx_word' id='word_1_327' title='bbox 855 3312 1003 3378; x_wconf 70' lang='lat' dir='ltr'>patet</span> <span class='ocrx_word' id='word_1_328' title='bbox 1047 3303 1332 3359; x_wconf 85' lang='lat' dir='ltr'>manifeste</span> <span class='ocrx_word' id='word_1_329' title='bbox 1375 3320 1471 3375; x_wconf 81' lang='lat' dir='ltr'>per</span> <span class='ocrx_word' id='word_1_330' title='bbox 1510 3302 1639 3357; x_wconf 89' lang='lat' dir='ltr'>illud</span> <span class='ocrx_word' id='word_1_331' title='bbox 1678 3303 1823 3375; x_wconf 82' lang='lat' dir='ltr'>quod</span> <span class='ocrx_word' id='word_1_332' title='bbox 1859 3298 2149 3356; x_wconf 71' lang='lat' dir='ltr'>subditur:</span> <span class='ocrx_word' id='word_1_333' title='bbox 2185 3304 2307 3355; x_wconf 80' lang='lat' dir='ltr'>Au-</span> 
     </span>
     <span class='ocr_line' id='line_1_36' title="bbox 311 3388 2309 3465; baseline -0.003 -16"><span class='ocrx_word' id='word_1_334' title='bbox 311 3392 540 3449; x_wconf 81' lang='lat' dir='ltr'>divimus</span> <span class='ocrx_word' id='word_1_335' title='bbox 585 3394 725 3450; x_wconf 81' lang='lat' dir='ltr'>enim</span> <span class='ocrx_word' id='word_1_336' title='bbox 757 3395 908 3449; x_wconf 81' lang='lat' dir='ltr'>-inter</span> <span class='ocrx_word' id='word_1_337' title='bbox 937 3400 1026 3450; x_wconf 78' lang='lat' dir='ltr'>vos</span> <span class='ocrx_word' id='word_1_338' title='bbox 1053 3390 1302 3465; x_wconf 70' lang='lat' dir='ltr'>quosdam</span> <span class='ocrx_word' id='word_1_339' title='bbox 1329 3390 1659 3448; x_wconf 70' lang='lat' dir='ltr'>ambulantes</span> <span class='ocrx_word' id='word_1_340' title='bbox 1704 3390 1954 3463; x_wconf 75' lang='lat' dir='ltr'>inquiete,</span> <span class='ocrx_word' id='word_1_341' title='bbox 1997 3388 2133 3444; x_wconf 71' lang='lat' dir='ltr'>nihil</span> <span class='ocrx_word' id='word_1_342' title='bbox 2182 3405 2309 3460; x_wconf 79' lang='lat' dir='ltr'>ope·</span> 
     </span>
     <span class='ocr_line' id='line_1_37' title="bbox 309 3478 2307 3555; baseline -0.004 -15"><span class='ocrx_word' id='word_1_343' title='bbox 309 3490 513 3549; x_wconf 71' lang='lat' dir='ltr'>ranleS,</span> <span class='ocrx_word' id='word_1_344' title='bbox 565 3478 659 3539; x_wconf 70' lang='lat' dir='ltr'>s&#39;ecl</span> <span class='ocrx_word' id='word_1_345' title='bbox 696 3478 902 3539; x_wconf 77' lang='lat' dir='ltr'>curiose</span> <span class='ocrx_word' id='word_1_346' title='bbox 945 3490 1172 3555; x_wconf 63' lang='lat' dir='ltr'>offeratae,</span> <span class='ocrx_word' id='word_1_347' title='bbox 1216 3482 1412 3539; x_wconf 73' lang='lat' dir='ltr'>Glossa</span> <span class='ocrx_word' id='word_1_348' title='bbox 1444 3498 1458 3536; x_wconf 71' lang='grc' dir='ltr'><strong><em>ε</em></strong></span> <span class='ocrx_word' id='word_1_349' title='bbox 1492 3502 1515 3533; x_wconf 78' lang='grc' dir='ltr'><strong>α</strong></span> <span class='ocrx_word' id='word_1_350' title='bbox 1550 3481 1652 3550; x_wconf 92' lang='lat' dir='ltr'>Qui</span> <span class='ocrx_word' id='word_1_351' title='bbox 1697 3479 1842 3535; x_wconf 84' lang='lat' dir='ltr'>foeda</span> <span class='ocrx_word' id='word_1_352' title='bbox 1880 3494 2010 3533; x_wconf 84' lang='lat' dir='ltr'>cura</span> <span class='ocrx_word' id='word_1_353' title='bbox 2052 3493 2307 3533; x_wconf 75' lang='lat' dir='ltr'>necessa-</span> 
     </span>
     <span class='ocr_line' id='line_1_38' title="bbox 312 3566 2307 3648; baseline -0.004 -19"><span class='ocrx_word' id='word_1_354' title='bbox 312 3574 391 3629; x_wconf 87' lang='lat' dir='ltr'>ria</span> <span class='ocrx_word' id='word_1_355' title='bbox 421 3572 522 3631; x_wconf 81' lang='lat' dir='ltr'>sibi</span> <span class='ocrx_word' id='word_1_356' title='bbox 555 3574 862 3648; x_wconf 75' lang='lat' dir='ltr'>provident..</span> <span class='ocrx_word' id='word_1_357' title='bbox 900 3594 924 3625; x_wconf 83' lang='lat'>›&gt;</span> <span class='ocrx_word' id='word_1_358' title='bbox 956 3573 1059 3629; x_wconf 82' lang='lat' dir='ltr'>His</span> <span class='ocrx_word' id='word_1_359' title='bbox 1094 3579 1270 3627; x_wconf 77' lang='lat' dir='ltr'>autem</span> <span class='ocrx_word' id='word_1_360' title='bbox 1298 3571 1390 3646; x_wconf 80' lang='lat' dir='ltr'>qui</span> <span class='ocrx_word' id='word_1_361' title='bbox 1427 3570 1681 3642; x_wconf 79' lang='lat' dir='ltr'>ejusmodi</span> <span class='ocrx_word' id='word_1_362' title='bbox 1726 3575 1873 3633; x_wconf 76' lang='lat' dir='ltr'>sunt,</span> <span class='ocrx_word' id='word_1_363' title='bbox 1914 3566 2307 3631; x_wconf 74' lang='lat' dir='ltr'>denuntiamus,</span> 
     </span>
     <span class='ocr_line' id='line_1_39' title="bbox 310 3657 2308 3735; baseline -0.004 -17"><span class='ocrx_word' id='word_1_364' title='bbox 310 3669 370 3718; x_wconf 80' lang='lat' dir='ltr'>ut</span> <span class='ocrx_word' id='word_1_365' title='bbox 421 3678 539 3719; x_wconf 77' lang='lat' dir='ltr'>cum</span> <span class='ocrx_word' id='word_1_366' title='bbox 586 3662 796 3719; x_wconf 67' lang='lat' dir='ltr'>silentio</span> <span class='ocrx_word' id='word_1_367' title='bbox 847 3668 1124 3735; x_wconf 74' lang='lat' dir='ltr'>operantes</span> <span class='ocrx_word' id='word_1_368' title='bbox 1162 3675 1316 3715; x_wconf 81' lang='lat' dir='ltr'>snum</span> <span class='ocrx_word' id='word_1_369' title='bbox 1355 3672 1551 3734; x_wconf 79' lang='lat' dir='ltr'>panem</span> <span class='ocrx_word' id='word_1_370' title='bbox 1595 3658 1932 3714; x_wconf 73' lang='lat' dir='ltr'>vianducent.</span> <span class='ocrx_word' id='word_1_371' title='bbox 1984 3658 2117 3711; x_wconf 87' lang='lat' dir='ltr'>Cum</span> <span class='ocrx_word' id='word_1_372' title='bbox 2165 3657 2308 3711; x_wconf 88' lang='lat' dir='ltr'>enim</span> 
     </span>
     <span class='ocr_line' id='line_1_40' title="bbox 311 3744 2308 3823; baseline -0.003 -16"><span class='ocrx_word' id='word_1_373' title='bbox 311 3749 458 3807; x_wconf 87' lang='lat' dir='ltr'>nullo</span> <span class='ocrx_word' id='word_1_374' title='bbox 503 3752 926 3808; x_wconf 81' lang='lat' dir='ltr'>mododebeant</span> <span class='ocrx_word' id='word_1_375' title='bbox 969 3752 1114 3807; x_wconf 85' lang='lat' dir='ltr'>soeda</span> <span class='ocrx_word' id='word_1_376' title='bbox 1156 3764 1308 3814; x_wconf 88' lang='lat' dir='ltr'>cura,</span> <span class='ocrx_word' id='word_1_377' title='bbox 1355 3749 1410 3804; x_wconf 86' lang='lat' dir='ltr'>id</span> <span class='ocrx_word' id='word_1_378' title='bbox 1461 3754 1544 3804; x_wconf 87' lang='lat' dir='ltr'>cst</span> <span class='ocrx_word' id='word_1_379' title='bbox 1589 3746 1778 3823; x_wconf 81' lang='lat' dir='ltr'>illicito</span> <span class='ocrx_word' id='word_1_380' title='bbox 1823 3744 2058 3817; x_wconf 82' lang='lat' dir='ltr'>negoti0,</span> <span class='ocrx_word' id='word_1_381' title='bbox 2102 3744 2308 3802; x_wconf 82' lang='lat' dir='ltr'>victum</span> 
     </span>
     <span class='ocr_line' id='line_1_41' title="bbox 309 3830 2309 3923; baseline -0.002 -30"><span class='ocrx_word' id='word_1_382' title='bbox 309 3854 577 3923; x_wconf 61' lang='lat' dir='ltr'>quaerere,</span> <span class='ocrx_word' id='word_1_383' title='bbox 605 3840 660 3897; x_wconf 92' lang='lat' dir='ltr'>in</span> <span class='ocrx_word' id='word_1_384' title='bbox 691 3838 835 3897; x_wconf 88' lang='lat' dir='ltr'>idem</span> <span class='ocrx_word' id='word_1_385' title='bbox 865 3838 1005 3897; x_wconf 85' lang='lat' dir='ltr'>redit</span> <span class='ocrx_word' id='word_1_386' title='bbox 1033 3854 1127 3897; x_wconf 87' lang='lat' dir='ltr'>eos</span> <span class='ocrx_word' id='word_1_387' title='bbox 1155 3855 1262 3896; x_wconf 90' lang='lat' dir='ltr'>non</span> <span class='ocrx_word' id='word_1_388' title='bbox 1288 3837 1522 3914; x_wconf 80' lang='lat' dir='ltr'>operari,</span> <span class='ocrx_word' id='word_1_389' title='bbox 1554 3841 1609 3896; x_wconf 86' lang='lat' dir='ltr'>et</span> <span class='ocrx_word' id='word_1_390' title='bbox 1635 3850 1739 3895; x_wconf 90' lang='lat' dir='ltr'>non</span> <span class='ocrx_word' id='word_1_391' title='bbox 1771 3834 2119 3893; x_wconf 81' lang='lat' dir='ltr'>manducare.</span> <span class='ocrx_word' id='word_1_392' title='bbox 2152 3830 2309 3904; x_wconf 83' lang='lat' dir='ltr'>Quod</span> 
     </span>
    </p>
   </div>
  </div>
 </body>
</html>
