2784 4392
515 251 637 318 148
994 271 1049 319 s.
1091 271 1325 324 worm
1364 269 1690 322 Aoumms
1732 269 2044 316 opuseum

517 372 736 464 publice
775 389 1114 459 confitentes,
1144 390 1282 447 alias
1311 405 1418 446 non
1458 389 1647 446 liceret
1690 389 1953 446 militibus
1992 389 2071 445 ire
2100 389 2245 447 ultra
2275 403 2447 458 mare,
2478 397 2543 449 et

520 496 791 554 exponere
816 495 874 536 se
903 477 1090 536 multis
1114 479 1370 553 perieulis
1395 481 1619 552 propter
1647 475 1845 536 Christi
1871 472 2152 536 honorem.

589 570 672 626 Ad
703 570 924 626 tertium
953 569 1224 624 decimum
1259 568 1571 635 dicendum,
1606 568 1750 640 quod
1788 568 1948 624 homo
1983 585 2166 625 rerum
2196 585 2421 628 suarum
2445 575 2537 628 est

518 659 790 729 dominuS,
832 675 938 714 non
983 665 1166 714 autem
1217 671 1400 714 rerum
1447 657 1808 724 alterius,·et
1851 655 1975 714 ideo
2022 656 2279 730 injuriam
2322 658 2539 718 faceret-

518 747 674 803 alteri
706 747 751 802 si
785 747 1154 819 possessiones
1191 747 1239 802 ei
1270 745 1531 814 auferret,
1568 763 1675 803 non
1719 754 1903 802 autem
1935 747 1977 802 si
2024 749 2393 818 possessiones
2424 750 2536 807 sibi

518 837 712 903 aufert,
745 837 997 908 injuriam
1027 835 1130 891 sibi
1164 830 1295 904 facit
1330 852 1344 891 :
1377 842 1599 909 propter
1626 835 1770 908 quod
1798 835 2002 892 dicitur
2032 837 2085 891 in
2111 835 2146 891 v
2177 837 2351 894 Echio.
2382 837 2537 909 quod

520 945 545 977 «
579 941 682 978 non
709 934 790 990 est
832 924 1098 995 injustitia
1131 920 1367 982 hominis
1410 924 1480 980 ad
1510 925 1766 996 seipsum,
1798 924 2014 995 proprie
2046 925 2315 998 loquendo
2343 926 2412 982 de
2441 927 2536 982 in-

513 1013 747 1084 justitia.
783 1031 808 1063 »
836 1013 903 1067 Et
930 1021 1212 1084 praeterea,
1243 1014 1334 1085 qui
1368 1012 1527 1070 alteri
1559 1029 1657 1068 sua
1685 1012 1881 1081 aufert,
1915 1011 2125 1070 inducit
2156 1029 2280 1069 eum
2305 1011 2361 1068 in
2390 1031 2538 1086 pau-

518 1083 790 1172 pertatem
839 1098 1280 1170 involuntariam,
1339 1119 1463 1176 quae
1514 1109 1597 1158 est
1646 1101 1951 1172 periculosa
2002 1117 2015 1155 t
2063 1101 2156 1174 qui
2204 1108 2388 1158 autem
2428 1119 2537 1162 sua

520 1187 765 1256 dimittit,
814 1187 1020 1244 inducit
1059 1207 1116 1245 se
1159 1192 1212 1244 in
1255 1196 1638 1263 paupertatem
1670 1189 2053 1259 voluntariam,
2088 1207 2213 1264 quae
2242 1198 2323 1249 est
2358 1193 2539 1248 meri-

520 1277 678 1343 toria,
712 1276 755 1331 si
785 1277 859 1333 sit
884 1283 1104 1349 propter
1130 1277 1403 1335 Christum
1434 1287 1711 1352 suscepta.

589 1366 670 1422 Ad
702 1374 957 1438 quartum
985 1365 1252 1422 decimum
1295 1366 1606 1435 dicendum,
1637 1368 1783 1440 quod
1812 1367 1956 1424 sicut
1990 1383 2153 1441 supra
2182 1365 2391 1426 dietum
2422 1378 2531 1436 est,

493 1453 781 1511 'Dominus
811 1455 1098 1530 pecuniam
1125 1457 1390 1512 reservari
1422 1454 1551 1512 fecit
1577 1455 1644 1512 ad
1672 1459 2008 1528 necessarios
2034 1473 2183 1528 usus,
2212 1463 2274 1514 ut
2297 1459 2539 1516 infirmis

520 1545 1001 1608 condescenderet,
1034 1551 1088 1600 et
1119 1545 1240 1601 ideo
1271 1561 1378 1602 non
1414 1550 1497 1602 est
1523 1548 1885 1620 reputandum
1920 1563 2013 1620 pro
2038 1547 2448 1620 superstitione,
2486 1551 2533 1604 si

519 1633 687 1706 aliqui
735 1633 960 1707 perfecti
1005 1633 1108 1690 viri
1152 1635 1439 1707 pecuniam
1481 1651 1763 1691 reservare
1798 1635 2009 1690 nolunt.
2056 1636 2208 1692 Sicut
2260 1633 2429 1691 etiam
2470 1645 2537 1692 ut

520 1722 750 1778 infirmis
805 1723 1286 1791 condescenderet,
1335 1741 1459 1780 cum
1514 1723 1816 1801 publicanis
1864 1717 2187 1780 comedebat
2241 1727 2297 1780 et
2341 1725 2534 1780 vinum

517 1811 710 1865 bibens
741 1819 795 1866 et
839 1811 945 1866 illis
993 1812 1214 1867 cibariis
1257 1813 1620 1868 communiter
1650 1823 1827 1868 utens.
1860 1811 1974 1868 Nec
2014 1820 2195 1869 tamen
2240 1815 2535 1886 reputandi

517 1906 646 1956 sunt
670 1899 1036 1972 superstitiosi
1067 1900 1244 1955 saneti
1268 1902 1458 1955 Patres
1486 1901 1539 1955 in
1566 1917 1767 1968 erem0,
1792 1901 1884 1974 qui
1912 1917 1945 1958 a
1968 1902 2117 1968 vino,
2146 1906 2201 1957 et
2226 1900 2348 1958 aliis
2373 1899 2537 1960 ciba-

518 1989 616 2044 riis
644 1987 895 2044 delicatis
919 1987 1304 2054 abstinebant;
1343 1995 1400 2044 et
1432 1993 1615 2045 tamen
1654 1991 1918 2045 Dominus
1960 1989 2212 2064 quamvis
2244 1991 2538 2062 pecuniam

518 2077 786 2133 reservari
818 2075 1027 2143 fecerit,
1061 2091 1166 2132 non
1193 2083 1378 2132 tamen
1404 2093 1525 2134 eam
1564 2077 1631 2132 de
1662 2075 1935 2152 aliquibus
1965 2076 2199 2152 propriis
2226 2081 2539 2152 possessio-

518 2163 680 2219 nibus
713 2163 966 2232 habebat,
998 2165 1094 2220 sed
1138 2165 1313 2235 magis
1341 2166 1391 2220 ei
1423 2181 1455 2221 a
1484 2162 1736 2222 fidelibus
1782 2180 1877 2238 per
1905 2166 2127 2222 modum
2168 2166 2539 2242 eleemosynae

521 2253 962 2322 ministrabatur,
1005 2253 1150 2310 unde
1191 2253 1393 2310 dicitur
1430 2255 1565 2311 Luc.
1616 2271 1741 2323 vul,
1782 2254 1927 2327 quod
1976 2253 2233 2312 mulieres
2273 2255 2537 2330 quaedam

519 2344 891 2418 sequebantur
910 2343 1211 2400 vDominum
1241 2343 1631 2425 ministrantes·
1647 2344 1713 2400 de
1742 2340 2096 2400 facultatibus
2123 2343 2257 2401 suis.

591 2435 674 2490 Ad
719 2434 990 2490 decimum
1041 2433 1290 2516 quintum
1325 2433 1638 2500 dicendum,
1682 2431 1829 2506 quod
1880 2431 2127 2506 Apostoli
2175 2433 2537 2492 reservabant

518 2524 799 2600 pecuniae,
829 2533 884 2580 et
915 2523 1081 2580 etiam
1109 2521 1461 2594 colligebant,
1499 2530 1558 2578 ut
1590 2522 1797 2578 sanctis
1818 2521 2169 2594 pauperibuS,
2202 2523 2296 2595 qui
2322 2523 2538 2592 praedia

521 2630 618 2670 sua
657 2613 1017 2670 vendiderant
1055 2613 1276 2684 propter
1317 2609 1613 2680 Christum,
1640 2611 1955 2667 'necessaria
1998 2607 2391 2679 ministrarent,
2428 2629 2539 2670 nec

521 2708 706 2756 tamen
734 2701 852 2757 illas
882 2697 1140 2772 pecunias
1162 2697 1439 2754 habebant
1461 2697 1528 2754 de
1552 2699 1825 2773 aliquibus
1856 2696 2307 2774 possessionibus,
2338 2700 2435 2756 sed
2460 2713 2537 2758 ex

520 2787 881 2860 eleemosynis
925 2787 1185 2843 fidelium.
1235 2785 1394 2858 Quod
1444 2788 1614 2844 etiam
1656 2789 1875 2857 dicitur,
1919 2788 2066 2860 quod
2104 2787 2283 2844 nullus
2325 2803 2538 2860 egenus
2578 2783 2581 2786 ’

520 2882 639 2931 erat
667 2872 810 2932 inter
833 2891 946 2942 θος,
979 2889 1084 2930 non
1115 2879 1199 2930 est
1237 2875 1654 2947 intelligendum
1697 2877 1828 2950 quin
1864 2875 2109 2949 Apostoli
2136 2879 2207 2932 'et
2235 2869 2539 2949 primitivas

518 2960 780 3022 Ecclesiae
798 2963 1049 3036 discipuli
1071 2963 1274 3021 multas
1289 2972 1565 3036 egestates
1581 2972 1634 3021 et
1650 2965 1907 3039 penurias
1928 2965 2289 3021 sustinuerint
2309 2971 2540 3038 propter

519 3051 973 3124 Christum,·cum
1001 3052 1215 3110 dicatur
1240 3052 1264 3110 1
1293 3053 1416 3110 Cor.
1451 3069 1527 3121 tv,
1564 3055 1621 3108 ll
1666 3071 1679 3108 ε
1713 3055 1880 3126 Usque
1913 3053 1973 3108 in
1996 3053 2145 3108 *hanc
2178 3051 2367 3109 horam
2408 3069 2540 3110 esu-

521 3143 714 3209 rimus,
749 3149 801 3200 et
835 3140 1069 3208 sitimus,
1097 3149 1243 3213 etc.;
1286 3150 1341 3199 et
1369 3141 1418 3198 11
1456 3143 1580 3198 Cor.
1620 3157 1702 3210 vi,
1737 3145 1768 3198 4
1800 3159 1813 3198 ε
1856 3141 1925 3198 In
1950 3143 2121 3205 multa
2158 3141 2442 3216 patientia,
2470 3143 2539 3200 in

522 3228 979 3298 tribulationibm,
1009 3231 1070 3288 in
1097 3229 1514 3296 necessitatibus,
1541 3231 1735 3288 Glossa
1766 3249 1778 3286 :
1806 3249 1832 3284 t(
1856 3231 2054 3298 victus,
2082 3229 2168 3286 vel
2190 3230 2426 3288 vestitus
2454 3247 2469 3286 τ
2502 3249 2535 3284 ι»

519 3325 615 3378 sed
648 3337 777 3395 quia
801 3316 886 3376 his
905 3335 1028 3392 quae
1052 3318 1237 3376 haberi
1266 3327 1540 3392 poterant,
1570 3320 1864 3392 unicuique
1892 3318 2192 3376 secundum
2217 3319 2363 3392 quod
2394 3335 2541 3392 opus

520 3417 660 3478 erat,
694 3403 1008 3467 tribuebant
1032 3415 1091 3464 ut
1121 3417 1388 3482 quantum
1414 3408 1493 3464 eis
1534 3407 1764 3465 facultas
1798 3414 2135 3481 suppeteret,
2164 3407 2405 3465 omnium
2442 3406 2540 3464 in-

520 3496 830 3572 dulgentias
853 3497 1184 3556 relevarent.
1378 3499 1383 3505 '
2450 3574 2455 3578 ¹

591 3589 674 3646 Ad
701 3590 972 3646 decimum
994 3596 1206 3645 sextum
1234 3585 1547 3655 dicendum,
1572 3586 1719 3658 quod
1744 3585 1995 3658 quamvis
2012 3582 2142 3640 illud
2170 3587 2535 3656 praeceptum,

521 3677 582 3734 in
606 3679 750 3734 viam
775 3674 1014 3750 qentium
1041 3694 1107 3734 ne
1135 3674 1401 3742 abieritis,
1440 3675 1604 3732 suerit
1633 3682 1757 3749 post
1796 3675 2252 3732 resurrectionem
2284 3672 2541 3730 totaliter

521 3775 859 3832 revocatum,
891 3778 954 3822 eo
979 3764 1126 3840 quod
1153 3767 1386 3838 primum
1416 3763 1706 3836 oportebat
1734 3762 1939 3820 Judaeis
1968 3761 2195 3819 verbum
2222 3761 2322 3818 Dei
2355 3760 2534 3833 loqui,

525 3853 690 3909 etsie
720 3855 951 3910 transire
983 3855 1049 3911 ad
1092 3859 1305 3926 genteS,
1345 3861 1409 3910 ut
1440 3853 1641 3909 dicitur
1683 3856 1808 3910 Act.
1841 3866 1972 3924 xm,
2017 3857 2202 3909 tamen
2243 3849 2349 3908 hoc
2384 3851 2541 3924 quod
