2784 4392
623 337 755 382 nv,
784 351 866 366 —
893 337 1132 382 comm
1173 337 1387 383 mres.
1435 338 1539 384 nm
1581 330 1753 383 cunr.
1801 330 1877 382 m·
1916 335 2123 380 meme.
2260 315 2382 392 215

370 448 419 505 si
457 447 510 505 in
555 465 615 508 se
665 449 942 508 flammam
982 452 1156 509 sancti
1205 452 1436 510 fervoris
1478 452 1750 519 accendit,
1802 451 1859 507 in
1910 456 2177 524 quantum
2229 449 2379 506 locus

371 538 632 606 admittit,
666 539 719 595 in
747 547 1012 613 quantum
1041 556 1208 598 causa
1242 541 1432 614 exigit,
1464 540 1727 598 debemus
1767 555 1865 613 pro
1909 538 2223 596 defensione
2252 540 2379 611 jus-

373 627 513 684 titiae
539 629 895 702 nosmetipsos
929 629 1186 702 objicere,
1220 636 1273 685 et
1311 631 1582 702 perversis
1613 629 1681 686 ad
1709 629 1913 701 injusta
1942 627 2374 701 erumpentibuS,

373 718 539 772 etiam
577 733 701 773 cum
741 719 809 774 ab
850 719 928 774 eis
969 734 1075 774 non
1121 719 1440 791 quaerimur,
1472 718 1713 774 obviare.
1750 718 1889 773 Nam
1936 732 2061 772 cum
2101 717 2379 788 justitiam

373 821 539 876 quam
569 822 666 861 nos
691 822 936 864 amamus
982 808 1037 862 in
1071 806 1194 863 aliis
1233 807 1455 873 feriunt,
1491 822 1587 863 nos
1629 806 1981 862 nihilominus
2014 820 2113 862 sua
2151 820 2383 878 percus-

373 894 524 949 sione
569 895 906 962 confodiunt,
936 896 1102 951 etiam
1145 896 1190 950 si
1235 895 1483 952 venerari
1536 895 1847 952 videantur.
1883 913 1909 945 »
1938 895 2020 948 Ex
2063 908 2171 966 quo
2205 899 2377 966 patet,

373 981 520 1054 quod
560 982 788 1055 perfecti
828 983 930 1039 viri
973 982 1170 1040 debent
1199 999 1258 1040 se
1304 983 1445 1041 ultro
1487 985 1734 1060 ingerere
1777 983 1847 1042 ad
1885 983 2118 1042 aliorum
2155 983 2383 1054 injurias

373 1061 732 1143 repellendaS,
761 1071 928 1127 etiam
950 1087 1052 1128 non
1084 1073 1387 1144 provocati.

445 1159 602 1214 Item.
633 1159 713 1215 Ad
743 1159 980 1215 officium
1008 1159 1295 1217 charitatis
1322 1161 1562 1234 pertinet
1586 1161 1732 1235 quod
1767 1160 1965 1234 aliquis
1998 1175 2288 1233 oppressos
2312 1159 2383 1215 ab

374 1247 805 1318 opprimentibus
844 1247 1056 1315 liberet,
1098 1250 1397 1304 secundum
1439 1248 1569 1305 illud
1611 1248 1939 1317 Job.·xx1x‚
1973 1251 2041 1304 ⁴7
2072 1265 2091 1306 .·
2123 1247 2381 1306 Contere-

373 1333 492 1390 bam
517 1335 680 1392 molas
697 1335 873 1407 iniqui
893 1343 944 1392 et
966 1335 1026 1391 de
1049 1336 1291 1392 dentibus
1315 1336 1463 1394 illius
1504 1337 1810 1409 auferebam
1850 1336 2117 1410 praedam,
2136 1346 2191 1393 et
2217 1338 2381 1391 Prov-

375 1425 618 1490 xx1v‚⁴⁴
643 1423 826 1479 :Erue
839 1441 921 1480 eos
941 1423 1033 1496 qui
1055 1425 1328 1482 ducantur
1347 1426 1419 1482 ad
1435 1431 1677 1490 mortem,
1691 1430 1747 1480 et
1775 1425 1830 1479 in
1854 1425 2053 1480 Psalm.
2083 1439 2285 1493 Lxxxl,
2310 1427 2379 1480 4:

377 1500 596 1583 Eripite
612 1529 924 1586 pauperem,
947 1520 996 1569 et
1021 1529 1238 1585 egenum
1266 1515 1328 1570 de
1349 1529 1515 1570 manu
1541 1511 1832 1585 peccatoris
1852 1511 2093 1569 liberate.
2123 1512 2228 1568 Sed
2274 1511 2381 1569 ali-

378 1601 501 1670 quis
526 1606 740 1656 tenetur
770 1602 836 1658 ad
869 1602 1229 1673 impendenda
1257 1601 1545 1658 charitatis
1572 1599 1750 1656 officia
1780 1601 1954 1671 magis
1987 1599 2095 1655 illis
2122 1601 2217 1672 qui
2248 1609 2378 1656 sunt

378 1689 480 1742 sibi
529 1690 702 1762 magis
741 1691 1052 1762 conjuncti3
1081 1691 1175 1745 sed
1218 1690 1393 1762 magis
1430 1690 1707 1761 conjuncti
1744 1697 1872 1745 sunt
1913 1687 2167 1760 religioso
2212 1688 2377 1744 alicui

379 1775 575 1833 fratres
603 1793 718 1834 suae
747 1779 1058 1851 religioni33
1086 1795 1212 1850 ergo
1247 1778 1410 1834 debet
1437 1777 1736 1833 secundum
1769 1776 2095 1834 charitatem
2125 1777 2382 1832 resistere

381 1865 505 1934 illie,
539 1868 631 1941 qui
675 1867 872 1924 fratres
913 1868 1187 1940 religionis
1223 1883 1339 1926 suae
1389 1868 1639 1924 nituntur
1680 1865 2003 1939 opprimere.
2035 1866 2125 1923 Sic
2154 1881 2284 1938 ergo
2314 1881 2381 1921 ex

381 1955 631 2011 omnibus
681 1957 960 2030 praedictis
1005 1963 1156 2030 patet
1202 1958 1347 2031 quod
1401 1956 1641 2027 religiosi
1684 1970 1794 2010 non
1841 1954 2017 2010 solum
2073 1954 2240 2020 licite,
2286 1956 2383 2012 sed

381 2045 546 2100 etiam
573 2044 920 2103 laudabiliter
946 2046 1218 2104 interdum
1239 2047 1505 2104 resistunt
1532 2045 1806 2102 violentiis
1834 2050 1891 2100 et
1914 2043 2197 2102 fraudibus
2220 2044 2384 2102 mali-

381 2148 630 2204 gnorum.

451 2220 743 2276 Sciendum
771 2226 853 2275 est
882 2235 1030 2291 ergo,
1060 2221 1204 2292 quod
1231 2220 1523 2294 aliquando
1544 2221 1921 2292 religiosorum
1948 2221 2249 2278 adversarii
2274 2221 2377 2278 im·

382 2313 625 2381 pugnant
653 2307 824 2381 ipsam
865 2307 1200 2378 religionem,
1227 2309 1312 2364 vel
1361 2307 1735 2380 religiosorum
1780 2314 2004 2374 statum,
2034 2309 2089 2364 in
2134 2308 2217 2364 his
2260 2325 2387 2382 quae

385 2396 452 2453 ad
493 2395 798 2468 spiritualia
839 2398 1140 2470 pertinent;
1173 2395 1464 2468 aliquando
1495 2397 1705 2452 veroin
1750 2397 2158 2467 temporalibus·
2185 2397 2255 2452 Et
2302 2397 2385 2453 si-

385 2484 604 2559 quidem
633 2485 690 2540 in
717 2485 1092 2558 spiritualibus
1119 2485 1525 2556 impugnentur,
1556 2483 1687 2538 totis
1728 2482 1935 2538 viribus
1983 2486 2238 2539 resistere
2285 2486 2387 2540 de-

385 2573 534 2640 bent,
562 2581 618 2628 et
649 2575 927 2646 praecipue
967 2573 1019 2629 in
1068 2572 1174 2628 illis
1211 2573 1266 2628 in
1295 2572 1495 2645 quibus
1532 2587 1636 2633 non
1680 2571 1855 2627 solum
1902 2571 2027 2638 sibi,
2060 2572 2154 2628 sed
2184 2579 2240 2628 et
2264 2571 2388 2629 aliis

389 2668 630 2733 prosunt,
665 2665 791 2736 quia
821 2673 944 2719 curn
975 2661 1252 2734 religionis
1281 2667 1486 2718 statum
1527 2677 1635 2716 non
1661 2666 1961 2728 assumant,
1995 2661 2098 2716 nisi
2129 2667 2189 2716 ut
2218 2662 2389 2734 spiri-

390 2751 624 2807 tualibus
651 2761 864 2819 vacent‚
895 2767 989 2824 per
1032 2750 1337 2823 hujusmodi
1369 2749 1833 2822 impugnationem
1875 2748 2224 2822 perfectionis
2252 2765 2386 2822 pro-

391 2841 626 2912 positum
666 2841 977 2912 impeditur.
1006 2839 1158 2896 Unde
1191 2840 1332 2895 sicut
1361 2839 1711 2912 perfectionis
1751 2844 1925 2895 estut
1966 2838 2127 2894 homo
2166 2838 2385 2911 persee-

394 2929 555 2984 tionis
581 2929 916 3002 propositum
945 2928 1238 2995 custodiat,
1269 2928 1344 2982 ita
1377 2926 1547 2982 etiam
1583 2935 1642 2984 ut
1681 2926 2102 3000 impedientibus
2136 2927 2383 2986 resistat.

368 3015 443 3071 ·Si
472 3023 655 3073 autem
684 3033 779 3088 pro
810 3015 1362 3089 temporalibuS,tunc
1391 3014 1739 3086 perfectionis
1762 3023 1865 3082 est,
1895 3025 1953 3070 ut
1978 3017 2103 3089 quis
2125 3015 2385 3072 damnum

389 3106 656 3175 patienter
684 3107 967 3166 sustineat,
1002 3104 1144 3177 qnod
1185 3104 1362 3176 vergit
1397 3103 1452 3158 in
1481 3119 1639 3160 suum
1684 3104 1959 3176 proprium
1994 3103 2384 3159 detrimentum

389 3193 487 3248 nisi
519 3193 656 3249 sorte
682 3193 929 3249 inserenti
958 3192 1272 3249 violentiam
1301 3191 1585 3247 consulere
1612 3190 1795 3257 vellet,
1825 3193 1941 3264 ejus
1962 3190 2189 3248 malitiae
2213 3191 2386 3248 resis-

389 3282 568 3349 tendo,
607 3289 667 3338 ut
689 3298 786 3355 per
811 3283 1192 3339 auctoritatem
1219 3281 1483 3352 Gregorii·
1502 3279 1822 3352 praedictam
1864 3284 2036 3353 patet,
2066 3280 2160 3335 sed
2191 3279 2246 3335 in
2276 3279 2385 3336 illis

387 3385 510 3442 quae
543 3370 611 3425 ad
649 3370 1034 3426 detrimentum
1072 3385 1359 3426 commune
1398 3362 1671 3442 pertinent
1716 3369 1883 3425 etiam
1926 3368 2243 3440 temporale,
2274 3384 2385 3424 non

386 3465 468 3513 est
494 3455 859 3531 perfectionis,
891 3458 984 3514 sed
1012 3458 1356 3530 negligentiae
1382 3457 1467 3514 vel
1494 3456 1976 3529 pusillanimitatis,
2009 3456 2138 3513 talia
2173 3455 2385 3512 incom’-

385 3547 564 3612 moda,
588 3546 718 3602 dum
763 3547 935 3619 possit
979 3546 1250 3613 resistere,
1280 3547 1567 3612 sustinere,
1598 3561 1723 3602 cum
1767 3545 1966 3619 aliquis
2002 3561 2071 3600 ex
2112 3543 2385 3602 charitate

389 3640 652 3700 teneatur,
670 3634 798 3689 dum
820 3640 1016 3705 potest,
1034 3635 1401 3706 proximorum
1435 3633 1791 3689 incommodis
1815 3632 2054 3699 obviare,
2082 3631 2385 3691 secundum

386 3717 514 3778 illud
563 3722 707 3794 quod
751 3721 950 3778 dicitur
989 3722 1147 3777 Prov.
1197 3736 1359 3787 xxiv,
1389 3723 1448 3776 Η
1501 3737 1513 3776 z
1552 3719 1704 3779 Erue
1747 3737 1831 3776 eos
1866 3722 1959 3797 qui
1992 3721 2268 3781 ducuntur
2314 3722 2386 3781 ad

386 3819 621 3877 mortem,
646 3818 753 3865 ete.

457 3899 539 3956 Ad
582 3899 714 3956 illud
755 3913 884 3970 ergo
926 3899 1070 3974 quod
1117 3898 1291 3973 primo
1334 3897 1606 3972 objicitur,
1651 3900 1940 3958 dicendum
1988 3902 2147 3978 quod·
2184 3901 2243 3961 iu
2288 3901 2384 3961 illo
