2784 4392
576 252 698 317 132
1055 270 1110 319 e.
1151 269 1387 317 worm
1426 268 1757 335 nemum
1796 268 2111 318 ornacum

577 394 640 442 ut
682 386 851 444 etiam
897 386 1130 461 privatis
1165 386 1443 461 operibus,
1480 385 1727 463 Apostoli
1768 395 2107 465 praeceptum
2156 404 2261 449 non
2305 398 2587 467 transgre-

577 475 824 543 diuntur,
857 474 1108 535 manibus
1144 491 1250 531 non
1294 482 1604 551 operanteS,
1638 476 1765 551 quia
1809 492 1915 538 non
1945 476 2277 537 laboriosam
2323 482 2495 539 vitam
2524 500 2587 539 ex

574 564 801 637 pigritia
843 564 1133 637 rugientes,
1165 564 1324 621 vacui
1355 570 1411 623 et
1456 565 1618 625 otiosi
1661 568 1851 623 volunt
1892 565 2064 643 pasci,
2110 568 2205 625 sed
2251 569 2584 628 abundantia

575 651 752 709 divini
781 654 984 713 amoris
1012 654 1083 711 ab
1127 654 1274 711 omni
1311 654 1569 711 exteriori
1610 670 1773 728 opere
1811 655 2185 725 retrahuntur,
2231 664 2293 714 ut
2336 666 2583 717 contem-

575 740 804 821 plationi
829 747 1045 813 vacent,
1067 761 1095 797 n
1116 748 1177 803 ut
1193 758 1292 820 per
1319 743 1679 804 auctoritates
1698 758 1867 820 supra
1885 744 2139 806 inductas
2156 746 2452 824 probatum
2480 757 2579 809 est.

1345 922 1632 997 CAPUT
1694 922 1809 997 VI.

576 1055 683 1125 ‚An
709 1056 1016 1143 reliqiosis
1043 1058 1221 1123 liceat
1249 1058 1451 1123 omnia
1477 1074 1594 1123 sua
1618 1058 1975 1140 relinquere,
2004 1058 2127 1127 sibi
2144 1057 2307 1127 nihil
2332 1064 2585 1131 retium

1101 1150 1170 1211 in
1189 1150 1471 1231 proprio,
1501 1164 1605 1215 mc
1632 1149 1701 1211 in
1728 1149 2049 1214 communi.

641 1280 926 1341 Praedictis
949 1285 1135 1337 autem
1172 1295 1279 1337 non
1317 1282 1561 1341 contenti
1606 1280 1907 1341 adversarii
1952 1282 2225 1358 veritatis,
2252 1285 2580 1361 religionum

570 1372 817 1429 omnium
844 1369 1258 1427 fundamentum
1282 1370 1354 1428 ab
1379 1370 1499 1443 ipso
1525 1370 1757 1431 Domino
1782 1370 2012 1431 firmiter
2034 1372 2364 1431 collocatum
2392 1378 2583 1434 nitun-

568 1468 661 1517 tur
689 1466 956 1526 evertere,
985 1458 1242 1517 videlicet
1271 1466 1670 1537 paupertatem,
1699 1459 1947 1517 dicentes
1974 1460 2226 1519 illicitum
2256 1462 2373 1521 fore
2402 1468 2583 1532 omni-

568 1551 672 1609 bus
701 1549 942 1615 dimissis
972 1564 1266 1623 pauperem
1305 1542 1625 1623 religionem
1663 1549 1892 1623 ingredi,
1918 1566 2043 1625 quae
2086 1553 2461 1625 possessiones
2490 1565 2581 1613 aut

568 1640 782 1698 reditus
804 1654 914 1697 nou
950 1638 1172 1707 habeat,
1198 1638 1304 1697 nisi
1333 1638 1475 1697 sorte
1508 1637 1611 1697 sub
1658 1638 1935 1711 proposito
1980 1634 2233 1713 manibus
2270 1640 2577 1713 laborandi,

569 1729 893 1787 inducentes
947 1728 1018 1785 ad
1063 1727 1533 1787 confirmationem
1579 1727 1663 1784 eui
1710 1727 1912 1785 erroris
1965 1728 2109 1802 quod
2162 1729 2367 1786 dicitur
2419 1733 2574 1790 Prov.

569 1832 717 1887 xxx,
748 1822 821 1877 8:
848 1815 1248 1875 Mendicitatem
1275 1822 1326 1875 et
1353 1815 1579 1873 divitias
1617 1831 1683 1873 nc
1719 1814 1928 1874 dederis
1963 1816 2119 1885 mihi,
2152 1817 2329 1875 tribue
2369 1826 2579 1881 tantum

567 1906 737 1965 victui
772 1921 885 1969 meo
926 1904 1246 1971 necessaria,
1266 1920 1332 1961 ne
1367 1902 1511 1977 forte
1542 1904 1775 1965 satiatus
1802 1903 2011 1962 illiciar
2036 1906 2109 1963 ad
2134 1906 2457 1981 neqandum,
2486 1918 2581 1968 aut

569 2000 793 2067 egestate
819 1992 1110 2065 compulsus
1131 1992 1310 2064 furer,
1337 1998 1386 2049 et
1410 1992 1687 2067 perjure-m
1714 2009 1904 2049 nomen
1929 1994 2031 2051 Dei
2065 1996 2170 2053 mei
2200 1996 2337 2053 :sed
2368 1996 2463 2053 ille
2482 1994 2577 2073 'qui

569 2082 814 2139 dimissis
834 2080 1086 2139 omnibus
1121 2096 1420 2154 pauperem
1461 2080 1779 2155 religionem
1824 2083 2011 2151 intrat,
2040 2100 2167 2157 quae
2207 2088 2581 2155 possessiones

568 2185 678 2229 non
707 2170 893 2238 habet,
919 2170 1127 2230 victum
1161 2168 1266 2227 sibi
1303 2171 1672 2230 necessarium
1703 2169 1900 2239 aufert,
1946 2167 2287 2229 mendicitati
2318 2187 2379 2229 se
2408 2190 2583 2250 expo-

567 2276 724 2329 nene,
748 2260 1022 2334 praecipue
1047 2260 1096 2317 si
1122 2275 1230 2317 non
1245 2258 1448 2319 habeat
1471 2261 1811 2335 propositum
1840 2259 2025 2335 labore
2053 2277 2316 2322 manuum
2346 2266 2573 2331 victum,

568 2350 894 2423 quaerendi:
921 2364 1051 2423 ergo
1093 2347 1389 2407 committit
1432 2363 1491 2409 se
1534 2347 1778 2425 periculo
1826 2348 1957 2407 furti
2004 2355 2061 2407 et
2098 2350 2325 2429 perjurii
2371 2353 2430 2414 in
2472 2369 2577 2429 quo

567 2438 1011 2514 reprehensibilis
1037 2438 1277 2497 videtur.
2592 2436 2597 2441 ’

635 2530 795 2589 Item.
821 2528 1097 2595 Eccl.vt1‚
1126 2525 1482 2596 ⁴2,dieitur:
1517 2524 1719 2588 Utilior
1744 2530 1822 2583 est
1860 2526 2131 2600 rapientia
2170 2545 2290 2589 cum
2333 2528 2578 2605 diuitiis,-

565 2618 764 2675 Glossa
796 2636 810 2676 t
844 2637 872 2673 α
904 2632 1069 2691 quam
1107 2614 1244 2675 sola.
1274 2634 1300 2669 ³>
1330 2616 1474 2688 Ergo
1520 2614 2021 2690 reprehensibiliter
2054 2616 2167 2689 agit
2214 2618 2307 2691 qui
2354 2622 2580 2692 sapien-

566 2708 704 2764 tiam
728 2706 848 2763 eine
870 2705 1080 2763 divitiis
1103 2702 1390 2779 praeeligit,
1410 2702 1635 2764 divitias
1655 2702 1987 2779 relinquens,
2005 2711 2063 2761 ut
2087 2705 2373 2782 sapientiae
2396 2717 2577 2767 vacet.

661 2802 796 2855 tem.
840 2786 992 2853 Eccl.
1036 2808 1227 2861 xxvu,
1255 2795 1279 2851 ⁴
1312 2791 1816 2867 diciturzPropter
1852 2792 2089 2869 inopiam
2134 2792 2293 2850 multi
2340 2788 2582 2869 delique-

565 2888 722 2949 runt,
762 2878 960 2939 Glossa
999 2896 1015 2939 z
1047 2900 1077 2937 α
1121 2887 1343 2957 propter
1381 2878 1621 2955 inopiam
1663 2876 1847 2936 cordis
1892 2885 1949 2936 et
1989 2879 2189 2955 operis..
2226 2897 2253 2931 »
2284 2880 2391 2937 Sed
2443 2882 2579 2937 illud

565 2971 716 3046 quod
746 2976 834 3029 eet
859 2984 1027 3029 causa
1053 2968 1304 3045 periculi,
1331 2976 1416 3029 eet
1456 2966 1772 3043 fugiendum
1800 2985 1815 3023 ε
1847 2982 1977 3045 ergo
2020 2966 2217 3044 aliquis
2258 2984 2321 3027 se
2357 2970 2581 3044 inopem

562 3050 748 3119 facere
773 3074 884 3121 non
906 3057 1070 3117 debet
1098 3057 1282 3119 omnia
1309 3074 1409 3117 sua
1437 3055 1815 3131 relinquendo.

635 3150 796 3207 Item.
824 3149 874 3207 11
897 3148 966 3207 ad
991 3150 1116 3207 Cor.
1145 3163 1274 3216 vm,
1307 3149 1397 3215 ⁴2,
1423 3144 1717 3221 Apostolus
1752 3144 1847 3205 dat
1874 3144 2105 3203 sormam
2144 3144 2399 3203 fidelibus
2427 3148 2583 3206 elee-

563 3254 824 3313 mosynas
864 3237 1099 3295 faciendi
1140 3236 1223 3297 sic
1263 3235 1453 3295 dicens
1484 3233 1609 3293 :Sic
1635 3234 1879 3293 voluntas
1902 3240 2154 3311 prompta
2184 3242 2261 3292 eet
2287 3238 2579 3296 secundum

562 3328 624 3385 id
648 3327 796 3401 quod.
821 3326 992 3393 habet,
1020 3325 1257 3387 Glossa:
1290 3344 1318 3381 α
1345 3331 1408 3383 ut
1447 3323 1758 3381 necessaria
1805 3324 2039 3382 retineat
2082 3330 2298 3383 tantum
2344 3336 2583 3400 accepta

563 3410 670 3485 eet,
693 3433 802 3475 non
840 3416 1126 3473 secundum
1161 3412 1232 3471 ad
1271 3412 1410 3487 quod
1452 3430 1561 3471 mm
1588 3412 1760 3481 habet,
1786 3412 1843 3468 id
1880 3420 1983 3485 est,
2015 3411 2161 3467 ultra
2192 3411 2357 3469 vireS.
2391 3434 2418 3467 >2
2448 3416 2583 3474 Νοη

564 3506 706 3563 enim
733 3506 929 3565 volout
955 3504 1082 3563 aliis
1109 3502 1371 3569 remissio,
1394 3500 1541 3559 vobis
1566 3509 1743 3560 autem
1770 3454 2071 3559 tribulatae.
2100 3499 2314 3568 messa,
2334 3522 2361 3554 α
2382 3502 2437 3559 id
2468 3512 2577 3575 est,

561 3605 880 3669 paupertas,
917 3612 966 3647 »
966 3592 1086 3651 Sed
1126 3591 1218 3649 ille
1247 3592 1343 3665 qui
1373 3590 1557 3649 omnia
1585 3591 1700 3659 dat,
1734 3594 1841 3649 non
1874 3590 2073 3647 retinet
2099 3591 2413 3647 necessaria
2444 3594 2577 3661 sibi,

561 3684 660 3740 sed
692 3682 834 3740 ultra
875 3680 1021 3739 vires
1061 3679 1199 3737 dens
1228 3684 1609 3754 paupertatem
1636 3677 1869 3751 patitur.
1914 3678 2057 3755 Ergo
2101 3668 2415 3739 inordinate
2450 3678 2573 3749 dat,

563 3778 622 3827 et
648 3782 843 3828 contra
867 3770 1100 3827 formam
1126 3768 1198 3829 ab
1218 3766 1481 3843 Apostolo
1504 3768 1787 3825 traditam.

634 3858 792 3941 Item.
820 3860 848 3915 1
874 3858 1250 3933 Thess.v,12
1279 3870 1444 3949 super
1473 3854 1654 3927 illud:
1685 3854 1955 3943 Roqamtts
1998 3862 2175 3930 autem
2208 3870 2301 3915 vos
2341 3854 2583 3951 fratres,Y
