2784 4392
767 257 878 304 κν.
907 273 988 290 -
1013 257 1092 304 nr.
1131 256 1437 305 memma
1477 257 1817 305 remonon
2170 238 2295 302 275

291 388 403 430 non
427 378 502 431 est
523 380 907 449 transmersus,
931 380 982 433 et
1007 374 1188 448 facere
1215 376 1382 444 mala,
1413 381 1467 434 et
1497 392 1605 433 non
1640 376 1787 449 tecit.
1809 374 1891 431 Ex
1918 388 2028 448 quo
2052 372 2212 448 quasi
2240 372 2301 430 iu

293 462 517 520 virtutis
544 479 708 537 opere
735 464 997 536 probatus
1025 465 1302 522 iuvenitur
1344 463 1539 532 fidelis,
1574 464 1717 521 unde
1746 463 2047 520 secundum
2088 461 2299 520 Biantis

290 553 672 625 proverbium:
703 572 730 606 α
763 553 1107 627 Principatus
1135 557 1316 612 virum
1343 553 1607 610 ostendit.
1642 573 1669 608 »
1693 552 1847 609 Multi
1873 552 2019 609 enim
2048 553 2117 610 ad
2144 551 2304 625 prin-

289 641 504 712 cipatus
529 641 746 698 culmen
773 642 1154 716 pervenientes
1179 657 1212 700 a
1237 643 1445 700 virtute
1468 643 1749 710 deficiunt,
1782 642 1878 715 qui
1907 641 2039 698 dum
2062 641 2117 697 in
2148 645 2299 698 statu

289 735 471 786 essent
499 731 706 798 infimo,
737 731 972 788 virtuosi
1001 731 1348 790 videbantur.

356 819 480 893 Ipsa
504 819 671 892 igitur
709 819 1021 888 diffieultaS,
1050 837 1178 893 quae
1203 820 1541 894 principibus
1569 821 1820 876 imminet
1848 819 1918 876 ad
1960 818 2098 876 bene
2126 828 2301 890 agen-

287 907 438 976 dum,
470 923 564 964 eos
589 907 722 964 facit
759 909 952 980 maj0ri
988 909 1215 983 praemio
1245 910 1465 981 dignos,
1488 917 1545 966 et
1569 909 1615 964 si
1646 908 1939 982 aliquando
1968 924 2067 981 per
2092 905 2301 963 infimi-

288 1001 459 1054 tatem
505 999 882 1070 peccaverint,
929 998 1075 1071 apud
1111 998 1358 1054 homines
1400 997 1827 1056 excusabiliores
1868 996 2194 1062 redduntur,
2240 1004 2299 1050 et

287 1085 502 1141 facilius
521 1102 553 1142 a
582 1086 697 1142 Deo
724 1091 942 1143 veniam
977 1092 1378 1158 promerentur,
1409 1085 1457 1142 si
1502 1094 1685 1142 tamen
1721 1090 1785 1144 ut
1810 1084 2149 1156 Augustinus
2186 1085 2299 1154 ait,

289 1191 387 1248 pro
415 1175 528 1230 suis
555 1176 797 1247 peccatis
835 1174 1182 1240 humilitatiS,
1215 1180 1274 1230 et
1305 1174 1693 1240 miserationiS,
1722 1179 1777 1230 et
1807 1166 2038 1231 orationi
2079 1172 2298 1230 sacrifl-

286 1263 432 1320 cium
456 1265 570 1320 Deo
593 1279 693 1320 suo
709 1279 837 1322 vero
864 1263 1135 1321 immolari
1155 1278 1263 1319 non
1286 1262 1592 1335 negligunt.
1618 1263 1681 1318 In
1708 1263 1866 1334 cujus
1883 1263 1962 1318 rei
1990 1261 2299 1335 exemplum

287 1351 356 1406 de
382 1351 571 1429 Achab
597 1368 725 1424 rege
753 1351 920 1408 Israel
945 1351 1040 1424 qui
1065 1351 1301 1407 multum
1328 1356 1675 1424 peccaverat,
1695 1352 1959 1407 Dominus
1988 1350 2059 1406 ad
2084 1350 2299 1430 Heliam

287 1439 466 1496 dixit.
502 1441 904 1511 (lllReg.xx1,
938 1441 1067 1510 29).
1097 1440 1238 1506 Quia
1262 1439 1580 1497 humiliatus
1607 1445 1683 1495 est
1708 1439 1817 1496 mei
1852 1455 2034 1506 causa,
2063 1455 2170 1494 non
2202 1439 2297 1495 in-

287 1528 474 1583 ducam
497 1528 590 1583 hoc
614 1529 816 1584 malum
839 1528 900 1584 in
929 1527 1109 1583 diebus
1127 1529 1278 1585 suis.
1325 1563 1332 1572 -
2190 1545 2195 1552 ·

357 1618 480 1672 Non
504 1621 688 1673 autem
730 1615 906 1672 solum
949 1617 1164 1672 ratione
1211 1615 1551 1692 ostenditur.
1573 1567 1721 1689 quod
1766 1614 1986 1686 regibus
2026 1613 2302 1672 excellens

290 1706 576 1778 praemium
593 1704 876 1772 debeatur,
901 1705 998 1760 sed
1024 1705 1194 1761 etiam
1221 1703 1552 1761 auctoritate
1576 1704 1764 1761 divina
1785 1704 2055 1760 firmatur.
2083 1702 2300 1761 Dicitur

289 1794 514 1850 enimin
542 1791 771 1848 zachar.
800 1807 907 1860 xn,
940 1793 1131 1866 quod
1119 1810 1175 1847 in
1212 1793 1305 1849 illa
1333 1792 1695 1849 beatitudinis
1719 1793 1943 1864 diequa
1972 1791 2077 1851 erit
2104 1791 2300 1848 Domi-

290 1899 392 1938 nus
416 1888 692 1955 protector
721 1880 1097 1939 habitantibus
1130 1882 1186 1937 in
1209 1881 1569 1948 matusalem,
1598 1883 1653 1938 id
1698 1887 1783 1938 est
1808 1883 1866 1938 in
1894 1881 2104 1938 visione
2143 1880 2298 1953 pacis

291 1981 529 2038 aeternae,
560 1970 790 2027 aliorum
833 1971 1028 2027 domus
1069 1977 1228 2026 erunt
1271 1971 1415 2028 sieut
1462 1971 1656 2028 domus
1685 1971 1881 2039 David,
1915 1971 2048 2044 quia
2087 1969 2297 2027 scilicet

289 2075 477 2116 omnes
499 2075 658 2131 reges
684 2064 845 2114 erunt
874 2065 930 2115 et
957 2059 1263 2130 regnabunt
1286 2075 1415 2115 cum
1452 2060 1687 2127 Christo,
1718 2061 1863 2117 sicut
1902 2059 2149 2116 membra
2171 2075 2299 2115 cum

289 2149 500 2220 capite;
522 2147 617 2205 se'd
647 2148 842 2203 domus
866 2147 1043 2204 David
1068 2147 1173 2204 erit
1196 2148 1340 2204 sicut
1365 2149 1561 2205 domus
1579 2149 1699 2218 Dei,
1728 2149 1859 2222 quia
1886 2149 2031 2205 sicut
2057 2147 2299 2220 regendo

290 2235 527 2291 fideliter
547 2235 648 2290 Dei
673 2233 910 2290 officium
937 2235 1106 2306 gessit
1135 2237 1189 2291 in
1216 2231 1437 2308 populo,
1464 2237 1542 2293 ita
1567 2237 1625 2292 in
1662 2236 1885 2310 praemio
1920 2237 2036 2292 Deo
2066 2237 2297 2308 propin-

291 2325 452 2398 quius
479 2323 584 2379 erit
609 2329 664 2378 et
704 2321 1015 2380 inhaerebit.
1060 2324 1176 2378 Hoe
1203 2317 1372 2379 etiam
1401 2323 1505 2378 fuit
1549 2325 1693 2397 apud
1724 2323 1956 2397 gentiles
1984 2322 2300 2396 aliqualiter

291 2412 652 2478 somniatum,
699 2412 830 2467 dum
869 2411 1161 2468 civitatum
1206 2419 1449 2478 rectores
1498 2423 1667 2486 atque
1713 2419 2024 2470 servatores
2067 2411 2127 2469 in
2161 2411 2296 2468 deos

294 2498 666 2558 transformari
695 2498 984 2572 putabant.

1067 2731 1350 2824 CAPUT
1420 2732 1513 2808 Χ..

299 2881 478 2958 Quod
499 2897 606 2944 rex
635 2886 692 2944 et
707 2882 994 2961 princeps
1019 2883 1258 2946 studere
1285 2882 1449 2946 debet
1474 2883 1556 2946 ad
1583 2882 1797 2946 bonum
1823 2883 2085 2964 regimen
2104 2898 2302 2964 prop-

373 2977 462 3034 ter
503 2969 717 3032 bonum
760 2971 862 3032 sui
901 2971 1100 3049 ipsius
1144 2977 1202 3034 et
1238 2973 1392 3034 utile
1418 2973 1581 3052 quod
1605 2965 1743 3035 inde
1786 2974 2083 3054 sequitur,
2122 2972 2303 3055 cujus

369 3059 741 3123 contrarium
762 3060 1038 3150 requitur
1064 3060 1326 3139 reyimen
1349 3062 1756 3138 tyrannicum.

261 3277 268 3286 Ι
359 3211 496 3266 Cum
525 3208 744 3280 regibus
773 3213 886 3266 tam
914 3208 1163 3280 grande
1149 3225 1205 3264 in
1234 3208 1447 3266 coelesti
1471 3209 1817 3268 beatitudine
1850 3209 2133 3283 praemium
2164 3225 2298 3282 pro-

289 3305 542 3372 ponatur,
573 3297 620 3353 si
652 3297 790 3353 bene
826 3297 881 3352 in
910 3297 1148 3368 regendo
1190 3313 1250 3354 se
1278 3297 1590 3367 habuerint,
1620 3297 1868 3370 diligenti
1893 3312 2024 3354 cura
2058 3314 2116 3353 se
2146 3297 2303 3384 ipsos

291 3387 580 3442 observare
610 3385 828 3454 debent,
862 3403 929 3442 ne
952 3387 1008 3442 in
1037 3387 1382 3460 tyrannidem
1424 3395 1835 3444 convertantur.
1874 3387 2020 3444 Nihil
2046 3387 2191 3443 enim
2204 3388 2303 3444 eis

291 3473 683 3548 acceptabilius
708 3491 828 3530 esse
855 3475 1038 3544 debet,
1071 3491 1238 3548 quam
1277 3477 1425 3548 quod
1450 3493 1519 3532 ex
1552 3476 1756 3533 honore
1790 3477 1941 3548 regio
1978 3492 2088 3550 quo
2116 3475 2295 3532 subli-

291 3571 510 3620 mantur
535 3565 589 3619 in
636 3563 814 3632 terrie,
845 3565 899 3621 in
940 3563 1174 3620 caelestis
1204 3564 1357 3636 regni
1404 3564 1633 3636 gloriam
1677 3566 2097 3622 transferantur.
2122 3565 2293 3624 Erant

292 3669 419 3709 vero
445 3655 660 3726 tyranni
691 3655 784 3726 qui
811 3661 1032 3727 propter
1057 3653 1310 3726 quaedam
1343 3659 1560 3711 terrena
1584 3654 1869 3710 commoda
1886 3653 2171 3726 justitiam
2189 3653 2293 3710 de·-

291 3749 507 3812 serunt3
534 3745 629 3817 qui
659 3750 812 3800 tanto
838 3744 1121 3815 privantur
1148 3743 1394 3816 praemi0‚
1427 3743 1573 3816 quod
1608 3743 1837 3816 adipisci
1864 3735 2131 3816 poterant'
2142 3745 2293 3816 juste

293 3833 550 3904 regendo.
578 3832 734 3904 Quod
764 3839 947 3892 autem
976 3832 1205 3891 stultum
1233 3835 1305 3890 sit
1333 3849 1431 3907 pro
1452 3833 1759 3908 hujusmodi
1782 3833 1969 3908 parvis
1992 3839 2049 3892 et
2075 3841 2294 3908 tempo·
2358 3845 2369 3852 ·
