2784 4392
519 268 686 313 ,χιιι
715 282 797 298 -
823 268 1066 314 eon-nu
1103 268 1288 315 num.
1333 270 1486 315 nom.
1530 272 1615 317 As
1652 272 1897 317 mense.
1944 273 2155 319 nuno.
2273 254 2351 316 27

340 384 535 443 matth.
570 400 696 454 xlx,
726 387 785 445 2⁴
827 386 931 443 :Si
970 385 1051 443 vis
1089 386 1353 461 perfectus
1400 405 1525 455 esse,
1568 389 1697 445 vuele
1743 396 1794 445 et
1819 390 1981 446 vende
2019 388 2199 447 omnia
2237 404 2353 462 quoe

341 472 516 542 habes,
553 481 604 532 et
638 475 710 531 da
748 476 1094 549 pauperibus,
1129 476 1205 533 illi
1239 477 1340 534 soli
1372 479 1445 535 sit
1484 479 1692 546 datum,
1740 479 1825 535 vel
1854 478 2021 535 etiam
2058 478 2348 542 universis.

343 566 487 636 quod
529 566 878 625 considerare
923 581 1213 639 possumus
1250 584 1316 623 ex
1362 567 1454 623 his
1494 584 1619 640 quae
1658 574 1981 642 sequuntur.
2030 569 2163 624 Cum
2206 566 2351 624 enim

339 654 533 710 Petrus
561 654 788 711 dixisset
813 656 863 712 ei
895 672 910 711 ε
953 656 1088 713 Eece
1111 672 1204 712 uos
1228 657 1540 729 reliquimus
1567 656 1766 723 omnia,
1794 664 1843 715 et
1868 657 2035 715 secuti
2069 674 2249 713 sumus
2275 665 2346 722 te,

341 744 721 801 universaliter
762 745 1049 818 praernium
1085 746 1336 803 omnibus
1371 748 1568 803 statuit
1596 748 1824 803 dicens:
1857 748 2043 804 Omnis
2086 746 2179 819 qui
2212 746 2350 803 reli-

343 833 517 905 querit
558 833 769 890 domum
803 836 884 891 vel
909 834 1135 905 fratres,
1167 841 1295 901 etc„
1322 843 1551 909 propter
1588 852 1773 891 nomeu
1812 852 2003 902 meum,
2047 836 2347 907 centuplum

342 923 581 995 accipiet,
607 931 656 980 et
681 923 848 980 vitam
877 930 1132 979 oeternam
1161 924 1463 996 possidebit.
1499 926 1617 981 Non
1652 926 1828 981 minus
1856 940 1985 997 ergo
2010 924 2346 997 sequendum

343 1021 426 1067 est
461 1012 564 1068 hoc
591 1012 879 1068 consilium
909 1012 979 1069 ab
1007 1028 1352 1085 unoquoque,
1386 1029 1551 1086 quam
1582 1015 1624 1069 si
1673 1013 1964 1086 uuicuique
2002 1011 2350 1086 singulariter

343 1116 410 1157 ex
447 1101 615 1174 ipsius
655 1116 749 1157 ore
796 1101 1072 1157 dominico
1111 1101 1464 1172 proferretur.
1508 1102 1661 1159 Unde
1708 1094 2071 1175 Hieronymus
2099 1102 2233 1157 dicit
2280 1100 2348 1156 ad

341 1190 625 1246 Paulinum
667 1189 1049 1263 presbyterum
1089 1204 1103 1243 t
1155 1190 1234 1245 Tu
1272 1190 1459 1246 audita
1505 1192 1765 1247 sententia
1806 1191 2099 1248 Salvatoris
2140 1189 2246 1245 :Si
2268 1189 2348 1245 vis

337 1278 602 1350 perfectus
630 1294 754 1344 esse,
784 1278 916 1334 vade
944 1285 996 1335 et
1021 1278 1180 1332 vende
1207 1279 1384 1334 omnia
1416 1296 1529 1349 (μαι)
1564 1280 1734 1345 trabes,
1764 1287 1813 1336 et
1836 1280 1907 1335 da
1929 1279 2274 1351 pauperibus,
2300 1284 2348 1333 et

343 1366 462 1419 veui
505 1381 716 1436 sequere
742 1382 840 1431 me,
884 1365 1047 1433 verbu
1087 1365 1254 1421 vertis
1282 1365 1339 1419 iu
1381 1383 1575 1437 operm
1594 1372 1643 1422 et
1691 1365 1888 1421 medam
1928 1382 2135 1420 crucem
2176 1364 2349 1420 nudus

342 1462 554 1525 sequeus
577 1453 876 1525 expeditior
903 1460 951 1508 et
982 1453 1148 1509 levior
1171 1453 1451 1508 ascendens
1473 1454 1665 1509 scalam
1688 1454 1867 1509 Jacob.
1896 1452 2157 1521 Quamvis
2182 1453 2349 1508 etium

345 1540 673 1598 adolescenti
709 1540 936 1613 loquens
972 1540 1321 1612 singulariter
1355 1541 1423 1597 ad
1466 1542 1639 1611 ipsum
1675 1541 1840 1597 verba
1872 1540 2176 1612 protulerit,
2222 1539 2348 1596 alibi

347 1637 528 1685 tamen
557 1631 699 1684 idem
725 1630 1007 1685 consilium
1033 1630 1411 1685 universaliter
1434 1629 1657 1701 protulit
1679 1628 1865 1684 dicens
1881 1628 2069 1683 Matth.
2100 1644 2217 1693 xvi,
2241 1630 2306 1685 24
2333 1645 2345 1681 ε

346 1719 402 1773 Si
431 1718 548 1789 quis
587 1718 699 1773 vult
739 1723 854 1788 post
891 1734 967 1773 me
1007 1718 1209 1783 venire,
1240 1718 1452 1789 abneyet
1495 1716 1848 1789 semetipsum,
1890 1723 1936 1771 et
1970 1716 2117 1772 tollat
2147 1732 2347 1771 crucem

345 1823 516 1870 suam,
558 1813 608 1862 et
643 1813 896 1878 sequatur
921 1823 1029 1873 me;
1060 1806 1153 1861 ubi
1183 1806 1316 1862 dicit
1346 1807 1783 1879 chrysostomus,
1817 1805 1959 1878 quod
2006 1825 2030 1856 α
2066 1821 2349 1861 commune

343 1894 448 1950 hoc
469 1896 664 1966 dogma
690 1895 806 1950 orbi
839 1902 1108 1952 terrarum
1147 1896 1397 1967 proponit
1426 1895 1614 1951 dicens
1647 1911 1660 1949 z
1691 1893 1750 1949 Si
1774 1893 1891 1965 quis
1916 1895 2048 1958 vult,
2088 1894 2140 1948 id
2166 1901 2267 1957 ost,
2302 1893 2346 1948 si

343 1984 446 2049 vir,
474 1983 518 2037 si
558 1983 770 2052 mulier,
804 1984 849 2040 si
887 2001 1002 2049 rex,
1037 1985 1080 2039 si
1124 1984 1276 2051 liber,
1309 1985 1354 2040 si
1386 2000 1595 2040 servus.
1646 2006 1671 2034 »
1717 1982 2020 2054 Abnegatio
2050 1988 2231 2037 alitem
2264 1983 2345 2038 sui

344 2072 532 2143 ipsius,
578 2072 876 2129 secundum
919 2073 1198 2138 Basilium,
1248 2081 1332 2129 est
1375 2072 1561 2128 totalis
1604 2073 2003 2143 praeteritorum
2052 2070 2251 2126 oblivio
2295 2080 2349 2127 ct

344 2174 590 2215 recessus
618 2175 649 2215 a
674 2160 907 2232 propriis
932 2159 1322 2216 voluntatibus,
1352 2161 1419 2215 Et
1440 2163 1519 2217 sic
1546 2168 1699 2233 patet
1725 2159 1868 2232 quod
1904 2160 1957 2215 in
1985 2158 2087 2214 hac
2110 2158 2351 2231 abnega-

345 2247 491 2303 tione
531 2248 811 2320 suiipsius
849 2248 1173 2320 intelligitur
1215 2250 1380 2305 etiam
1412 2250 1697 2323 dispositio
1734 2249 2069 2312 divitiarum,
2098 2264 2221 2319 quae
2258 2266 2351 2317 por

346 2336 678 2392 voluntatem
706 2338 983 2409 propriam
1013 2338 1376 2409 possidentur.
1404 2338 1493 2395 Sic
1520 2340 1682 2410 igilur
1706 2336 1989 2393 consilium
2018 2334 2346 2391 adoloscrnti

346 2440 376 2479 a
418 2426 648 2481 Domino
677 2426 865 2482 datum
896 2426 976 2483 sic
1016 2436 1099 2483 est
1129 2426 1525 2499 accipiendum,
1559 2443 1623 2482 ac
1648 2427 1693 2481 si
1724 2426 1973 2481 omnibus
2012 2442 2076 2479 ex
2120 2440 2211 2479 ore
2238 2424 2351 2477 Do-

343 2514 474 2568 mini
505 2523 915 2587 proponeretur.
943 2516 1048 2572 Sed
1078 2517 1129 2571 in
1151 2516 1509 2588 'responsione
1535 2514 1814 2587 praemissa
1840 2513 2018 2568 adhuc
2043 2512 2187 2567 aliud
2216 2528 2352 2567 con-

343 2604 573 2659 siderari
605 2611 836 2675 oportet.
876 2606 995 2661 Jam
1030 2606 1172 2661 enim
1205 2614 1481 2661 ostensum
1511 2610 1611 2667 est,
1656 2602 1799 2676 quod
1829 2600 2028 2657 locutio
2058 2616 2162 2672 qua
2196 2598 2350 2654 nobis

346 2691 606 2746 Dominus
647 2692 886 2764 loquitur
928 2694 981 2747 in
1016 2694 1331 2766 ScripturiS,
1365 2693 1509 2749 idern
1559 2693 1716 2749 habet
1744 2688 2088 2748 auctoritatis
2116 2688 2345 2762 ponduS,

346 2796 410 2836 ac
435 2780 478 2836 si
509 2780 670 2856 verba
703 2782 771 2836 ab
800 2782 915 2853 ipso
945 2783 1244 2839 salvatoris
1272 2798 1365 2837 ore
1395 2782 1782 2855 proferrentur.

414 2867 511 2922 Est
539 2874 723 2923 autem
754 2874 808 2923 et
856 2869 996 2925 alius
1045 2869 1235 2924 modus
1259 2886 1366 2941 quo
1411 2870 1556 2925 Deus
1593 2869 1818 2925 interius
1844 2866 2047 2924 homiui
2088 2864 2347 2939 loquitur,

345 2957 646 3013 secundum
674 2956 804 3011 illud
842 2958 1041 3013 Psalm.
1076 2974 1314 3024 mxxxiv,
1348 2962 1380 3014 9
1415 2974 1427 3012 :
1470 2958 1705 3013 Audiam
1742 2957 1871 3030 quid
1905 2957 2153 3027 loquatur
2182 2953 2241 3008 iu
2270 2968 2350 3007 me

344 3044 602 3101 Dominus
652 3046 818 3112 Deus;
858 3062 982 3118 quae
1021 3047 1240 3119 quidem
1285 3046 1485 3102 locutio
1529 3046 1751 3102 cuilibet
1791 3044 2046 3101 locutioni
2091 3039 2349 3098 exteriori

343 3135 698 3206 praeponitur.
745 3136 888 3189 Dicit
916 3135 1058 3189 euim
1108 3136 1408 3205 Gregorius
1455 3136 1507 3189 in
1552 3133 1748 3189 Homil.
1792 3135 2139 3189 pentecostes
2182 3148 2193 3184 ι
2242 3128 2351 3201 Ipse

345 3223 588 3280 eonditor
615 3239 719 3277 nou
743 3224 816 3278 ad
841 3223 1191 3278 eruditionem
1217 3222 1443 3279 hominis
1468 3222 1726 3295 loquitur,
1756 3221 1803 3276 si
1828 3222 1990 3277 eidem
2019 3218 2223 3277 homini
2246 3232 2349 3290 per

344 3312 645 3368 unctionem
687 3312 925 3383 Spiritus
955 3329 1058 3367 uon
1085 3312 1354 3383 loquatur.
1389 3313 1546 3369 Certe
1580 3310 1717 3368 Cain
1738 3310 2058 3383 priusquam
2085 3305 2350 3378 fratrici-

344 3400 491 3455 dium
515 3416 668 3473 opere
687 3407 1045 3471 perpetraret,
1071 3400 1278 3456 audivit
1308 3418 1319 3454 ι
1348 3400 1614 3466 Peccasti,
1642 3400 1886 3473 quiesce.
1910 3397 2009 3453 Sed
2031 3395 2154 3467 quia
2182 3392 2350 3464 culpis

342 3489 455 3545 suis
484 3489 808 3558 exiqentibus
852 3489 963 3543 sola
1006 3503 1123 3541 voce
1163 3495 1239 3543 est
1283 3486 1605 3551 admonitus,
1651 3503 1757 3541 uon
1804 3484 2047 3540 unctione
2088 3480 2346 3551 Spiritus,

344 3570 535 3633 audiv-'e
579 3580 738 3632 verba
782 3578 880 3632 Dei
923 3577 1122 3648 potuit,
1172 3574 1258 3629 sed
1303 3591 1518 3630 servare
1560 3572 1883 3645 contempsit.
1929 3572 1983 3628 Si
2031 3570 2199 3641 igitur
2231 3568 2349 3625 voci

254 3731 262 3735 ¹
343 3668 643 3721 conditoris
685 3662 1181 3737 exteriusprolatae
1220 3663 1409 3717 statim
1450 3661 1809 3718 obediendum
1853 3665 2013 3726 esset,
2045 3668 2107 3715 ut
2136 3659 2346 3729 dicunt,

343 3754 515 3809 multo
563 3755 736 3825 magis
777 3755 1022 3809 interiori
1069 3750 1350 3818 locutioni,
1403 3767 1511 3824 qua
1566 3749 1801 3823 Spiritus
1843 3754 2067 3806 sanctus
2113 3754 2349 3805 mentem

341 3842 618 3913 immutat,
651 3843 905 3899 resistere
935 3842 1116 3900 nullus
1151 3841 1333 3911 debet,
1375 3840 1472 3901 sed
1501 3839 1705 3915 absque
1734 3838 2077 3899 dtibitatione
2104 3836 2347 3895 obedire.
