2784 4392
782 287 892 336 xv.
920 303 1003 320 -
1029 285 1107 331 nn
1149 284 1455 330 anamma·
1478 282 1834 344 ,ammomum
1952 304 1956 309 -
2193 252 2314 326 2117

307 408 454 486 quod
483 431 509 465 α
543 406 848 483 respublica
883 402 1006 462 'sive
1043 402 1241 459 civitas
1293 403 1428 459 bene
1468 397 1735 473 disposita
1784 396 2035 455 melodiae
2086 397 2316 474 vocibus

307 507 674 574 comparatur,
706 497 759 553 in
791 508 899 569 qua
935 494 1171 550 diversis
1199 492 1346 547 sonis
1385 488 1813 563 proportionatis
1854 487 1922 543 ad
1966 487 2221 552 invicem,
2251 486 2315 542 fit

282 598 503 649 -cantus
527 588 710 646 suavis
747 586 817 643 et‘·
845 578 1187 640 delectabilis
1227 579 1469 645 auribus,
1506 598 1533 630 ›>
1562 592 1687 652 quae
1714 576 1933 649 proprie
1960 574 2061 631 suit
2086 575 2143 631 in
2171 581 2321 631 statu

307 678 635 736 innocentiae
671 672 918 745 regulata
967 684 1034 726 ex
1073 670 1278 737 virtute
1320 666 1603 742 originalis
1634 664 1867 738 justitiae
1906 669 2105 735 praeter
2136 667 2319 720 actum

307 767 508 824 divinae
539 762 866 839 cognitionis
899 777 914 817 ι
953 757 1098 814 unde
1139 755 1474 816 causabatur
1512 753 1939 826 contemplativa
1981 751 2236 818 felicitas,
2266 760 2323 807 et

304 856 474 913 >etiam
501 854 661 909 modo
685 844 986 908 secundum
1015 846 1311 919 quamdam
1352 844 1751 919 participatam
1789 842 2050 897 virtutem
2086 840 2139 896 in
2186 840 2322 896 viris

307 941 583 1017 perfecti3‚
604 945 665 996 ut
689 937 820 994 nihil
847 934 1018 992 velint
1043 934 1147 990 nisi
1169 932 1314 1005 quod
1343 932 1531 1003 regula
1564 930 1789 987 mandat
1816 930 2064 994 rationis,
2092 934 2150 985 et
2173 927 2319 1002 quod

311 1034 421 1089 Deo
449 1030 652 1104 placet:
676 1028 746 1083 Et
768 1040 836 1081 ex
863 1024 967 1081 hac
992 1023 1212 1097 quidem
1249 1021 1460 1077 ratione
1488 1026 1679 1097 motus*
1697 1018 1799 1073 fuit
1828 1001 2202 1089 Philosophus,
2230 1032 2321 1071 as-

306 1120 548 1179 similare
572 1114 964 1189 rempublicam
995 1128 1090 1167 seu
1121 1109 1371 1183 politiam
1411 1107 1646 1165 naturali
1677 1114 1733 1163 et
1780 1105 2039 1177 organico
2080 1106 2316 1177 corpori,

307 1212 362 1266 in
392 1223 501 1283 quo
528 1214 654 1264 sunt
689 1210 870 1261 motus
894 1194 1264 1273 dependentes
1290 1214 1358 1253 ex
1382 1212 1491 1253 uno
1524 1202 1777 1252 movente
1820 1196 1937 1252 sive
1969 1210 2038 1250 ex
2084 1192 2317 1261 duobuS,

306 1306 368 1355 ut
394 1305 522 1355 sunt
545 1310 639 1352 cor
666 1299 722 1350 et
753 1291 1057 1354 cerebrum,
1088 1292 1145 1343 et
1183 1292 1366 1343 tamen
1399 1287 1454 1341 in
1484 1284 1729 1358 qualibet
1758 1291 1915 1356 parte
1952 1276 2199 1356 corporis
2238 1290 2321 1339 est

307 1388 552 1462 operatio
579 1384 798 1459 propria
828 1381 1022 1455 primis·
1041 1376 1281 1435 motibus
1319 1376 1753 1448 correspondens
1794 1380 1850 1429 et
1891 1373 1944 1429 in
1992 1371 2319 1429 alterutrum

307 1474 730 1532 subministrans
757 1486 770 1525 ε
795 1468 942 1524 unde
967 1466 1071 1521 hoc
1093 1478 1294 1535 corpus
1323 1461 1493 1519 divini
1526 1461 1767 1516 muneris
1797 1458 2060 1514 beneficio
2090 1459 2319 1515 animari

309 1564 524 1627 asserit,
553 1566 608 1615 et
646 1557 792 1632 quod
827 1568 1058 1611 summae
1099 1551 1380 1624 aequitatis
1405 1555 1540 1604 nutu
1583 1548 1683 1603 Dei
1724 1546 1905 1618 agitur
1946 1546 2321 1602 moderamine

311 1650 557 1715 rationis,
594 1645 741 1719 quod
785 1651 840 1700 et
882 1639 1175 1713 Apostolus
1211 1638 1500 1694 confirmat
1549 1636 1605 1690 in
1649 1635 1673 1690 1
1729 1634 1797 1691 ad
1850 1635 1999 1701 Cor.,
2027 1632 2321 1689 ostendens

311 1746 472 1797 totam
501 1734 789 1793 Ecclesiam
817 1747 922 1787 esse
948 1744 1116 1785 uuum
1143 1741 1332 1799 eorpus
1355 1724 1665 1781 distinctum
1694 1722 1753 1778 in
1775 1720 2047 1794 partibus,
2076 1722 2165 1777 sed
2187 1724 2321 1778 uni·-

311 1836 426 1885 tum
465 1822 676 1881 vinculo
722 1818 1028 1877 charitatis.
1060 1815 1142 1873 Ad
1172 1830 1360 1871 veram
1390 1814 1558 1884 igitur
1582 1811 1907 1868 civilitatem
1932 1811 2047 1867 sive
2070 1800 2319 1883 politiam
2362 1862 2366 1866 .

310 1916 632 1989 requiritur,
661 1918 740 1967 ⁵ut
766 1906 1009 1964 membra
1038 1906 1150 1961 sint
1176 1901 1475 1960 conformia
1519 1901 1685 1973 capiti
1734 1908 1789 1955 et
1836 1900 1905 1954 ad
1953 1898 2185 1955 invicem
2211 1916 2321 1955 non

312 2003 641 2067 discordent,
670 2007 726 2056 et
759 2000 868 2053 sint
909 1993 1092 2051 omnia
1133 1994 1213 2050 sic
1255 1991 1524 2065 disposita
1567 1988 1620 2044 in
1672 1989 1920 2057 civitate,
1964 1993 2026 2044 ut
2064 1989 2181 2060 jam
2237 1998 2321 2045 est

312 2095 540 2150 dictum.
1760 2109 1765 2113 -

384 2180 628 2253 Amplius
658 2183 840 2232 autem
878 2173 934 2229 in
981 2172 1164 2228 causis
1198 2174 1255 2224 et
1303 2165 1567 2224 causatis.
1590 2172 1647 2221 et
1676 2164 2021 2221 moventibus
2048 2173 2103 2221 et
2132 2166 2314 2233 motiS,

311 2272 392 2332 ita
414 2270 662 2325 videmus
682 2263 826 2335 quod
852 2266 936 2317 est
963 2259 1148 2315 debita
1191 2255 1473 2331 proportio
1501 2256 1746 2327 ipsorum
1785 2254 1853 2309 ad
1879 2255 2111 2309 invicem
2141 2271 2323 2327 quan-

316 2368 432 2415 tum
457 2354 524 2411 ad
559 2350 920 2416 influentiam,
949 2348 1078 2420 quia
1109 2345 1368 2401 inferiora
1408 2349 1695 2398 moventur
1734 2341 2034 2397 secundum
2070 2344 2321 2415 superio-

316 2462 432 2503 rem
461 2451 686 2508 motum,
715 2447 772 2496 et
808 2437 1090 2511 superiora
1139 2440 1358 2489 movent
1407 2434 1675 2505 quantum
1717 2438 1802 2485 est
1840 2428 2080 2484 inferiori
2117 2445 2322 2486 conve·-

317 2537 490 2601 niens,
521 2545 648 2587 cum
676 2534 872 2585 natura
915 2540 1023 2581 non
1063 2522 1284 2579 deficiat
1326 2520 1382 2576 in
1412 2517 1758 2579 necessariis.
1785 2517 1840 2574 Si
1866 2516 2036 2588 igitur
2074 2518 2201 2575 talis
2234 2529 2323 2578 est

242 2627 248 2634 '
316 2623 450 2681 ordo
487 2618 828 2694 superiorum
871 2613 940 2670 ad
981 2608 1256 2676 inferiora,
1290 2614 1347 2665 et
1370 2623 1405 2663 >e
1428 2620 1693 2662 converso
1728 2603 1786 2659 in
1831 2603 2077 2678 qualibet
2128 2611 2322 2665 natura

316 2718 523 2777 creata,
547 2706 722 2765 multo
758 2702 934 2775 magis
971 2716 1090 2757 esse
1141 2698 1307 2755 debet
1353 2696 1412 2752 in
1438 2688 1654 2754 ,natura
1708 2691 2086 2761 intellectuali,
2115 2703 2323 2767 quanto

318 2798 610 2875 perfectior
638 2801 721 2850 est
753 2793 898 2848 inter
935 2790 1106 2847 entia.
1131 2786 1186 2845 Si
1217 2801 1346 2859 ergo
1371 2782 1497 2841 talis
1522 2782 1809 2857 dispositio
1833 2781 2162 2839 suavitatem
2193 2784 2325 2841 facit

319 2884 757 2957 contemplando,
789 2879 957 2937 multo
986 2878 1162 2949 magis
1205 2874 1504 2948 operando.
1530 2873 1599 2931 Et
1643 2873 1768 2928 hinc
1788 2866 2161 2945 Pythagorici,
2186 2876 2322 2931 moti
2395 2887 2416 2917 -·

321 2978 540 3033 fuerunt
583 2972 634 3025 in
676 2967 990 3025 coelestibus
1035 2964 1354 3037 corporibus
1389 2977 1593 3034 ponere
1632 2959 1944 3025 melodiam,
1980 2966 2039 3015 ut
2076 2961 2326 3019 Philoso-

322 3066 460 3139 phus
485 3060 618 3117 dicit
646 3057 702 3112 in
731 3057 778 3111 lI
809 3054 888 3111 De
915 3053 1060 3117 coel0,
1087 3048 1623 3135 propter-ordinatos
1668 3056 1847 3103 motus
1878 3063 2014 3119 quos
2042 3048 2245 3105 habent
2271 3058 2327 3106 et

323 3149 699 3212 indeficibileS,
732 3142 873 3200 unde
917 3140 1149 3209 insurgit
1193 3151 1408 3191 summa
1450 3134 1725 3200 suavitas;
1764 3140 1821 3187 et
1866 3134 1996 3205 quia
2041 3136 2159 3207 ipsa
2212 3138 2326 3193 fore

325 3240 578 3299 dicebant
607 3236 869 3314 animata,
901 3244 969 3285 ex
1005 3228 1108 3284 hac
1149 3229 1306 3297 parte
1334 3222 1545 3278 eisdem
1581 3221 1784 3277 dabant
1826 3220 2162 3278 felicitatem.
2188 3224 2330 3297 Ergo

325 3332 405 3387 sic
434 3327 651 3401 politice
679 3324 883 3386 vivere,
899 3316 1199 3391 perfectam
1223 3318 1278 3369 et
1304 3312 1519 3367 felicem
1543 3309 1715 3366 vitam
1744 3309 1899 3366 facit.

394 3420 685 3481 Praeterea,
714 3409 848 3467 ordo
889 3412 974 3463 est
1019 3423 1058 3458 α-
1076 3403 1290 3478 parium
1319 3400 1733 3473 dispariumque
1776 3414 1977 3464 rerum,
2002 3400 2086 3455 sui
2128 3401 2328 3475 cuique

327 3508 572 3568 tribuens
599 3498 903 3573 dispositio,
931 3500 1042 3550 »ut
1065 3491 1403 3564 Augustinus
1422 3489 1577 3553 dicit,
1593 3488 1767 3543 XVIII
1798 3486 1875 3543 De
1898 3486 2063 3543 civit.
2087 3488 2203 3545 Dei.
2230 3491 2330 3548 Per

327 3612 492 3672 quam
521 3591 891 3649 definitionem
939 3583 1202 3640 habemus
1242 3579 1519 3635 diversum
1548 3572 1779 3647 gradum
1807 3576 1863 3629 in
1890 3575 2100 3647 politia,
2138 3585 2250 3633 tam
2281 3580 2334 3634 in

327 3684 647 3743 executione
675 3677 997 3741 officiorum,
1027 3686 1191 3746 quam
1217 3670 1272 3725 in
1321 3666 1659 3739 subjectione
1696 3665 1812 3719 sive
1852 3662 2165 3721 obedientia
2202 3667 2337 3722 sub-

329 3778 568 3833 ditorum
617 3786 632 3825 t
673 3766 820 3823 unde
873 3772 1004 3821 tunc
1041 3765 1126 3817 est
1163 3756 1405 3831 perfecta
1442 3752 1662 3810 socialis
1700 3752 2071 3823 congregatim
2116 3754 2334 3827 quando

331 3862 554 3937 quilibet
584 3859 640 3915 in
667 3870 768 3914 suo
791 3858 944 3911 statu
971 3848 1215 3913 debitam
1243 3839 1837 3914 habetdispositionem
1860 3848 1916 3899 et
1944 3836 2339 3915 operationem.

835 3968 888 4019 S.
919 3966 1076 4016 Taou-
1111 3962 1200 4016 Ao·
1224 3960 1493 4010 oensem».
1513 3980 1577 3996 —
1596 3956 1656 4007 ill
1701 3977 1762 3997 -
1779 3950 1845 4003 2⁷
