2784 4392
532 294 667 341 xm.
698 309 779 326 -
806 297 1046 343 comm
1084 297 1269 344 nna-R.
1316 299 1466 344 nou.
1513 302 1596 345 AB
1633 269 1876 348 immas.
1925 305 2134 352 nnuc.
2256 289 2336 350 45

328 378 563 466 Homilia
586 411 940 471 Pentecostes:
962 434 987 468 ιι
1016 414 1119 486 Qui
1146 416 1335 490 implet
1364 383 1723 474 citharzndum
1751 435 1978 492 puerum
1998 428 2052 478 et
2076 421 2334 494 psalmis-

330 504 443 552 tam
469 497 619 566 fac-it,
652 501 839 573 implet
864 510 1138 576 pastorem
1161 507 1551 561 armentarium
1577 508 1874 564 sicomoros
1905 510 2244 566 vellicantem
2277 517 2332 566 et
2425 501 2430 506 ⁸

328 587 647 658 prophetam
680 589 811 646 facit
863 591 1053 664 implet
1094 609 1321 665 puerum
1351 593 1716 651 abstinentem
1758 602 1813 651 et
1851 597 2093 667 judicem
2137 615 2326 654 senum

326 674 479 742 facit,
510 677 695 750 implet
740 681 1067 751 piscatorem
1110 689 1165 737 et
1212 683 1626 754 praedicatorem
1655 684 1806 754 facit,
1839 685 2028 759 implet
2072 703 2334 758 persecu-

328 773 503 821 torem
532 775 585 822 et
610 768 894 846 doctorem
923 771 1165 842 gentium
1196 772 1346 840 facit,
1381 772 1570 844 implet
1617 774 1964 845 publicanum
2005 781 2060 830 et
2090 791 2328 846 evange·

327 851 508 907 listam
539 853 689 909 facit.
723 875 748 906 »
776 857 906 912 Utar
933 873 1063 928 ergo
1091 875 1119 912 e
1150 860 1442 926 contrariO,
1474 860 1654 915 verbis
1678 861 1922 933 Apostoli
1946 861 2179 918 dicentis
2203 864 2224 918 1
2254 863 2320 919 ad

325 941 449 1000 Cor.
480 959 566 1008 111,
602 945 703 998 ¹18:
737 944 935 1016 Siquis
967 962 1054 1001 vos
1083 947 1230 1004 inter
1265 947 1479 1004 videtur
1507 949 1716 1019 sapiens
1753 966 1856 1004 esse
1899 950 1957 1004 in
1995 950 2087 1004 hoc
2121 952 2324 1016 saeeztlo,

322 1030 517 1086 stultus
553 1031 651 1102 fiat
680 1039 742 1089 ut
782 1033 852 1088 sit
883 1035 1109 1106 sapiens.
1142 1037 1353 1092 Stultus
1393 1037 1616 1110 quidem
1663 1037 1962 1093 secundum
1998 1039 2321 1111 sapientiam
2399 1030 2403 1034 ’

326 1119 531 1185 mundi,
578 1136 701 1192 quoe
748 1121 982 1177 stultitia
1033 1132 1113 1178 est
1153 1123 1296 1196 apud
1349 1125 1522 1180 Deum
1570 1142 1582 1177 ε
1635 1141 1743 1180 non
1785 1134 1968 1182 autem
2024 1129 2321 1182 secundum

324 1205 648 1277 sapientiam
690 1209 807 1273 Dei,
834 1224 940 1278 qua
978 1209 1119 1264 sicut
1157 1210 1356 1281 legitur
1397 1212 1649 1268 Proverb.
1684 1230 1719 1279 r,
1761 1217 1846 1283 22,
1894 1213 2148 1285 parvulos
2182 1213 2325 1270 allo-

274 1349 279 1353 ,
323 1297 509 1364 quitur
546 1296 733 1351 dicens
767 1315 778 1350 τ
814 1297 1083 1369 Usquequo
1114 1300 1335 1370 parvuli
1378 1300 1603 1372 dili9itis
1648 1299 1986 1372 infantiam?
2027 1302 2094 1356 Et
2143 1309 2266 1383 post
2307 1321 2318 1356 z

322 1380 714 1437 convertimini
743 1383 811 1438 ad
839 1385 1219 1456 correptionem
1259 1401 1448 1452 meam,
1475 1401 1538 1442 en
1565 1387 1848 1459 proferant·
1889 1387 2032 1444 vobis
2056 1387 2318 1460 Spiritum

320 1484 510 1526 meum.
1439 1493 1448 1504 ·

1057 1651 1337 1716 CAPUT
1400 1651 1582 1720 XIV.

356 1777 652 1842 Rationes
681 1785 889 1841 eontra
912 1781 1329 1858 perfectionem
1355 1783 1776 1862 reliqiosorum
1803 1799 1923 1845 non
1939 1781 2279 1874 (tabentium

888 1871 1287 1948 possessiones
1324 1873 1390 1932 in
1419 1873 1733 1935 communi.

327 2039 337 2048 -
384 2001 541 2056 Nunc
570 2006 739 2056 restat
768 2002 1239 2070 considerandum,
1272 2005 1545 2076 quomodo
1590 2004 1834 2061 homines
1864 2021 1896 2060 a
1935 2004 2193 2076 religione
2223 2021 2316 2070 re-,

318 2089 531 2144 trahere
558 2096 822 2145 conantur
850 2091 1125 2162 religionis
1144 2092 1462 2163 perfectioni
1479 2093 1810 2165 derogando,
1841 2095 2076 2153 maxime
2103 2109 2306 2161 eorum,

316 2178 410 2251 qui
438 2180 490 2233 in
518 2181 789 2234 communi
823 2181 1188 2249 possessiones
1218 2197 1322 2237 non
1352 2182 1574 2238 liabent.

385 2263 838 2324 Inducunt'enim
884 2260 1034 2336 illud,
1064 2270 1204 2340 quod
1252 2269 1386 2325 dicit
1415 2272 1642 2341 Prosper
1683 2270 1738 2325 in
1768 2269 1903 2325 libro
1934 2271 2012 2326 De
2047 2271 2160 2326 vita
2185 2287 2312 2324 con-

315 2357 641 2428 templatim,
672 2362 727 2411 et
753 2356 981 2412 liabetur
1024 2360 1111 2424 42,
1140 2364 1336 2431 quaest.
1366 2361 1387 2412 4
1431 2376 1503 2416 :,<‹
1537 2358 1770 2430 Expedit
1807 2358 2094 2414 facultates
2120 2359 2311 2413 Eccle-

312 2445 411 2500 siae
436 2445 718 2516 possideri,
748 2454 802 2500 et
834 2445 1077 2517 proprias
1114 2446 1464 2517 perfectionis
1493 2461 1678 2502 amore
1703 2447 1996 2502 contemni.
2028 2449 2145 2501 Non
2168 2448 2310 2502 enim

316 2533 548 2604 propriae
577 2539 721 2598 sunt,
742 2534 835 2587 sed
867 2549 1182 2588 communes
1210 2533 1470 2590 Ecclesiae
1499 2533 1806 2603 facultateS,
1831 2543 1886 2588 et
1917 2535 2038 2588 idco
2064 2535 2312 2606 quisquis

315 2621 563 2676 omnibus
592 2636 717 2693 quae
740 2620 1202 2688 liabuitdimissis,
1227 2629 1321 2678 aut
1344 2622 1584 2679 venditis
1613 2621 1670 2676 iit
1701 2622 1775 2676 rei
1804 2635 1918 2678 suae
1947 2629 2308 2692 contemptor,

310 2725 436 2765 cum
464 2713 787 2781 praepositus
814 2710 987 2765 factus
1017 2711 1179 2766 suerit
1208 2709 1484 2777 Ecclesiae,
1509 2709 1750 2765 ninnium
1782 2724 1906 2781 quae
1931 2709 2092 2765 habet
2120 2708 2314 2765 Eccle-

312 2799 392 2852 sia
419 2799 650 2853 efficitur
679 2797 1041 2870 dispensator.
1070 2799 1568 2872 Deniquesanctus
1592 2798 1865 2864 PaulinuS,
1892 2807 1956 2852 ut
1986 2799 2087 2870 ipsi
2119 2799 2311 2854 melius

314 2887 502 2952 nostis,
531 2886 771 2958 ingentia
798 2889 1002 2958 praedia
1028 2903 1152 2959 quae
1180 2888 1401 2943 fuerunt
1426 2903 1543 2954 sua,
1571 2880 1813 2954 vendita,
1835 2887 2162 2958 pauperibus
2185 2903 2310 2941 ero-

314 2976 481 3043 gavit.
515 2975 618 3030 Sed
644 2991 767 3030 curn
799 2977 974 3031 factus
1018 2982 1162 3032 esset
1192 2975 1509 3049 EpiscopuS,
1543 2991 1650 3031 non
1698 2976 2027 3047 contempsit
2061 2975 2313 3030 Ecclesiae

314 3061 621 3131 facultateS,
652 3051 746 3118 sed
781 3063 1090 3120 fidelissime
1120 3064 1474 3136 dispensavit,
1511 3080 1618 3136 quo
1649 3063 1792 3119 sacto
1821 3063 1957 3119 satis
1983 3063 2307 3127 ostenditur,

314 3155 367 3204 et
388 3152 604 3222 propria
642 3151 840 3207 debere
872 3161 1090 3224 propter
1117 3151 1502 3224 perfectionem
1541 3152 1834 3218 contemni,
1863 3160 1916 3206 et
1942 3149 2056 3206 sine
2085 3150 2314 3222 impodi-

268 3289 273 3292 .
314 3247 495 3294 mento
526 3240 891 3310 perfectionis,
921 3256 1078 3312 posse
1116 3241 1375 3298 Ecclesiae
1413 3240 1702 3297 facultates
1729 3242 1872 3312 (quae
1911 3245 2038 3295 sunt
2063 3241 2311 3310 profecto

312 3330 638 3396 communia)
664 3329 959 3401 possidere.
992 3349 1017 3381 n
1046 3331 1123 3385 Ex
1164 3329 1269 3386 hoc
1304 3331 1553 3401 accipere
1589 3329 1780 3386 volunt
1812 3344 1914 3384 non
1945 3329 2218 3401 pertinere
2245 3327 2313 3383 ad

314 3417 719 3489 perfectionem,
749 3434 854 3473 non
876 3418 1074 3474 habere
1101 3420 1470 3492 possessiones
1499 3434 1833 3474 communes.

379 3506 649 3561 Inducunt
669 3507 833 3562 etiam
862 3505 927 3561 ad
959 3506 1061 3561 hoc
1091 3507 1319 3562 aliorum
1339 3513 1650 3573 sanctorum
1673 3503 2093 3576 exempla.Nam
2117 3505 2315 3562 Beatus

311 3591 609 3665 Gregorius
634 3593 702 3650 de
726 3593 1079 3650 facultatibus
1102 3594 1233 3660 suiS‚
1263 3594 1405 3648 intra
1434 3595 1586 3650 urbis
1607 3595 1866 3650 Romanae
1896 3594 2113 3658 moenia,
2146 3609 2314 3650 unum

312 3681 725 3745 monasterium,
746 3681 798 3734 in
814 3677 998 3736 Sicilia
1030 3693 1156 3733 vero
1177 3693 1272 3734 sex
1298 3677 1497 3748 legitur
1520 3677 1906 3734 construxisse.
1923 3679 2124 3733 Beatus
2147 3681 2314 3736 etiam

312 3766 657 3836 Benedictus,
713 3765 1098 3822 monachorum
1153 3772 1456 3840 proeceptor
1501 3764 1787 3830 almificus,
1839 3767 2046 3837 amplas
2104 3783 2318 3840 posses·-

312 3847 495 3916 siones
536 3871 635 3932 pro
678 3869 781 3915 suo
817 3854 1149 3928 monastario
1180 3855 1406 3930 recipit,
1439 3851 1586 3931 quod
1633 3854 1771 3913 tanti
1822 3855 1926 3914 viri
1975 3853 2319 3929 Evangelitoe
