2784 4392
457 323 584 391 242
940 345 995 395 s.
1036 343 1270 394 monam
1308 342 1640 400 sommus
1682 342 1993 394 croscum

461 462 816 536 Evangelium
842 463 979 521 dicit
1005 480 1021 521 τ
1052 466 1133 522 De
1155 465 1246 524 die
1273 464 1372 522 illa
1395 470 1453 522 et
1490 463 1629 523 hora
1654 477 1813 521 nemo
1838 462 1963 520 scit.
1994 460 2108 534 Ego
2144 464 2351 530 autem,
2380 459 2474 517 in·-

463 553 602 626 quit,
630 568 730 626 pro
758 553 1120 628 possibilitate
1149 551 1461 612 intellectus
1490 553 1597 610 mei
1624 549 1768 621 dico,
1800 567 1978 626 neque
2002 565 2264 620 mensem,
2292 565 2474 623 neque

464 655 668 700 annom
727 641 998 700 adventus
1037 643 1212 717 ipsius
1250 643 1392 701 scire
1442 655 1625 717 posse.
1666 643 1753 700 Ita
1794 641 1943 698 enim
1977 640 2197 698 videtur
2252 652 2473 708 sonare,

467 736 728 802 tanquam
758 744 864 787 non
892 732 1068 804 possit
1093 730 1224 788 sciri
1253 747 1362 806 quo
1390 745 1535 789 anno
1564 737 1827 788 venturus
1849 729 1945 797 sit,
1975 727 2107 785 lieet
2134 733 2319 801 posset
2341 727 2477 784 sciri

466 817 521 873 in
539 835 649 892 qua
668 818 1007 878 hebdomade
1030 837 1316 891 annorum,
1343 821 1431 878 vel
1451 837 1560 894 qua
1590 819 1824 890 decade;
1853 837 1878 870 n
1898 823 1955 874 et
1981 815 2123 874 infra
2147 833 2163 872 ι
2188 836 2215 871 α
2238 815 2399 888 Quod
2426 815 2477 872 si

466 923 568 963 nec
593 897 698 964 hoc
726 908 1110 982 comprehendi
1149 916 1350 982 potest,
1382 925 1569 983 quaero
1598 914 1782 968 utrum
1830 908 1911 964 sic
1952 906 2145 964 saltem
2175 905 2350 979 possit
2384 905 2483 962 in-

467 995 640 1068 telligi
667 1001 880 1071 tempus
896 997 1162 1056 adventus
1185 1001 1324 1072 ejus,
1348 1006 1409 1056 ut
1434 1015 1560 1056 eum
1584 1003 1872 1054 venturum
1896 995 2141 1052 dicamus
2160 995 2301 1052 infra
2317 995 2479 1060 istos,
2541 999 2547 1003 '

471 1083 625 1142 verbi
653 1088 850 1157 gratia,
880 1087 966 1146 vel
993 1087 1413 1162 quinquaginta,
1436 1088 1523 1146 vel
1544 1094 1765 1144 centum
1788 1103 1983 1154 annos,
1999 1085 2082 1142 vel
2108 1083 2483 1158 quorumlibet

469 1187 567 1230 seu
593 1175 818 1246 majoris
844 1179 1078 1245 numeri,
1109 1191 1208 1234 seu
1231 1177 1463 1234 minoris
1487 1191 1789 1246 annorum;
1818 1195 1843 1228 n
1865 1180 1922 1232 et
1943 1173 2083 1231 infra
2111 1189 2129 1232 a
2160 1193 2187 1228 α
2214 1173 2269 1230 Si
2292 1179 2481 1230 autem

471 1277 572 1320 nec
599 1263 704 1320 hoc
742 1269 796 1321 te
824 1263 1302 1338 comprehendisse
1334 1267 1645 1340 praesumis,
1674 1263 1779 1321 hoc
1805 1264 1979 1322 sentis
2013 1263 2311 1336 quod‘egO.
2352 1281 2379 1316 »
2416 1261 2485 1318 111

472 1352 750 1426 primitiva
776 1351 1042 1423 Ecclesia,
1074 1359 1136 1410 ut
1163 1355 1531 1429 Hieronymus
1556 1361 1745 1412 narrat
1768 1354 1826 1410 in
1850 1353 1947 1409 lib.
1977 1351 2057 1409 De
2087 1351 2292 1409 illustr.
2321 1349 2487 1416 viris,

473 1451 528 1498 et
555 1439 820 1499 Eusebius
847 1441 904 1500 in
928 1439 1236 1501 Ecclesiae.
1256 1441 1497 1512 Hister„
1516 1442 1881 1518 quorumdam
1908 1441 2159 1498 doctrina
2188 1440 2483 1514 reprobata

474 1538 577 1602 est,
623 1538 844 1606 propter
871 1531 994 1602 hoc,
1023 1533 1170 1607 quod
1197 1531 1498 1592 adventum
1545 1531 1765 1590 Domini
1792 1533 1997 1589 instare
2024 1529 2303 1597 dicebant,
2335 1529 2487 1586 sicut

473 1627 530 1676 et
567 1619 660 1677 isti
694 1638 838 1679 nunc
864 1621 1120 1680 videntur
1147 1623 1354 1682 dicere.
1381 1623 1509 1683 Non
1534 1638 1662 1696 ergo
1692 1626 1873 1695 potest
1903 1617 2307 1693 quantumlibet
2347 1633 2485 1690 spa-

475 1708 611 1764 tium
659 1710 1034 1782 determinari,
1078 1719 1174 1769 aut
1217 1727 1450 1786 parvum
1493 1709 1581 1770 vel
1632 1726 1890 1782 magnum
1924 1718 2157 1782 tempus,
2200 1722 2309 1781 quo
2358 1705 2491 1762 finis

479 1796 684 1865 mundi,
712 1799 766 1854 in
791 1815 900 1872 quo
929 1799 1176 1866 Christus
1219 1808 1275 1857 et
1314 1799 1685 1880 Antichristus
1711 1804 2091 1871 expectantur,
2138 1803 2479 1868 expectetur.

477 1883 545 1940 Et
573 1895 793 1958 propter
821 1886 925 1943 hoc
951 1887 1152 1944 dicitur
1179 1887 1204 1944 1
1234 1886 1427 1946 Thess.
1459 1906 1511 1958 v,
1540 1889 1689 1962 quod
1715 1887 1825 1944 dies
1849 1886 2069 1945 Domini
2094 1885 2233 1942 sicut
2257 1885 2356 1955 sur
2390 1899 2482 1940 ve-

479 1973 608 2040 πίει,
638 1980 694 2032 et
711 1975 904 2032 Matth.
931 1991 1096 2044 xxiv,
1115 1979 1181 2033 38
1206 1994 1219 2033 z
1243 1977 1390 2034 Sicut
1415 1983 1593 2034 autem
1615 1977 1677 2033 in
1693 1977 1872 2034 diebus
1890 1977 2071 2035 Noe...
2102 1990 2210 2030 non
2230 1990 2487 2045 coynove-

481 2069 612 2118 runt
639 2061 796 2124 donec
813 2065 958 2127 ven-it
976 2063 1258 2132 diluvium,
1287 2073 1337 2122 et
1357 2065 1484 2124 tulit
1512 2083 1705 2132 omnies,
1731 2066 1815 2123 itu
1838 2065 1947 2122 erit
1969 2071 2021 2122 et
2047 2063 2304 2120 adventus
2341 2061 2485 2120 Filii

481 2151 726 2207 hominis.
745 2149 899 2209 Unde
915 2160 972 2210 et
995 2155 1334 2226 Augustinus
1355 2155 1411 2212 in
1428 2155 1607 2229 Epist.
1634 2153 1943 2227 adHesycn.
1972 2153 2224 2227 proponit
2246 2160 2359 2209 tres
2382 2151 2487 2208 ad-

480 2247 703 2297 ventum
744 2242 962 2299 Domini
1008 2250 1379 2316 expectantes,
1428 2261 1660 2319 quorum
1703 2260 1845 2300 unus
1872 2244 2055 2310 citius,
2089 2242 2226 2300 alter
2276 2242 2491 2306 tardius

482 2331 772 2405 Dominum
812 2337 972 2406 putat
995 2347 1118 2390 esse
1150 2340 1465 2403 venturum,
1490 2334 1689 2391 tertius
1710 2349 1871 2390 suam
1894 2333 1961 2389 de
1988 2331 2094 2388 hoc
2120 2331 2489 2402 ignorantiam

481 2421 794 2496 confltetur,
814 2419 1026 2480 ethunc
1046 2423 1220 2495 magis
1235 2424 1601 2493 commendat,
1623 2424 1857 2496 primum
1872 2437 2003 2480 vero
2024 2421 2199 2492 magis
2217 2421 2483 2492 increpat.

557 2509 637 2566 Ad
666 2511 1017 2569 astruendam
1059 2513 1226 2569 etiam
1255 2529 1411 2570 suam
1439 2513 1822 2580 intentionem,
1851 2510 1949 2567 tali
1990 2509 2205 2566 ratione
2237 2514 2485 2564 utuntur.

485 2595 568 2656 Ab
595 2600 832 2657 adventu
862 2601 1061 2657 Christi
1088 2601 1280 2658 ultima
1307 2609 1449 2659 aetas
1476 2601 1693 2671 incipit3
1724 2599 1851 2668 eliae
1873 2615 2003 2658 vero
2028 2604 2225 2656 aetates
2248 2613 2357 2654 non
2380 2597 2487 2652 du-

484 2697 742 2744 raverunt
782 2687 924 2744 ultra
967 2687 1112 2744 mille
1144 2705 1336 2757 annos,
1378 2689 1543 2757 unde,
1574 2705 1699 2746 cum
1734 2691 1853 2762 jam
1894 2688 1965 2745 ab
2009 2688 2251 2745 adventu
2285 2683 2487 2766 Christi

483 2775 654 2832 multo
694 2775 874 2848 plures
911 2791 1078 2848 quam
1117 2775 1266 2833 mille
1308 2779 1435 2833 ann-i
1466 2777 1801 2846 transierint,
1855 2778 1910 2833 in
1946 2775 2099 2832 breti
2138 2775 2301 2848 hujus
2343 2782 2489 2831 aeta-

485 2865 556 2918 tis
601 2870 685 2919 est
729 2865 990 2919 terminus
1031 2863 1421 2938 expectandus.
1453 2866 1551 2922 Cui
1581 2867 1781 2922 rationi
1820 2865 2007 2923 obviat
2051 2865 2393 2936 Augustinus
2430 2863 2491 2920 in

487 2951 580 3006 lib.
611 2963 868 3008 Lxxxm.
896 2953 1106 3022 Quaest.
1147 2973 1208 3027 q.
1250 2970 1344 3023 nx,
1384 2955 1467 3010 sic
1494 2955 1682 3012 dicens
1721 2972 1737 3010 a
1785 2975 1811 3026 ᾳ
1844 2955 2109 3012 Senectus
2136 2959 2319 3010 autem
2347 2952 2493 3008 solet

485 3041 650 3098 etiam
682 3048 892 3098 tantum
921 3049 1104 3098 tenere
1135 3044 1417 3118 temporis,
1442 3053 1709 3117 quantum
1738 3044 1963 3116 reliquae
1988 3058 2179 3099 omnes
2208 3048 2427 3099 aetates·
2457 3059 2487 3094 n

486 3129 759 3187 Senectuti
807 3137 904 3190 aut
938 3141 1222 3206 comparat
1245 3134 1409 3190 istam
1447 3133 1697 3189 ultimam
1720 3138 1963 3200 aetatem,
1997 3133 2139 3188 unde
2168 3129 2489 3187 concluditt

487 3241 512 3272 «
543 3216 712 3278 OEtas
737 3221 903 3292 igitur
942 3221 1134 3278 ultima
1170 3221 1389 3293 generis
1413 3221 1655 3290 humani,
1687 3237 1815 3294 quae
1842 3221 2033 3293 incipit
2062 3235 2097 3276 a
2142 3218 2356 3293 Domini
2382 3218 2489 3274 ad·-

483 3319 646 3365 ventu
688 3325 862 3383 usque
903 3310 972 3366 ad
1004 3310 1164 3366 finem
1191 3310 1399 3379 saeculi,
1433 3311 1631 3384 quibus
1657 3309 2101 3382 generationibus
2139 3313 2491 3379 computetur

480 3385 750 3456 incertum
775 3407 878 3456 est.
901 3418 926 3452 a
953 3397 1022 3456 Et
1041 3397 1146 3456 hoc
1170 3400 1376 3456 utiliter
1398 3401 1543 3456 Deus
1566 3399 1743 3458 voluit
1769 3398 1961 3465 latere,
1988 3398 2135 3454 sicut
2157 3397 2213 3452 in
2231 3397 2489 3468 Evange-

481 3487 552 3542 lio
595 3488 860 3560 scriptum
900 3495 1010 3555 cst,
1037 3496 1095 3544 et
1133 3488 1428 3562 Apostolus
1468 3494 1765 3546 attestatur
1802 3487 1991 3544 dicens
2022 3485 2227 3542 :Diem
2265 3484 2493 3542 Domini

483 3583 736 3648 tanquam
761 3575 940 3648 fuum
969 3577 1028 3633 iu
1056 3584 1204 3634 nocte
1230 3595 1334 3634 esse
1363 3585 1669 3636 venturum.

548 3665 819 3722 Inducunt
847 3666 1014 3723 etiam
1042 3675 1165 3723 octo
1203 3668 1378 3740 signa,
1412 3667 1611 3740 quibus
1632 3666 2000 3741 propinquum
2026 3665 2349 3723 Antichristi
2380 3661 2491 3722 ed·-

478 3759 706 3822 ventum
743 3756 1033 3812 ostendere
1059 3755 1270 3825 volunt,
1309 3773 1545 3831 quorum
1578 3757 1815 3830 primum
1843 3757 2063 3815 videtur
2090 3755 2235 3812 sumi
2276 3771 2343 3810 ex
2380 3755 2491 3813 hoc

479 3843 624 3913 quod
653 3843 855 3900 dicitur
884 3847 1027 3901 Dan.
1044 3855 1150 3914 vu,
1177 3848 1248 3904 25
1270 3847 1344 3902 de
1361 3847 1699 3903 Antichristo
1731 3847 1992 3905 :Putabit
2014 3846 2150 3918 quod
2165 3845 2336 3918 possit
2358 3862 2487 3902 mu·-

477 3935 599 3988 tare
629 3936 886 4002 tempora.
918 3931 1114 3991 Glossa
1141 3951 1154 3990 z
1198 3954 1226 3989 «
1266 3935 1328 3990 In
1357 3939 1569 3991 tantam
1595 3935 1769 3993 elatus
1794 3935 2124 4012 superbiam,
2158 3939 2220 3991 ut
2249 3934 2396 4006 leges
2426 3937 2485 3992 ct
