2784 4392
487 310 610 375 392
967 326 1024 373 s.
1063 324 1300 371 ποκα
1337 322 1669 375 nomm-ns
1706 320 2029 369 croscum

493 444 706 525 tituerit
732 445 787 499 in
823 456 1067 511 numero,
1100 441 1338 515 pondere
1365 446 1422 497 et
1452 454 1741 507 mensura,-
1757 446 1821 495 ut
1870 438 1925 494 in
1968 436 2107 494 libro
2139 436 2391 510 sapient.
2422 436 2515 493 di·-

492 535 656 601 citur,
679 549 806 607 quae
827 531 1058 605 gradum
1087 529 1480 605 inaequalitatis
1518 534 1726 603 ponunt
1768 528 1825 585 in
1862 526 2101 596 entibu8‚
2131 534 2190 584 et
2230 542 2332 601 per
2372 541 2513 584 con-

493 638 728 697 sequens
751 623 806 693 in
835 621 1090 679 civilibus
1113 622 1229 677 sive
1252 619 1512 693 politicis.

1271 797 1558 867 CAPUT
1626 798 1719 866 X.

497 931 737 1015 Aqitur
757 949 978 995 rursus
1005 930 1321 1011 depotitio
1347 930 1637 993 Platonis
1664 934 1723 993 et
1761 928 2057 1003 Socratis,
2102 934 2399 1009 quantum
2426 928 2512 991 ad

575 1039 792 1102 ymera
817 1019 1121 1083 hominum
1142 1021 1252 1100 qui
1273 1014 1680 1099 requiruntur
1698 1018 1765 1080 in
1788 1036 1875 1091 ea,
1899 1034 2029 1098 quoe
2055 1023 2200 1079 sunt
2219 1020 2505 1099 quinquo,

576 1110 684 1173 ubi
708 1110 967 1173 multum
991 1110 1349 1189 disputatur
1375 1109 1447 1171 de
1468 1125 1712 1171 numero
1743 1108 2120 1169 bellatorum.

564 1243 669 1301 Sed
698 1222 1034 1298 rede'undum
1063 1249 1147 1297 est
1179 1241 1252 1297 ad
1281 1240 1529 1315 politiam
1556 1241 1799 1299 Socratis
1824 1248 1880 1297 et
1905 1234 2163 1307 Platonis,
2196 1239 2325 1311 quia
2351 1256 2509 1312 quae-

498 1333 626 1388 dam
655 1331 760 1387 alia
807 1331 1213 1386 constituerunt
1255 1330 1311 1385 in
1341 1330 1460 1401 ipsa
1486 1336 1687 1401 praeter
1734 1346 1799 1385 ea
1832 1344 1959 1401 quae
1986 1327 2136 1384 dicta
2163 1336 2293 1383 sunt
2320 1344 2507 1399 supra.

497 1422 663 1477 Suam
689 1418 835 1475 enim
856 1418 1179 1474 civilitatem
1208 1404 1577 1473 distinxerunt
1615 1418 1669 1472 in
1699 1416 1941 1489 quinque
1964 1433 2165 1487 genera
2203 1416 2506 1482 hominurn,

498 1508 754 1565 videlicet
795 1508 852 1563 in
901 1508 1191 1579 principes,
1229 1506 1590 1572 consiliariOS,
1632 1505 1945 1572 bellatores,
1978 1506 2219 1561 artifices
2260 1512 2315 1561 et
2357 1508 2511 1577 agri-

503 1597 671 1654 colas·
700 1598 834 1667 Quae
853 1596 1076 1669 quidem
1101 1595 1296 1651 divisio
1321 1595 1458 1651 satis
1484 1596 1704 1651 videtur
1724 1594 2000 1649 sufficiens
2025 1594 2091 1649 ad
2122 1594 2513 1666 perfectionem

499 1687 762 1753 civitam,
811 1685 939 1757 quia
983 1684 1165 1739 omnia
1207 1684 1408 1754 genera
1450 1683 1733 1745 hominum
1783 1682 2214 1754 comprehendit,
2266 1698 2393 1755 quae
2441 1684 2513 1739 ad

501 1774 741 1845 regimen
769 1773 1050 1844 politicum
1078 1772 1371 1842 pertinent.
1406 1792 1409 1795 ·

569 1861 672 1918 Sed
703 1860 1027 1917 Aristoteles
1056 1860 1110 1915 in
1139 1860 1242 1915 hoc
1272 1858 1565 1931 praedictos
1594 1858 1943 1932 philosophos
1966 1858 2182 1915 videtur
2213 1859 2511 1933 reprehen-

501 1950 648 2015 dere,
679 1959 796 2005 tum
823 1950 953 2021 quia
973 1964 1258 2021 numerum
1297 1948 1572 2017 ponebant
1608 1947 1937 2005 bellatorum
1979 1948 2337 2006 excedentem
2378 1967 2516 2021 pro-

503 2040 806 2108 portionem
845 2032 1134 2091 civitatis':
1165 2034 1439 2105 ponebant
1475 2034 1623 2091 enim
1666 2036 1811 2091 mille
1853 2035 2147 2091 bellatores
2186 2037 2256 2091 ad
2307 2039 2507 2105 minue,

503 2125 586 2181 vel
616 2125 683 2178 ad
717 2124 834 2195 plus
872 2124 1114 2196 quinque
1155 2122 1349 2179 millia.
1374 2125 1684 2179 Secundum
1726 2124 1875 2197 quod
1912 2124 2271 2197 Philosophus
2317 2144 2511 2199 repre·-

503 2212 712 2277 hendit,
744 2217 845 2275 est,
879 2211 1010 2283 quia
1039 2210 1120 2265 sic
1143 2210 1553 2290 distinguebant
1592 2211 1885 2267 bellatores
1918 2211 1989 2267 ab
2004 2212 2153 2279 aliis,
2179 2214 2327 2285 quod
2364 2215 2513 2271 nullo

503 2300 666 2355 modo
693 2316 752 2355 se
781 2304 1112 2371 exponerent
1140 2298 1352 2357 bellicis
1381 2298 1545 2355 rebus
1570 2299 1662 2355 alii
1693 2300 1841 2355 cives
1870 2316 1903 2355 a
1924 2299 2300 2357 bellatoribus.

461 2423 475 2437 ·
575 2389 680 2445 Sed
719 2396 986 2463 quantum
1025 2387 1093 2444 ad
1141 2388 1378 2458 primum
1416 2403 1526 2443 non
1566 2387 1786 2444 videtur
1829 2387 2224 2445 determinatus
2258 2407 2511 2449 numerus

505 2493 666 2549 posse
683 2478 836 2549 poni,
864 2493 929 2533 eo
963 2476 1108 2549 quod
1139 2492 1328 2533 omnes
1374 2475 1629 2532 civitates
1671 2492 1777 2533 non
1826 2485 1953 2531 sunt
1990 2476 2219 2549 aequalis
2255 2481 2510 2551 potentiae

505 2576 562 2624 et
587 2567 810 2623 virtutis
840 2584 854 2621 :
884 2566 1029 2622 unde
1067 2564 1466 2633 consideranda
1494 2570 1578 2621 est
1618 2565 1913 2621 multitudo
1944 2566 2128 2639 populi
2171 2568 2225 2622 in
2266 2569 2511 2636 civitate,

507 2663 563 2711 et
602 2656 902 2711 secundum
945 2668 1230 2709 numerum
1267 2654 1605 2709 constituere
1638 2652 1949 2710 bellatores.
1979 2654 2137 2721 Item,
2162 2654 2397 2713 latitudo
2425 2675 2513 2713 re·-

506 2742 702 2814 gionis,
728 2750 790 2796 ut
815 2742 887 2795 sit
906 2739 1232 2795 sufficientia
1262 2756 1589 2812 pascuorum
1635 2750 1690 2797 et
1718 2742 2040 2799 victualium
2065 2760 2077 2796 :
2107 2744 2251 2801 unde
2298 2747 2515 2803 Aristo-

507 2829 646 2885 teles
675 2828 810 2883 dicit
839 2828 896 2882 in
923 2828 972 2882 11
993 2828 1157 2884 Polit.
1189 2830 1334 2901 quod
1365 2830 1411 2884 si
1441 2835 1597 2885 tauta
1638 2829 1838 2887 debeat
1865 2847 1983 2887 esse
2020 2830 2313 2897 multitudo
2342 2835 2517 2891 bella-

508 2924 690 2971 torum
731 2916 789 2971 in
828 2915 1075 2983 civitate,
1109 2922 1324 2989 oportet
1372 2917 1549 2990 ipsam
1591 2918 1873 2991 adaequari
1920 2920 2132 2976 civitati
2183 2922 2515 2995 Babyloniae,

511 3021 636 3078 quae
664 3004 922 3062 videlicet
949 3006 1166 3062 excedit
1194 3005 1250 3061 in
1277 3006 1459 3077 gentis
1486 3004 1857 3073 multitudine,
1886 3014 1941 3063 et
1967 3008 2023 3062 in
2052 3008 2341 3066 latitudine
2365 3028 2519 3068 cam-

511 3110 725 3167 porum.
750 3094 856 3151 Sed
876 3093 923 3151 si
953 3095 1288 3161 attendimus
1321 3094 1389 3150 ad
1422 3096 1601 3166 ipsum
1636 3110 1921 3152 numerum
1944 3081 2290 3167 bellatorum,
2320 3101 2414 3172 qui
2438 3106 2519 3157 est

511 3184 676 3251 mille,
702 3190 763 3238 ut
788 3184 1032 3240 historiae
1072 3184 1314 3251 tradunt,
1342 3182 1644 3253 secundum
1679 3200 1843 3239 unam
1890 3186 2284 3257 expositionem
2330 3189 2517 3262 politia

509 3270 753 3328 Platonis
779 3279 833 3327 et
860 3272 1103 3328 Socratis
1126 3286 1254 3326 cum
1281 3270 1549 3327 civilitate
1578 3273 1913 3327 concordant
1936 3274 2151 3343 Romuli
2188 3276 2352 3349 primi
2386 3293 2521 3333 con·

511 3360 804 3416 structoris
848 3358 1021 3426 urbiS‚
1057 3374 1091 3415 a
1132 3373 1240 3429 quo
1281 3366 1336 3413 et
1379 3358 1529 3414 istud
1563 3374 1759 3415 nomen
1798 3359 1955 3415 miles
1996 3362 2263 3433 originem
2308 3362 2517 3429 habuit,

514 3449 656 3510 unde
683 3455 738 3503 et
761 3448 916 3504 miles
946 3445 1147 3502 dicitur
1176 3446 1381 3502 electus
1412 3446 1479 3503 ad
1506 3446 1819 3503 bellandum
1848 3464 1915 3503 ex
1942 3465 2167 3507 numero
2192 3450 2361 3521 mille,
2392 3453 2521 3525 quia

511 3536 658 3592 mille
688 3542 845 3593 erant
876 3544 1005 3591 tunc
1033 3534 1274 3607 expediti
1303 3535 1597 3591 bellatores
1626 3535 1697 3590 ab
1724 3538 1843 3607 ipso
1883 3535 2043 3593 electi
2074 3538 2142 3593 ad
2172 3540 2519 3611 pugnandum

511 3631 702 3681 contra
726 3624 1072 3680 adversarios
1097 3622 1264 3691 urbiS,
1300 3630 1360 3679 ut
1398 3630 1589 3680 contra
1627 3624 1858 3680 Sabinos
1899 3626 2093 3698 prime,
2126 3626 2356 3683 ulterius
2394 3644 2523 3683 vero

512 3720 706 3769 contra
735 3712 1006 3787 Samnites
1024 3728 1040 3782 ;
1059 3710 1122 3767 et‘
1143 3711 1223 3767 sic
1248 3710 1300 3766 in
1328 3712 1432 3768 hoc
1456 3712 1828 3769 concordabat
1850 3714 2113 3771 Romulus
2144 3731 2269 3771 cum
2302 3717 2525 3774 Socrate

514 3806 571 3856 et
600 3800 842 3866 Platone,
860 3800 985 3855 licet
1013 3801 1222 3871 primus
1245 3800 1497 3856 conditor
1524 3801 1692 3867 urbis»,
1712 3818 1809 3871 per
1834 3800 2055 3873 longum
2089 3799 2324 3875 tempus'
2344 3803 2524 3860 Philo-

515 3886 721 3957 sophus
757 3887 1112 3943 antecesserit
1149 3903 1296 3961 saepe
1332 3887 1530 3945 dictos·
1562 3887 1685 3945 Alio
1724 3890 1885 3947 modo
1928 3890 2131 3947 dicitur
2172 3892 2333 3949 miles
2368 3892 2524 3965 quasi
