2784 4392
473 259 590 322 120
951 273 1004 318 s.
1049 273 1280 318 moun
1320 271 1651 322 *eumn-ris
1690 269 2003 318 orusouu

471 393 640 449 simi?
668 411 694 446 n
739 391 928 448 Tertio
967 389 1246 463 subjungit
1285 389 1353 446 de
1393 388 1670 445 lectione:
1708 407 1735 442 α
1776 389 1880 458 Qui
1931 395 2119 446 autern
2176 390 2369 448 dicunt
2420 405 2483 447 se
2546 392 2556 400 '

467 497 668 539 vacare
703 479 944 548 lectioni,
975 495 1152 536 nonne
1197 479 1310 535 illic
1355 478 1639 547 inveniunt
1667 477 1815 552 quod
1853 478 2113 552 praecepit
2144 478 2484 552 Apostolus?

471 571 606 641 Quae
652 577 735 627 est
775 587 904 642 ergo
951 569 1058 624 ista
1097 567 1449 641 perversitas,
1480 567 1701 624 lectioni
1744 565 1885 622 nolle
1917 568 2316 641 obtemperare,
2346 569 2479 625 dum

469 661 588 716 vult
618 661 668 717 ei
695 676 910 724 vacare,
935 665 987 714 et
1029 664 1089 712 ut
1114 657 1260 730 quod
1297 657 1499 714 bonum
1522 661 1607 712 est
1631 653 1839 712 diutius
1868 655 2103 728 legatur,
2130 657 2253 712 ideo
2300 655 2484 714 facere

471 750 612 806 nollo
642 749 844 806 bonum
872 747 1019 822 quod
1048 747 1286 818 legitur?
1315 745 1451 817 Quis
1482 747 1625 802 enim
1653 745 1863 802 nesciat
1908 749 2061 802 tanto
2089 745 2255 801 citius
2282 762 2487 820 quem-

473 856 581 912 que
629 839 890 912 proficere
933 851 1058 893 cum
1103 835 1242 891 bona
1289 835 1443 906 legit,
1470 842 1675 908 quanto
1708 836 1874 891 citius
1906 835 2039 892 facit
2069 836 2215 908 quod
2244 834 2419 908 legit?
2454 855 2485 890 n

472 918 680 997 Quarto
708 926 988 998 subiungit
1011 925 1079 981 de
1109 925 1497 998 praedicatione
1526 943 1540 978 ε
1570 943 1596 977 α
1624 925 1679 980 Si
1710 934 1894 981 autem
1936 923 2100 982 alicui
2138 941 2321 982 sermo
2354 941 2485 982 ero-

423 1043 431 1052 ·
471 1016 682 1086 gandus
699 1022 803 1082 est,
825 1021 880 1070 et
909 1017 985 1071 ita
1011 1008 1242 1088 occupet
1271 1023 1332 1070 ut
1353 1013 1605 1070 manibus
1630 1015 1844 1086 operari
1873 1029 1981 1070 non
2010 1021 2191 1081 vacet,
2214 1015 2484 1088 numquid

471 1105 576 1160 hoc
605 1119 792 1159 omnes
815 1104 867 1158 in
899 1103 1228 1159 monasterio
1259 1103 1525 1175 possunt?
1556 1103 1783 1172 Quando
1809 1116 1937 1174 ergo
1972 1119 2076 1159 non
2104 1110 2351 1177 possunt,
2384 1119 2485 1161 cur

473 1192 578 1249 sub
604 1191 708 1248 hoc
737 1191 962 1246 obtentu
987 1205 1174 1246 omnes
1203 1205 1402 1247 vacare
1435 1191 1667 1246 volunt?
1698 1191 2025 1264 Quanquam
2048 1193 2093 1247 si
2132 1207 2322 1248 omnes
2350 1209 2483 1266 pos-

471 1287 612 1347 sent,
645 1278 1021 1336 vicissitudine
1051 1277 1231 1334 facere
1258 1279 1541 1346 deberent,
1575 1295 1683 1334 non
1710 1279 1885 1336 solum
1916 1297 1985 1335 ne
2006 1279 2193 1338 caeteri
2226 1297 2257 1337 a
2286 1297 2484 1338 neces-

473 1367 634 1423 sariis
659 1365 914 1439 operibus
949 1372 1368 1438 occuparentur,
1398 1365 1492 1422 sed
1522 1367 1689 1424 etiam
1716 1367 1848 1440 quia
1891 1367 2111 1436 sufficit,
2146 1373 2207 1423 ut
2250 1369 2483 1425 audien·
2581 1389 2587 1396 ·

473 1458 620 1516 tibus
657 1455 902 1530 pluribus
931 1471 1070 1512 unus
1096 1455 1372 1528 loquatur.
1405 1475 1431 1508 i>

543 1547 836 1604 Sciendum
881 1561 1010 1602 vero
1053 1543 1198 1618 quod
1255 1545 1310 1600 iu
1348 1545 1457 1603 ista
1494 1544 1661 1602 etiam
1705 1547 2009 1619 quaestione
2042 1533 2187 1603 viam
2231 1549 2483 1604 ver.tatis

473 1636 864 1710 relinquentes²
914 1637 1044 1691 dum
1083 1633 1152 1690 ab
1177 1651 1284 1714 uno
1313 1650 1497 1690 errore
1535 1635 1819 1700 recedunt,
1862 1635 1917 1690 in
1962 1637 2297 1692 contrarium
2336 1637 2481 1694 dila—

472 1727 697 1782 buntur.
720 1725 845 1781 Fuit
873 1725 1018 1780 enim
1047 1725 1409 1797 quorumdam
1443 1724 1831 1780 monachorum
1860 1739 2013 1779 error
2036 1726 2357 1797 antiquitus,
2386 1728 2482 1800 qui

473 1813 730 1869 dicebant
761 1813 1046 1883 religiosos
1081 1813 1332 1867 manibus
1360 1811 1574 1884 operari
1620 1813 1736 1868 sine
1774 1827 1888 1870 suae
1926 1813 2274 1884 perfectionis
2306 1815 2482 1871 detri-

475 1909 658 1957 mento
688 1915 794 1956 non
825 1915 998 1973 posse,
1033 1899 1162 1971 quia
1191 1901 1286 1970 qui
1323 1900 1573 1955 manibus
1602 1899 1833 1966 laborat,
1866 1917 1973 1957 non
2003 1909 2175 1958 totam
2211 1903 2479 1960 sollicitu-

474 1991 658 2045 dinem
687 1989 742 2044 in
766 1990 938 2044 Deum
957 1989 1153 2059 jactat,
1178 1996 1232 2042 et
1261 1989 1335 2044 ita
1361 2004 1466 2043 non
1492 1988 1679 2061 implet
1700 1987 1831 2044 illud
1857 1991 2231 2060 evangelicum
2258 2009 2273 2048 ι
2303 2009 2341 2045 α·
2360 1993 2481 2050 Νο-

471 2068 570 2136 'lite
590 2077 804 2134 solliciti
837 2094 940 2132 esse
971 2077 1166 2133 onimoe
1195 2083 1382 2132 vestroe
1424 2077 1553 2148 quid
1582 2077 1931 2145 ηιαηᾶιιεειὶε,
1978 2086 2030 2136 et
2072 2081 2285 2152 corpori
2308 2090 2479 2138 vestro

474 2165 604 2239 quid
631 2164 958 2221 induamini.
985 2164 1178 2221 Matth.
1215 2181 1295 2236 vt,
1326 2168 1417 2224 25.
1446 2165 1602 2223 Unde
1632 2174 1687 2224 et
1712 2167 2046 2238 cogebantur
2076 2181 2275 2240 negare
2303 2175 2481 2244 Apos-

473 2256 651 2313 tolum
698 2254 948 2312 manibus
989 2269 1262 2328 operasse,
1319 2265 1374 2312 et
1421 2255 1621 2323 dicore,
1670 2255 1774 2312 hoc
1814 2255 1959 2328 quod
2009 2257 2303 2329 Apostolus
2347 2259 2481 2316 dicit

472 2347 543 2402 11.
575 2345 764 2402 Thess.
807 2358 896 2413 ιιι,
929 2347 994 2399 40
1040 2360 1055 2402 z
1100 2343 1159 2399 Si
1199 2343 1318 2416 quis
1353 2361 1463 2401 non
1500 2345 1619 2402 vult
1658 2343 1896 2416 operari,
1926 2359 2033 2400 non
2072 2346 2367 2414 manducet,
2414 2349 2483 2406 do

475 2450 642 2507 opere
687 2432 957 2507 spirituali
1004 2431 1417 2505 intelligendum
1463 2433 1595 2501 fore,
1630 2450 1738 2490 non
1778 2434 1847 2488 de
1890 2448 2051 2506 opere
2092 2437 2381 2510 corporali,
2412 2454 2483 2496 ne

475 2533 811 2598 praeceptum
851 2523 1095 2598 Apostoli
1143 2531 1415 2597 praecepto
1452 2520 1732 2594 Evangelii
1774 2523 2108 2579 contrarium
2152 2523 2480 2584 inveniatur.

473 2615 684 2670 Horum
723 2630 852 2686 ergo
889 2627 1129 2669 errorem
1165 2619 1358 2684 utpote
1385 2626 1557 2668 sacrae
1598 2613 1894 2684 Scripturae
1934 2611 2219 2669 manifeste
2258 2621 2481 2672 contra·-

474 2703 618 2765 rium
658 2703 992 2771 Augustinus
1021 2700 1275 2772 reprobat
1305 2701 1359 2756 in
1387 2698 1484 2755 lib.
1516 2701 1595 2756 De
1622 2715 1776 2772 opere
1821 2699 2093 2768 Monach„
2131 2700 2261 2775 quia
2290 2712 2481 2761 contra

473 2787 614 2844 tales
659 2787 802 2843 hunc
845 2789 1042 2844 librum
1089 2788 1327 2859 scripsit,
1378 2794 1441 2842 ut
1482 2793 1635 2860 patet
1670 2789 1727 2844 in
1774 2788 1911 2845 libro
1952 2789 2196 2848 Retract.
2242 2791 2322 2848 Ex
2370 2807 2483 2866 quo

475 2875 700 2949 quidam
755 2877 994 2946 perversi
1036 2891 1228 2932 sensus
1285 2875 1532 2933 homines
1578 2877 1839 2932 contrarii
1882 2879 2083 2934 erroris
2139 2881 2484 2939 occasionem

475 2969 779 3032 assumunt,
813 2969 874 3019 ut
901 2963 1086 3020 dicant
1121 2963 1407 3036 religiosos
1436 2979 1555 3020 esse
1584 2965 1639 3020 in
1672 2972 1818 3022 statu
1846 2965 2211 3024 damnationis
2241 2969 2334 3040 qui
2361 2985 2485 3026 ma·-

475 3051 636 3109 nibus
669 3067 775 3108 non
804 3050 1070 3120 laborant,
1100 3053 1154 3108 in
1182 3051 1287 3108 hoo
1312 3053 1581 3109 Pharaoni
1624 3055 1849 3122 amicos,
1880 3062 1938 3110 et
1974 3057 2258 3112 unanimes
2298 3073 2358 3112 se
2388 3074 2485 3114 os-

477 3143 781 3210 tendenteS,
824 3147 885 3199 ut
911 3147 1064 3216 patet
1091 3158 1190 3214 per
1217 3141 1471 3198 Glossam
1507 3141 1678 3198 Exod.
1711 3158 1767 3209 v,
1796 3143 1847 3207 t,
1878 3157 2041 3214 super
2074 3143 2207 3198 illud
2251 3160 2264 3196 z
2305 3143 2486 3210 Quare

474 3231 676 3304 Moyses
717 3235 766 3288 et
802 3233 992 3288 Aaron
1025 3230 1320 3288 sollicitatis
1339 3229 1616 3303 populum,
1656 3230 1721 3286 ab
1753 3230 1998 3302 operibus
2032 3230 2187 3288 suis?
2228 3232 2426 3292 Glossa
2464 3253 2481 3294 z

432 3387 440 3397 Ι
475 3343 504 3376 α
535 3321 709 3379 Hodie
735 3335 952 3395 quoque
982 3321 1028 3376 si
1056 3321 1272 3395 Moyses
1311 3325 1369 3376 et
1391 3323 1593 3386 Aaron,
1625 3317 1681 3374 id
1710 3324 1793 3374 est
1824 3319 2173 3391 propheticus
2208 3329 2262 3378 et
2292 3339 2483 3380 sacer·-

476 3413 676 3470 dotalis
692 3425 891 3482 serum,
919 3411 1156 3469 animam
1176 3409 1437 3467 sollicitet
1461 3408 1532 3466 ad
1552 3407 1837 3466 servitium
1861 3408 1959 3465 Dei
1988 3409 2139 3466 exire
2160 3411 2229 3468 de
2256 3413 2481 3483 saeoulo,

474 3501 788 3558 renuntiare
828 3499 1080 3558 omnibus
1115 3517 1240 3574 quae
1280 3500 1545 3572 possidet,
1576 3497 1860 3556 attendere
1902 3497 2008 3572 legi
2050 3506 2107 3556 et
2154 3501 2319 3556 verbo
2360 3501 2482 3570 Dei,

476 3589 734 3647 continuo
762 3591 952 3648 audies
995 3591 1279 3647 unanimes
1315 3595 1370 3646 et
1399 3589 1605 3646 amicos
1641 3588 1939 3645 Pharaonis
1964 3589 2211 3646 dicentes
2243 3605 2255 3643 :
2290 3589 2484 3646 Videte

474 3679 749 3750 quomodo
791 3681 1125 3736 seducuntur
1168 3678 1416 3735 homines
1455 3685 1510 3734 et
1556 3683 1946 3751 pervertuntur
1994 3677 2369 3734 adolescentes
2415 3695 2484 3734 ne

412 3777 416 3781 ·
474 3764 742 3834 laborent,
769 3783 837 3824 ne
857 3768 1110 3836 militent,
1141 3784 1210 3824 ne
1237 3775 1405 3839 agant
1426 3767 1633 3840 aliquid
1658 3766 1803 3840 quod
1833 3767 2027 3839 prosit.
2066 3765 2294 3824 Relictis
2320 3765 2485 3824 rebus

477 3853 820 3923 necessariis,
868 3855 1102 3928 ineptias
1145 3861 1427 3916 sectantur
1455 3862 1512 3913 et
1552 3855 1744 3914 otium.
1790 3853 1935 3926 Quid
1961 3855 2107 3914 enim
2148 3860 2235 3914 est
2276 3857 2485 3918 servire
