2784 4392
473 252 552 313 62
949 266 1001 313 s.
1047 266 1280 311 'rueme
1321 248 1671 317 AQUINAT'IS'
1692 264 2003 310 ornacum

477 386 703 458 pellunt.
739 404 764 438 n
797 386 914 441 Non
951 384 1096 441 enim
1139 382 1337 439 suflicit
1375 384 1456 439 eis
1494 380 1840 456 iniquitatem
1874 382 2149 455 propriam
2188 368 2479 449 devorare,

477 476 558 530 vel
593 476 865 547 proximos
905 474 1120 541 laedere,
1159 473 1253 527 sed
1294 472 1435 544 quod
1468 470 1632 526 semel
1664 471 1915 536 oderunt,
1945 488 2043 544 per
2084 477 2261 527 totum
2292 470 2480 525 orbem

475 572 740 621 conantur
767 563 1050 629 infamare,
1076 570 1130 618 et
1157 561 1356 633 ubique
1378 560 1742 633 blasphemias
1762 559 2052 615 seminare.
2088 560 2480 617 Praedictorum

479 653 640 723 igitur
687 652 1104 724 malignantium
1161 650 1469 725 nequitiam
1519 648 1877 720 comprimere
1937 648 2317 716 intendenteS,
2376 650 2481 703 hoc

478 741 663 797 ordine
692 742 1070 814 procedamus.

546 866 744 931 Prima,
779 864 1129 920 ostendemus
1175 862 1307 937 quid
1337 862 1411 918 sit
1435 861 1645 933 religio,
1677 868 1733 918 et
1759 861 1813 917 in
1840 876 1948 934 quo
1976 861 2240 934 perfectio
2270 861 2477 933 religio-

483 955 562 1008 nis
611 954 910 1021 consistat,
957 952 1087 1025 quia
1129 966 1318 1009 eorum
1363 955 1479 1007 tota
1526 951 1755 1006 intentio
1802 958 1995 1006 contra
2024 948 2307 1021 religiosos
2360 944 2477 1007 esse

484 1042 716 1097 videtur.
1028 1062 1035 1069 ·

551 1130 817 1194 Secund0,
845 1129 1194 1186 ostendemus
1218 1144 1302 1196 ea,
1335 1127 1535 1201 quibus
1564 1127 1844 1199 religiosos
1874 1128 2180 1201 opprimere
2204 1127 2471 1202 nituntur,

483 1218 673 1275 frivola
701 1225 756 1273 et
786 1217 930 1273 nulla
955 1233 1095 1273 esse..
2100 1286 2103 1289 ⁴

509 1374 514 1379 ,
552 1308 754 1375 Tertio,
784 1306 1207 1364 monstrabimus
1243 1306 1389 1378 quod
1429 1320 1494 1362 ea
1532 1320 1655 1381 quae
1684 1304 1753 1363 ad
1794 1304 2174 1378 religiosorum
2200 1304 2481 1365 infamiam

486 1394 781 1469 proferunt,
809 1393 1062 1467 nequiter
1090 1401 1421 1467 proponunt.

1287 1552 1569 1621 CAPUT
1622 1552 1679 1619 Ῑ.

575 1681 741 1756 Quid
767 1651 1112 1763 sit'reliqio,
1139 1685 1196 1744 et
1217 1681 1284 1743 in
1306 1697 1423 1760 quo
1449 1679 1738 1741 consistat
1758 1678 2075 1759 religionis
2089 1676 2399 1758 perfectio.
2448 1742 2453 1750 ,

553 1808 624 1862 Ut
655 1814 838 1861 autem
881 1805 1158 1876 religionis
1197 1812 1449 1861 naturam
1488 1817 1816 1875 cognoscere
1854 1802 2155 1873 valeamus,
2184 1799 2343 1875 hujus
2380 1817 2483 1858 no·-

490 1894 649 1949 minis
673 1894 936 1963 originem
977 1893 1335 1970 inquiramus.
1366 1894 1573 1947 Nomen
1602 1893 1767 1963 igitur
1797 1892 2093 1963 religionis,
2126 1898 2187 1947 ut
2220 1892 2485 1963 Augusti-

491 2000 611 2053 nus,
657 1983 712 2037 in
765 1982 900 2037 libro
947 1982 1026 2037 De
1075 1997 1204 2037 vera
1245 1980 1524 2052 religione,
1568 1981 1792 2037 innuere
1842 1982 2076 2048 videtur,
2122 1997 2155 2037 a
2205 1980 2483 2051 religando

491 2066 764 2144 sumptum
805 2076 910 2125 est.
950 2069 1087 2125 Illud
1130 2074 1311 2125 autem
1354 2070 1573 2141 proprie
1618 2068 1774 2141 ligari
1805 2069 2039 2135 ·dicitur‘‚
2082 2068 2229 2143 quod
2276 2070 2353 2125 ita
2394 2066 2483 2125 uni

491 2160 828 2231 astringitur,
858 2157 1002 2229 quod
1031 2156 1082 2211 ei
1110 2157 1178 2213 ad
1199 2158 1323 2230 ‚alia
1347 2157 1652 2213 divertendi
1685 2157 1908 2213 libertas
1948 2156 2205 2227 tollatur3
2232 2157 2327 2213 sed
2354 2157 2486 2212 reli-

491 2249 636 2321 gatio
674 2249 928 2303 iteratam
975 2246 1288 2317 ligationem
1333 2247 1634 2319 importans
1676 2247 1915 2301 ostendit
1960 2233 2043 2301 ad'
2073 2245 2205 2301 illud
2247 2246 2484 2319 aliquem

493 2337 647 2408 ligari
679 2336 766 2391 cui
797 2336 968 2409 primo
1010 2337 1332 2407 conjunctus
1373 2334 1572 2401 fuerat,
1614 2342 1671 2391 at
1712 2335 1780 2396 ab
1824 2352 1886 2390 eo
1917 2334 2123 2391 distare
2156 2334 2377 2407 incepit.
2418 2336 2486 2392 Et

493 2428 622 2499 quia
648 2425 822 2481 omnis
848 2431 1098 2482 creatura
1120 2425 1272 2497 prius
1300 2424 1356 2481 in
1383 2426 1498 2480 Deo
1523 2425 1705 2486 extitit
1730 2440 1893 2497 quam
1919 2425 1973 2479 in
1998 2424 2198 2496 seipsa,
2228 2430 2282 2480 et
2312 2440 2344 2481 a
2374 2425 2487 2479 Deo

495 2516 778 2587 processit,
811 2507 1214 2587 quodammodo
1243 2513 1314 2569 ab
1349 2529 1415 2569 eo
1438 2514 1643 2569 distare
1673 2512 1936 2585 incipiens
1968 2513 2267 2569 secundum
2298 2528 2487 2569 essen-

493 2606 624 2660 tiam
653 2622 748 2677 per
777 2604 1154 2659 creationem:
1188 2601 1310 2657 ideo
1359 2602 1643 2659 rationalis
1685 2609 1937 2658 creatura
1980 2604 2047 2658 ad
2092 2603 2269 2675 ipsum
2312 2605 2487 2658 Deum

492 2690 652 2747 debet
683 2692 919 2761 religari,
951 2692 1038 2745 cui
1067 2690 1242 2762 primo
1271 2692 1559 2761 conjuncta
1592 2690 1768 2746 fuerat
1798 2690 1965 2747 etiam
1994 2697 2290 2763 antequam
2320 2699 2483 2760 esset,

495 2788 552 2833 ut
593 2777 670 2831 sic
711 2798 736 2828 «
789 2777 856 2832 ad
898 2775 1094 2843 locum,
1131 2775 1271 2831 unde
1309 2785 1525 2843 exeunt,
1560 2776 1783 2833 flumina
1826 2787 2191 2833 revertantur.
2228 2797 2253 2829 »
2296 2777 2487 2833 Eccle-

493 2866 647 2923 siast.
675 2881 715 2921 1.
743 2865 809 2919 Et
841 2864 961 2919 ideo
987 2864 1321 2935 Augustinus
1345 2864 1479 2921 dicit
1506 2866 1558 2919 in
1585 2864 1722 2921 libro
1751 2865 1830 2921 De
1854 2880 1983 2921 vera
2008 2866 2257 2937 reliyione
2284 2860 2351 2922 .·ἀ
2376 2868 2489 2923 Re-

495 2954 624 3025 liget
659 2969 756 3009 nos
799 2952 986 3023 religio
1029 2953 1120 3007 uni
1159 2954 1520 3026 ‘omnipotenti
1559 2955 1672 3009 Deo
1706 2970 1720 3009 ε
1754 2972 1781 3005 n
1820 2962 1876 3009 et
1916 2954 2145 3009 habetur
2176 2954 2237 3009 'in
2268 2954 2483 3022 Glossa,

493 3044 648 3101 Rom.
691 3059 771 3111 xi,
805 3046 890 3109 36,
923 3058 1084 3113 super
1113 3042 1244 3097 illud
1277 3058 1292 3097 z
1325 3044 1416 3098 Eoe
1452 3042 1585 3115 ipse,
1618 3049 1667 3098 et
1702 3046 1807 3115 per
1844 3041 2113 3115 seipsum,
2156 3050 2261 3099 etc.
2308 3044 2488 3099 Prima

493 3140 678 3189 autem
720 3131 908 3203 ligatio
938 3148 1046 3203 qua
1088 3130 1248 3186 homo
1289 3132 1404 3187 Deo
1448 3130 1648 3201 ligatur
1696 3138 1778 3187 est
1826 3147 1919 3204 per
1968 3132 2151 3199 fidem,
2196 3140 2255 3187 ut
2286 3131 2489 3187 dicitur

493 3221 658 3278 Hebr.
694 3236 775 3289 xi,
806 3224 837 3275 6
867 3237 879 3274 :
912 3219 1249 3277 Accedentem
1286 3220 1355 3274 ad
1385 3220 1553 3275 Deum
1581 3226 1785 3291 oportet
1826 3220 2055 3286 credere,
2081 3220 2211 3293 quia
2256 3228 2339 3275 est
2372 3222 2491 3292 ejus

491 3310 618 3367 fidei
647 3309 986 3382 protestati0‚
1016 3308 1178 3365 latria
1220 3317 1322 3375 est,
1349 3324 1490 3381 ,quae
1518 3307 1725 3363 cultum
1767 3310 1881 3365 Deo
1910 3308 2146 3373 exhibet,
2190 3308 2346 3380 quasi
2398 3324 2491 3363 re-

489 3414 820 3469 cognoscens
845 3398 1016 3453 Deum
1042 3412 1159 3452 esse
1189 3396 1515 3468 principium
1542 3412 1556 3451 z
1590 3396 1733 3452 unde
1764 3396 1951 3467 religio
1988 3396 2164 3469 primo
2194 3404 2248 3451 et
2278 3396 2491 3469 princi-

493 3487 685 3559 paliter
715 3486 928 3542 latriam
973 3484 1261 3555 significat,
1293 3500 1417 3557 quae
1457 3486 1570 3540 Deo
1609 3484 1815 3541 cultum
1846 3484 2063 3540 exhibet
2106 3486 2161 3539 in
2194 3500 2336 3541 verae
2362 3484 2491 3539 fidei

492 3575 960 3647 protestationem.
991 3574 1058 3628 Et
1092 3573 1195 3629 hoc
1223 3579 1326 3641 cst,
1353 3572 1498 3645 quod
1533 3574 1869 3644 Augustinus
1896 3573 2028 3627 dicit
2058 3589 2115 3640 x,
2149 3572 2227 3627 De
2254 3571 2491 3627 Ciuitate

492 3662 614 3727 Dei,
646 3664 788 3735 quod
837 3658 862 3715 '«
913 3662 1101 3733 religio
1148 3679 1253 3719 non
1289 3662 1608 3734 quemlibet,
1640 3663 1731 3717 sed
1776 3663 1895 3731 Dei,
1928 3660 2135 3718 cultum
2179 3662 2493 3731 significare

491 3752 728 3821 videtur,
765 3772 790 3803 1>
825 3762 877 3807 et
905 3752 1006 3807 hoc
1037 3751 1192 3808 modo
1224 3750 1431 3806 Tullius
1458 3750 1773 3821 religionem
1802 3748 1977 3807 difinit
2009 3750 2061 3805 in
2090 3752 2263 3805 veteri
2302 3750 2495 3807 rheto-

485 3839 605 3897 rica
646 3838 927 3896 dicensi«
956 3838 1166 3910 Religio
1207 3847 1291 3897 est
1328 3854 1455 3912 quae
1482 3835 1747 3911 superiori
1785 3840 2003 3897 cuidam
2047 3845 2280 3911 naturae,
2322 3854 2489 3915 quam
