2784 4392
517 266 638 334 426
993 289 1047 337 s.
1090 286 1326 337 mour
1363 283 1698 341 Aonius-ns
1736 284 2051 335 croscum

519 404 810 477 pugnando
835 404 1100 464 auxilium
1125 406 1196 463 de
1232 405 1371 464 coelo
1401 404 1642 479 petebat,
1672 403 1819 479 quod
1847 403 2123 478 praecipue
2150 400 2234 459 eis
2266 401 2540 475 competit

519 502 744 566 propter
785 493 1087 565 periculum
1133 494 1222 550 cui
1250 507 1310 551 se
1352 493 1727 564 committunt,
1754 490 1843 552 vel
1890 492 2023 565 quia
2052 496 2341 548 merentur
2391 488 2541 563 apud

521 582 694 639 Deum
726 592 784 640 ut
821 583 932 640 sint
970 581 1270 651 victoriosi,
1301 600 1364 639 eo
1411 582 1558 656 quod
1589 581 1755 640 morti
1780 598 1841 639 se
1869 586 2156 655 exponunt
2184 596 2283 654 pro
2307 578 2537 654 populo.

521 668 600 727 De
623 686 732 745 que
747 668 932 746 aquila
953 668 1157 729 dicitur
1180 668 1236 728 ln
1261 668 1512 729 Ezechiel
1536 682 1688 739 xvii,
1715 662 2058 745 3‚'loquente
2084 668 2152 725 de
2174 664 2539 727 Nabuchodo·

523 776 684 816 nosor
721 758 964 817 Orientis
1009 756 1302 818 monarcha
1327 774 1362 817 -ε
1395 756 1599 833 Aquita
1642 754 1887 833 mandis,
1926 772 2252 832 magnarum
2293 759 2539 823 alarum,

521 848 674 921 lonae
700 848 1056 907 ’nombrorum
1089 850 1274 916 ductu,
1299 850 1463 923 plena
1483 849 1683 922 plumis
1704 856 1756 907 et
1783 848 2073 915 varietate,
2094 847 2241 905 venit
2261 846 2333 904 ad
2359 846 2539 905 Liba-

524 952 674 1003 num,
703 944 767 995 ut
790 938 914 995 tulit
937 938 1220 996 medullam
1248 937 1414 994 cedri.
1444 938 1573 995 Post
1600 937 1705 995 hoc
1740 936 1927 995 subdit
1956 937 2215 1009 vegetius
2243 948 2539 993 numerum

526 1024 718 1099 primae
743 1027 1004 1095 cohortis,
1035 1044 1204 1101 quam
1245 1026 1606 1084 millenariam
1642 1034 1823 1107 vocat,
1856 1043 1921 1084 eo
1945 1026 2095 1100 quod
2132 1024 2281 1083 mille
2310 1032 2539 1083 centum

529 1110 738 1187 pedites
765 1115 822 1172 in
847 1132 912 1174 ea
939 1124 1086 1185 sunt,
1118 1125 1406 1191 equestres
1429 1124 1614 1175 nutem
1638 1124 1859 1173 centurn
1889 1116 2117 1188 triginta
2144 1131 2261 1171 sex.
2292 1115 2539 1171 Caeteras

527 1208 713 1259 autem
736 1211 899 1263 vocat
935 1206 1457 1277 quinquagenariae,
1486 1206 1618 1279 qui-n
1650 1205 1704 1261 in
1735 1205 1980 1279 qualibet
2010 1204 2163 1276 ponit
2200 1203 2535 1277 quingentos

531 1290 928 1363 quinquaginta
957 1293 1200 1365 quinque
1233 1294 1464 1365 pedites,
1496 1300 1781 1367 equestres
1804 1298 1988 1350 nutem
2013 1291 2297 1364 sexaginta
2326 1306 2444 1357 sex,
2476 1298 2539 1347 ut

533 1378 761 1451 quilibet
791 1396 960 1453 eques
983 1390 1196 1437 certum
1231 1396 1519 1439 numerum
1550 1382 1797 1455 peditum
1832 1382 2053 1439 habeat.
2082 1381 2337 1454 Disponit
2366 1380 2537 1436 etiem

533 1468 587 1525 in
631 1468 825 1541 quinta
865 1468 1090 1527 cohorte
1134 1469 1338 1527 milites
1379 1470 1653 1539 fortiores,
1700 1472 1831 1544 quia
1875 1472 2019 1527 sicut
2064 1469 2243 1542 prima
2282 1470 2539 1525 dextrum

534 1562 685 1613 tenet
711 1573 898 1626 cornu,
933 1560 1010 1637 ita
1038 1564 1094 1617 et
1121 1559 1315 1633 quinta
1341 1560 1647 1617 sinistrum.
1669 1559 1839 1616 Multa
1864 1558 1971 1617 alin
1991 1559 2127 1616 dicit
2156 1558 2230 1614 ibi
2254 1558 2536 1629 vegetius,

533 1662 659 1719 quae
687 1649 1205 1706 enumerare-nimis
1231 1656 1376 1715 esset
1416 1649 1653 1721 longum,
1688 1654 1743 1704 et
1773 1646 1941 1705 verba
1969 1648 2087 1721 ejus
2118 1654 2379 1718 tanquam
2412 1646 2543 1701 inu-

533 1736 702 1793 sitata
746 1737 1022 1795 modernis
1061 1737 1395 1811 temporibus
1422 1736 1618 1809 majori
1661 1736 1969 1809 indigerent
2012 1734 2372 1809 expositione.
2411 1736 2543 1791 Haec

537 1830 722 1881 autem
748 1831 960 1882 tantum
991 1825 1060 1882 ad
1087 1840 1330 1898 praesens
1357 1826 1683 1902 sufficiant.-

608 1912 764 1983 Quod
793 1914 841 1970 si
867 1914 1157 1972 multitudo
1181 1915 1364 1989 populi
1390 1915 1448 1970 in
1476 1914 1664 1987 politia
1682 1911 1785 1971 sub
1806 1913 1973 1971 certis
1998 1912 2263 1970 limitibus
2288 1913 2340 1968 in
2368 1912 2541 1985 gradu

539 2008 594 2058 et
624 2018 849 2059 numero
877 2003 1183 2075 disponitur
1219 2009 1485 2075 qnantum
1522 2003 1593 2059 ed
1634 2002 1717 2059 sui
1745 2003 2121 2071 directionem,
2158 2000 2331 2058 multo
2370 2001 2542 2073 magis

540 2091 596 2145 in
623 2091 839 2157 cestrie,
872 2091 929 2145 in
953 2090 1151 2164 quibus
1177 2092 1418 2149 maxima
1450 2096 1504 2149 et
1534 2092 1993 2166 periculosissime
2016 2100 2103 2149 est
2129 2091 2423 2147 difficultas
2450 2104 2541 2146 re-

542 2178 779 2251 giminis,
814 2186 930 2235 tum
973 2196 1041 2243 ex
1079 2189 1234 2253 parte
1277 2181 1457 2255 operis
1485 2181 1631 2255 quod
1674 2182 1753 2238 eis
1794 2180 2079 2249 incumbit,
2112 2182 2241 2255 quia
2270 2180 2339 2236 ad
2378 2180 2543 2235 finem

545 2266 868 2324 terribilium
897 2268 1203 2338 ordinatur,
1247 2270 1393 2343 quod
1424 2278 1509 2326 est
1546 2284 1725 2339 mors-3
1758 2276 1875 2326 tum
1903 2284 1971 2326 ex
1999 2276 2154 2344 parte
2184 2267 2421 2325 hostium
2450 2266 2543 2340 qui

443 2377 452 2385 ·
546 2356 822 2413 infestant.
853 2356 1008 2415 Unde
1035 2359 1178 2415 sicut
1207 2358 1264 2413 in
1297 2356 1472 2415 Exod.
1503 2373 1673 2427 xvnl,
1714 2362 1803 2428 2⁴,
1844 2359 2146 2416 consulitur
2184 2358 2357 2431 Moysi
2387 2372 2421 2413 a
2446 2372 2546 2412 co·

545 2454 712 2519 gnato
741 2460 840 2503 suo
875 2445 1084 2516 Jethro,
1129 2454 1190 2504 ut
1225 2462 1391 2505 onera
1422 2446 1690 2505 divideret
1718 2464 1815 2521 per
1843 2446 2021 2505 officia
2055 2447 2274 2503 diversa
2303 2446 2360 2527 in
2391 2444 2545 2517 judi·-

545 2536 720 2592 cando
757 2535 1034 2609 populum,
1070 2537 1160 2591 ubi
1203 2536 1280 2593 ait
1326 2550 1341 2591 ι
1378 2534 1607 2593 Provide
1647 2536 1793 2593 viros
1814 2542 2069 2609 potentes,
2115 2542 2163 2591 et
2204 2532 2301 2607 qui
2334 2531 2546 2589 oderint

547 2624 866 2698 avaritiam,
888 2630 939 2681 st
966 2626 1223 2681 constitue
1261 2640 1325 2679 ex
1346 2624 1421 2680 eis
1446 2623 1706 2690 tribunos,
1735 2632 1785 2681 et
1816 2624 2168 2689 centuriones,
2196 2629 2251 2677 ct
2278 2621 2544 2694 quinqua-

544 2713 812 2784 9enarior,
843 2720 895 2769 et
917 2712 1135 2768 decanos
1157 2711 1248 2784 qui
1263 2712 1507 2783 judicent
1522 2714 1797 2785 populum.
1824 2714 1907 2769 lta
1936 2721 1991 2770 et
2014 2714 2041 2768 J
2050 2712 2185 2769 udas
2204 2709 2547 2767 Mechabaeus

546 2814 670 2853 curn
698 2799 1048 2856 infestaretur
1077 2799 1146 2855 ab
1171 2799 1437 2865 hostibus,
1468 2816 1565 2855 sua
1586 2807 1765 2857 castra
1786 2800 1991 2867 divisit,
2018 2800 2073 2855 in
2102 2799 2293 2856 eodem
2325 2812 2544 2853 numero

548 2888 926 2943 constituendo
951 2886 1134 2953 duces,
1164 2902 1260 2961 per
1281 2886 1526 2943 tribunos
1553 2889 1827 2958 videlicet,
1858 2888 2545 2960 centuriones,-pentncon-

551 2972 766 3031 turchos
795 2981 850 3031 et
877 2974 1216 3043 decuriones,
1257 2977 1352 3049 qui
1385 2978 1607 3050 quidem
1646 2992 1905 3035 numerus
1938 2978 2075 3033 setis
2104 2976 2546 3050 proportionatus

548 3072 632 3120 est
661 3062 924 3121 militibus
964 3063 1032 3121 nd
1075 3063 1480 3122 distinctionem
1524 3067 1794 3123 exercitus
1841 3082 1854 3122 e
1904 3066 2047 3122 unde
2088 3080 2227 3121 unus
2272 3064 2329 3120 in
2376 3064 2546 3120 altero

549 3152 877 3220 continetur,
917 3160 978 3209 ut
1023 3153 1234 3211 fecilior
1275 3156 1348 3211 sit
1389 3155 1459 3211 ed
1506 3156 1943 3227 conjunctionem
1984 3154 2147 3211 unius
2182 3167 2308 3211 cum
2351 3152 2541 3219 altero,

547 3258 672 3299 cum
709 3241 942 3299 bellandi
971 3244 1269 3299 necessitas
1309 3242 1414 3299 hoo
1450 3243 1699 3317 requirit.
1733 3244 2023 3300 Distinctio
2054 3258 2183 3299 vero
2210 3256 2377 3315 quum
2414 3242 2547 3298 fecit

548 3330 806 3403 Vegetius
829 3346 895 3387 ex
918 3328 1273 3404 dispositione
1295 3330 1555 3395 acierum,
1589 3334 1890 3389 attenditur
1914 3344 2039 3401 cum
2072 3332 2318 3405 cempsle
2346 3330 2545 3387 bellum

549 3420 848 3485 ordinetur,
882 3418 1011 3475 licet
1035 3421 1205 3476 etism
1233 3420 1349 3493 ipse
1373 3418 1625 3477 cohortes
1648 3420 1716 3479 ad
1740 3420 2019 3479 centurias
2044 3418 2273 3478 reducat
2296 3425 2355 3477 et
2376 3420 2545 3477 decu-

549 3507 676 3579 rias,
701 3524 770 3566 ex
796 3506 960 3566 certis
983 3507 1166 3567 causis
1191 3514 1248 3567 et
1275 3508 1601 3567 rationibus.
