2784 4392
581 292 714 336 xiv.
745 308 824 320 —
852 292 1089 338 comm
1131 294 1344 339 nurus.
1393 295 1495 340 nm
1538 298 1713 346 oum.
1755 300 1833 344 m·
1872 303 2077 349 nmmo.
2220 290 2335 351 105

398 410 604 465 Iterum
645 408 892 466 eamdem
940 410 1600 473 necessitatemostendit
1632 416 1921 473 multitudo
1969 419 2161 491 plebis,
2208 439 2332 494 quae

327 498 602 556 interdum
629 497 722 552 uni
752 497 1022 553 sacerdoti
1052 497 1406 569 gubernanda
1434 501 1814 570 committitur,
1848 505 1941 577 qui
1972 506 2017 560 si
2049 511 2165 577 toto
2192 512 2335 563 tem-

323 603 456 663 pore
497 588 627 645 vitae
664 602 780 641 suae
806 586 938 640 nihil
967 585 1112 641 aliud
1158 587 1367 663 ageret,
1395 588 1486 643 vix
1526 591 1771 668 omnium
1797 592 2163 649 confessiones
2203 593 2335 649 dili-

325 684 517 749 genter
542 677 730 732 audire
763 683 963 749 posset.

322 814 328 821 .
393 767 595 822 lterum
638 764 779 819 hanc
808 764 1192 823 necessitatem
1236 766 1476 824 ostendit
1506 767 1801 827 difficultas
1841 770 2158 826 confitendi.
2193 773 2329 841 Qui·

321 854 446 909 dam
477 856 641 919 enim,
676 861 735 907 ut
773 854 1143 928 experimento
1186 855 1467 911 inventum
1494 866 1595 923 est,
1639 872 1669 911 a
1707 858 2326 933 consessionepdesiste-

321 951 461 1011 rent,
493 944 591 999 nisi
622 950 840 1015 possent
881 942 1001 997 aliis
1035 958 1198 1015 quam
1229 944 1342 999 suis
1371 942 1748 1001 sacerdotibus
1773 948 2040 1014 confiteri,
2075 951 2328 1021 quando-

321 1049 425 1105 que
458 1037 676 1104 propter
719 1030 1121 1097 verecundiam,
1153 1032 1281 1103 quia
1316 1032 1646 1088 erubescunt
1682 1035 1927 1090 confiteri
1962 1035 2067 1091 illis
2100 1047 2324 1110 peccata

319 1137 441 1176 cum
475 1121 672 1194 quibus
696 1120 942 1192 quotidie
977 1129 1369 1177 conversantur
1404 1139 1417 1175 :
1446 1125 1774 1195 quandoque
1805 1140 1951 1189 vero,
1985 1127 2113 1198 quia
2140 1128 2322 1198 suspi-

318 1216 513 1263 cantur
539 1210 851 1261 sacerdotes
889 1206 990 1261 sibi
1021 1222 1138 1261 esse
1181 1206 1452 1276 inimicos,
1480 1219 1533 1265 et
1564 1218 1786 1282 propter
1814 1212 1982 1267 multa
2014 1212 2139 1269 alia.
2172 1215 2322 1271 Unde

317 1298 402 1369 pie
433 1294 643 1380 praelati
677 1310 862 1350 eorum
895 1295 1198 1350 infirmitati
1226 1298 1686 1365 condescendunt,
1720 1316 1787 1355 ne
1812 1301 2031 1357 omnino
2060 1284 2321 1375 despera-

317 1387 522 1438 tionem
549 1384 818 1451 labantur,
850 1384 917 1439 de
943 1383 1063 1438 aliis
1091 1383 1491 1441 confessoribus
1522 1388 1599 1442 eis
1626 1388 1979 1458 providendO.

385 1475 482 1527 His
513 1472 663 1538 visis,
692 1471 1086 1528 ostendendum
1116 1481 1199 1528 est
1238 1471 1479 1545 aliquam
1523 1474 1839 1546 religionem
1878 1478 1945 1532 ad
1977 1478 2078 1557 boc
2102 1480 2317 1551 specia-

314 1560 438 1615 liter
467 1559 759 1616 salubriter
789 1575 944 1631 posse
975 1560 1186 1615 institui
1232 1560 1300 1615 ad
1331 1564 1734 1634 cooperandum
1770 1566 2013 1635 praelatis
2053 1566 2317 1622 ecclesia-

313 1665 432 1704 rum
462 1650 512 1703 in
549 1648 936 1719 praedicatione
966 1654 1020 1704 et
1050 1648 1480 1705 confessionibus
1524 1650 1809 1707 audiendis
1838 1669 1906 1709 ex
1933 1655 2315 1711 commissione

311 1739 686 1810 praelatorum.

293 1828 300 1833 ’
384 1828 579 1893 Prim0,
606 1842 700 1897 per
722 1827 824 1882 hoc
850 1826 994 1899 quod
1017 1827 1191 1883 omnis
1222 1828 1411 1900 religio
1436 1828 1503 1883 ad
1531 1826 1806 1901 exemplar
1830 1830 1961 1885 vitae
1987 1831 2313 1903 Apostolicae

310 1918 542 1972 formata
576 1924 677 1984 est,
717 1917 860 1969 unde
884 1915 1082 1970 dicitur
1111 1920 1346 1972 Actuum
1376 1934 1453 1984 ιν,
1501 1932 1663 1989 super
1689 1917 1819 1973 illud
1852 1934 1864 1973 z
1892 1919 1967 1974 Ec
2010 1928 2165 1975 erant
2206 1921 2313 1976 illis

309 2006 490 2067 omnia
519 2005 836 2059 communia.
869 2004 1062 2060 Glossa
1092 2022 1105 2058 :
1136 2026 1160 2057 α
1192 2006 1524 2072 Communia,
1552 2022 1716 2078 yraece
1744 2024 1909 2074 coena,
1941 2009 2083 2064 unde
2122 2026 2312 2066 coeno-

309 2094 458 2157 bilae,
491 2094 542 2149 id
580 2102 682 2159 est,
719 2092 1087 2148 'communiter
1124 2094 1390 2160 viventes,
1434 2094 1701 2162 coenobia,
1757 2096 1809 2151 id
1860 2103 1961 2161 est,
1997 2096 2307 2154 habitacula

309 2199 513 2239 eorum.
555 2203 579 2234 1>
611 2184 739 2238 Haec
766 2188 946 2237 autem
979 2181 1079 2235 fuit
1105 2182 1216 2239 vita
1249 2184 1582 2255 Apostolica‚
1613 2192 1672 2239 ut
1698 2184 1905 2239 relictis
1931 2186 2183 2241 omnibus
2214 2204 2308 2259 per

308 2273 569 2327 mundum
614 2274 984 2326 discurrerent
1029 2270 1472 2341 evangelizando,
1516 2281 1570 2328 et
1624 2273 1991 2343 praedicando‚
2048 2282 2107 2329 ut
2160 2282 2310 2349 patet

307 2362 459 2417 Mau.
489 2377 548 2427 x,
577 2366 630 2414 et
664 2361 714 2414 in
759 2359 952 2431 regula-
983 2360 1220 2433 quadam
1250 2376 1373 2433 quae
1405 2361 1483 2414 eis
1513 2359 1847 2415 inscribitur.
1877 2361 2019 2432 Ergo
2064 2363 2130 2417 ad
2164 2378 2308 2434 prae-

307 2450 451 2505 dicta
485 2455 660 2521 potest
688 2448 871 2519 aliqua
898 2448 1086 2517 religio
1111 2448 1621 2503 convenientissime
1648 2448 1879 2502 institui.

293 2536 300 2541 '
377 2538 530 2592 item.
562 2536 749 2593 Jacob.
785 2552 821 2602 1,
851 2538 919 2593 27
943 2554 955 2590 :
989 2536 1192 2607 Reliyio
1216 2536 1413 2592 munda
1447 2544 1498 2591 et
1530 2537 1870 2592 immaculata
1894 2537 2036 2608 apud
2064 2538 2230 2625 Degaem
2256 2546 2307 2595 et

302 2624 523 2682 Patrem
552 2626 658 2682 haec
685 2634 781 2691 est,
808 2626 1031 2682 visitare
1050 2624 1282 2697 pupillos
1317 2632 1364 2680 et
1392 2624 1583 2681 viduas
1608 2624 1669 2680 in
1703 2624 2049 2682 tribulatione
2074 2642 2254 2682 eorum
2286 2642 2303 2683 .·

304 2717 397 2770 sed
428 2715 517 2783 illa
549 2715 1070 2781 visitatiomaxime
1101 2722 1188 2782 est¹
1221 2716 1548 2781 necessaria,
1578 2729 1703 2787 quae
1733 2714 1793 2769 iit
1823 2730 1919 2787 per
1948 2729 2057 2779 eoS‚
2088 2715 2181 2788 qui
2212 2731 2306 2771 sa-

305 2804 404 2859 luti
445 2805 749 2860 animarum
797 2802 1105 2859 intendunt.
1142 2803 1284 2873 Ergo
1333 2803 1844 2859 convenientissime
1889 2810 2065 2877 potest
2113 2804 2303 2875 religio

303 2893 513 2947 institui
541 2892 608 2951 ad
638 2891 967 2946 visitandum
996 2890 1260 2960 homineS,
1289 2891 1383 2963 qui
1418 2890 1789 2947 consolatione
1826 2891 2091 2963 indigent,
2122 2899 2182 2947 ut
2209 2908 2303 2964 per

303 2981 602 3052 patentiam
647 2989 702 3035 et
749 2979 1178 3035 consolationem
1219 2980 1563 3050 Scripturum
1616 2996 1767 3052 spem
1825 2979 2080 3037 habeant.
2141 2981 2296 3046 ltem,

301 3074 534 3125 Actuum
565 3086 643 3135 vi,
676 3083 838 3140 super
869 3068 1000 3123 illud
1034 3084 1046 3121 :
1073 3066 1198 3122 Non
1224 3074 1298 3123 est
1326 3083 1533 3138 oequum
1570 3083 1665 3122 nos
1690 3066 2053 3139 derelinquere
2085 3068 2298 3123 verbum

301 3157 420 3223 Dei,
442 3166 499 3223 ,et
521 3157 838 3213 ministrare
865 3156 1078 3220 mensis,
1107 3155 1241 3210 dicit
1266 3156 1637 3212 Interlinearis
1658 3156 1912 3211 :Meliora
1942 3163 2069 3211 sunt
2095 3155 2296 3211 fercula

302 3247 518 3309 mentis,
548 3262 712 3317 quam
742 3246 909 3318 dapes
930 3245 1173 3316 corporis
1203 3259 1214 3297 :
1245 3263 1271 3295 »
1299 3245 1393 3299 sed
1423 3244 1623 3316 aliquae
1652 3243 1939 3315 religiones
1962 3244 2051 3316 pie
2071 3249 2127 3298 et
2150 3241 2300 3298 salu-

299 3335 470 3389 briter
503 3332 767 3389 institutae
792 3341 915 3388 sunt
941 3332 1008 3387 ad
1039 3332 1470 3388 subveniendum
1496 3332 1824 3405 pauperibus
1845 3332 1898 3386 in
1930 3329 2303 3403 corporalibus

299 3422 550 3495 dapibus,
571 3428 624 3475 et
651 3420 770 3476 aliis
799 3422 1218 3476 necessitatibus
1236 3420 1481 3493 corporis
1502 3438 1515 3489 ;
1538 3436 1668 3491 ergo
1693 3420 1865 3474 multo
1893 3420 2305 3475 convenientius

300 3517 480 3585 potest
517 3508 701 3579 aliqua
729 3508 939 3580 reliqua
966 3508 1154 3579 religio
1183 3508 1419 3564 instituti
1447 3507 1513 3563 ad
1544 3508 1971 3565 subveniendum
2000 3508 2303 3563 necessita-

301 3600 445 3656 tibus
492 3598 820 3655 animarum.

367 3689 524 3744 Item.
573 3686 914 3759 Augustinus
960 3703 972 3738 τ
1009 3705 1033 3737 «
1073 3684 1264 3740 Melius
1310 3690 1393 3739 est
1434 3699 1655 3755 pascere
1697 3684 1908 3740 animas
1954 3684 2011 3738 in
2038 3689 2301 3741 aeternum

300 3792 421 3833 cum
471 3777 702 3833 Domino
748 3775 1010 3841 victurae„
1062 3789 1226 3848 quam
1272 3786 1502 3845 corpora
1554 3773 1838 3843 moritura,
1877 3772 2130 3829 nimirum
2178 3792 2302 3830 cum

302 3866 448 3924 salus
473 3881 763 3940 corporum
789 3880 853 3921 ex
881 3864 1057 3920 salute
1086 3860 1390 3937 dependeat
1416 3862 1740 3932 animarum,
1769 3878 1872 3919 non
1898 3879 1927 3919 e
1956 3878 2237 3920 conver-30.
2277 3884 2301 3916 x>
