2784 4392
460 215 581 276 226
936 235 989 279 s.
1032 233 1265 280 THOMAE
1305 231 1632 283 sommus
1673 229 1982 276 opuscum

464 349 849 414 constituatur,
889 357 949 404 ut
979 348 1187 405 scilicet
1217 363 1279 404 eo
1311 348 1472 404 modo
1500 354 1732 413 ametur,
1765 361 1874 420 quo
1912 346 2056 400 Deus
2081 343 2254 400 amari
2277 342 2474 411 debet,

468 453 531 491 ne
558 437 770 493 scilicet
791 435 999 509 aliquid
1023 451 1367 511 quocumque
1390 435 1553 493 modo
1579 441 1768 491 contra
1791 435 1966 490 Deum
1989 433 2084 490 fiat
2104 451 2118 499 ;
2141 432 2287 504 quod
2310 439 2474 505 patet

465 541 531 580 ex
560 525 661 580 hoc
685 526 829 598 quod
862 526 1173 583 immediate
1204 526 1488 598 praemittit
1518 543 1531 578 :
1569 544 1594 578 (ι
1621 523 1824 598 HostiS,
1858 523 2052 595 inquit,
2084 521 2478 592 Redemptoris

466 621 567 682 est,
600 614 693 688 qui
722 630 819 688 per
846 623 995 671 recta
1024 629 1188 686 opera
1216 629 1340 688 quae
1379 613 1511 672 facit
1552 613 1714 685 hujus
1743 612 1889 678 vitae,
1923 610 1993 668 ab
2019 608 2265 666 Ecclesia
2293 609 2477 665 amari

466 703 825 775 concupiscit.
857 722 883 754 ι)

536 791 618 846 Ad
660 792 912 862 quintum
941 791 1250 858 dicendum,
1282 791 1429 864 quod
1473 788 1700 846 verbum
1728 787 2018 860 Augustini
2046 793 2130 843 est
2155 785 2477 858 intelligen-

469 880 599 932 dum
628 879 695 933 de
724 880 1032 935 inordinato
1058 880 1140 935 sui
1172 895 1376 945 amore,
1425 895 1494 935 ex
1521 893 1628 952 quo
1660 877 1904 950 procedit
1933 881 1994 931 ut
2022 874 2222 949 aliquis
2250 880 2478 948 propter

472 981 529 1020 se
559 966 868 1021 hominibus
896 967 1110 1038 placere
1140 975 1375 1041 quaerat.

542 1053 623 1108 Ad
672 1059 885 1109 sextum
936 1056 1246 1126 dicendum,
1296 1055 1443 1128 quod
1473 1053 1718 1126 placidus
1765 1045 2062 1108 socundum
2090 1049 2478 1122 Philosophum

475 1155 578 1196 non
607 1141 827 1207 dicitur,
861 1143 952 1212 qui
1002 1144 1474 1215 qualitercumque
1504 1141 1809 1198 hominibus
1838 1140 2052 1213 placere
2097 1139 2328 1212 quaerit;
2375 1139 2476 1194 sed

475 1229 566 1298 qui
596 1227 648 1281 in
676 1227 776 1282 hoc
799 1228 1031 1295 excedit,
1059 1230 1187 1285 dum
1213 1230 1422 1286 scilicet
1453 1229 1666 1301 placere
1697 1230 1894 1301 quaerit
1919 1226 2205 1300 plusquam
2234 1233 2472 1298 oportet,

476 1313 559 1368 vel
586 1315 639 1369 in
663 1314 861 1387 quibus
881 1332 985 1372 non
1010 1323 1245 1388 oportet.
1274 1318 1408 1373 Eum
1433 1319 1578 1374 enim
1602 1318 1715 1390 qui,
1745 1317 2042 1373 secundum
2065 1315 2210 1389 quod
2235 1320 2474 1386 oportet,

478 1405 599 1460 aliis
624 1403 839 1476 placere
868 1405 1070 1474 studet,
1100 1408 1335 1482 amicum
1361 1406 1563 1463 ibidem
1595 1413 1774 1462 vocat.

1182 1586 1463 1654 CAPUT
1525 1586 1768 1654 XVIII.

480 1715 681 1790 Sexto,
712 1716 781 1780 de
793 1716 901 1779 Ῐιοσ
926 1719 1375 1797 quodreliqz'osi
1400 1719 1666 1796 ⁸qaudent
1693 1717 1763 1778 de
1788 1716 1884 1778 Itis
1905 1733 2034 1796 quce
2054 1732 2160 1796 per
2187 1729 2280 1778 eos
2309 1714 2479 1776 Deus

1153 1807 1469 1884 maynifice
1497 1811 1800 1884 operatur.

554 1935 737 2001 Sexte,
785 1935 1066 1992 videamus
1112 1939 1383 2009 quomodo
1436 1938 1683 1992 nituntur
1710 1936 1996 1993 ostendere
2047 1937 2191 2008 quod
2240 1935 2481 2005 religiosi

484 2023 720 2093 gaudere
749 2039 853 2078 non
884 2023 1084 2078 debent
1106 2025 1174 2079 de
1205 2025 1286 2078 his
1316 2041 1441 2096 quae
1465 2026 1610 2081 Deus
1639 2025 1924 2096 magnifice
1953 2041 2048 2097 per
2076 2041 2172 2080 eos
2198 2032 2476 2095 operatur.

486 2111 618 2164 Luc.
648 2111 792 2165 enim
816 2127 876 2176 x,
896 2115 982 2176 20,
1007 2111 1238 2168 dicitur:
1264 2112 1329 2168 In
1356 2113 1450 2168 hoc
1477 2113 1637 2168 nolite
1661 2113 1908 2184 (laudere,
1937 2113 2063 2185 quia
2085 2112 2310 2184 spiritus
2336 2111 2482 2167 vobis

486 2198 863 2269 subjiciuntur.
896 2200 1036 2272 Ergo
1075 2201 1264 2256 eadem
1292 2202 1503 2257 ratione
1545 2217 1644 2257 nec
1673 2203 1740 2257 de
1769 2200 1891 2258 aliis
1921 2201 2204 2272 magnifice
2243 2217 2340 2274 per
2384 2214 2481 2255 eos

488 2287 647 2343 factis
674 2289 911 2358 gaudere
938 2288 1157 2346 debent.

561 2377 711 2431 item.
744 2378 863 2434 iob.
904 2393 1071 2445 xxxi,
1101 2380 1167 2434 25
1198 2377 1399 2435 dicitur
1429 2395 1442 2432 :
1471 2378 1529 2434 Si
1556 2379 1766 2435 laetatus
1792 2394 1906 2433 sum
1930 2394 2088 2450 super
2112 2377 2316 2434 divitiis
2347 2377 2480 2431 meis

487 2467 685 2531 multis,
713 2473 761 2522 et
790 2467 916 2538 quia
932 2467 1174 2539 plurima
1198 2467 1398 2538 reperit
1440 2483 1630 2522 mantus
1656 2483 1786 2522 meu.
1819 2466 1877 2521 Si
1904 2467 2015 2520 vidi
2037 2467 2190 2522 solem
2213 2481 2330 2520 cum
2364 2466 2479 2537 titl-

486 2562 649 2626 yeret,
681 2562 731 2610 et
754 2555 937 2610 lunam
962 2556 1279 2612 incedentem
1306 2555 1467 2619 clare,
1499 2563 1546 2611 et
1572 2561 1808 2611 lcetatum
1837 2561 1912 2610 est
1952 2554 2010 2609 in
2051 2553 2348 2610 abscondito
2387 2569 2480 2608 cor

487 2658 678 2706 meum,
723 2644 875 2712 quasi
906 2641 1058 2706 dicit,
1093 2643 1232 2698 male
1264 2643 1392 2697 mihi
1443 2645 1676 2708 accidat,
1709 2643 1851 2714 quod
1883 2658 2156 2714 exponens
2183 2642 2480 2712 Gregorius

489 2729 543 2782 in
574 2744 719 2796 xxn,
777 2729 866 2782 lib.
918 2730 1114 2795 Moral,
1155 2731 1330 2786 dicit:
1378 2751 1404 2783 α
1438 2731 1572 2800 Quia
1605 2739 1852 2787 sanctum
1901 2733 2075 2786 virum
2119 2731 2478 2800 intelligentia

489 2814 732 2868 scientiae
761 2829 863 2868 non
894 2817 1154 2887 corrupit,
1188 2816 1254 2870 de
1296 2815 1484 2872 multis
1512 2818 1720 2872 divitiis
1765 2817 2001 2888 gaudere
2030 2817 2298 2889 despexit.
2340 2816 2477 2884 Quia

490 2916 615 2955 vero
659 2917 781 2955 eum
810 2902 1127 2972 magnitudo
1177 2905 1356 2974 operis
1407 2921 1511 2960 non
1561 2905 1788 2973 inflavit,
1823 2906 1990 2961 solem
2035 2906 2328 2976 fulgentem
2371 2919 2479 2980 non

489 2989 643 3043 vidit.
672 2986 810 3056 Quia
836 2995 1017 3044 autem
1049 2990 1198 3045 illum
1226 3007 1326 3047 nec
1350 2992 1497 3046 ‘fama
1527 2993 1701 3048 laudis
1727 2993 1940 3059 extulit,
1967 2993 2116 3048 clare
2140 2993 2478 3048 incedentem

488 3077 669 3133 lunam
719 3079 940 3133 minime
983 3081 1235 3135 attendit.
1288 3101 1312 3132 »
1346 3081 1485 3151 Ergo
1517 3089 1664 3151 patet
1707 3081 1852 3152 quod
1883 3095 1989 3136 non
2033 3081 2232 3135 debent
2270 3095 2371 3134 nec
2410 3079 2478 3134 de

486 3167 733 3233 scientia,
768 3182 866 3222 nec
894 3167 961 3222 de
986 3166 1149 3233 fama,
1180 3185 1279 3224 nec
1307 3169 1375 3224 de
1405 3169 1658 3241 operibus
1683 3169 1940 3239 gaudere.

556 3257 709 3312 Item.
738 3256 951 3313 Gaudio
972 3257 1203 3327 alicujus
1228 3258 1301 3312 rei
1330 3257 1500 3327 gloria
1526 3257 1672 3312 circa
1701 3257 1849 3320 illam
1876 3272 1988 3314 rem
2016 3256 2356 3328 adjungitur;
2383 3255 2478 3312 sed

484 3345 645 3401 horno
696 3361 799 3400 non
827 3343 988 3399 debet
1034 3345 1253 3415 gloriari
1286 3345 1353 3400 de
1381 3344 1536 3400 bonis
1578 3345 1830 3417 propriis,
1881 3345 2178 3401 secundum
2226 3345 2355 3401 illud
2385 3346 2478 3400 Je-

485 3449 618 3488 rem.
650 3448 729 3495 tx,
762 3435 829 3488 23
858 3449 871 3486 t
902 3431 1024 3490 Non
1052 3433 1321 3503 ylorietur
1339 3433 1548 3505 sapiens
1573 3433 1633 3488 in
1655 3433 1920 3504 sapientia
1953 3450 2048 3488 sua
2074 3441 2124 3489 et
2148 3449 2252 3488 uon
2277 3433 2479 3505 ylorie-

486 3530 579 3577 tur
603 3521 770 3593 fortis
797 3521 851 3573 in
881 3520 1203 3591 fortitudine
1226 3537 1342 3587 sua,
1370 3529 1420 3577 et
1443 3538 1548 3578 non
1575 3521 1841 3592 ylorietur
1863 3522 2002 3576 dives
2025 3521 2084 3576 in
2113 3522 2316 3578 divitiis
2344 3523 2475 3578 suis.

484 3612 623 3679 Ergo
663 3624 760 3663 nec
797 3607 865 3662 do
907 3607 1060 3664 bonis
1089 3611 1179 3682 qui
1210 3627 1304 3683 per
1335 3627 1458 3665 eum
1503 3611 1658 3676 fiunt,
1692 3609 1889 3682 aliquis
1923 3611 2159 3681 gaudere
2197 3611 2379 3666 debet.
2405 3613 2476 3686 Et

482 3698 561 3750 sic
605 3697 820 3752 videtur
848 3697 1079 3764 ostendi,
1120 3699 1263 3770 quod
1296 3699 1443 3754 nullo
1471 3699 1632 3754 modo
1675 3697 1873 3769 aliquis
1901 3699 2138 3768 gaudere
2167 3697 2362 3753 debeat
2408 3701 2478 3755 de

486 3783 639 3838 bonis
663 3799 786 3855 quae
810 3801 905 3854 per
933 3802 1057 3842 eum
1084 3787 1228 3842 Deus
1250 3787 1399 3860 facit.
1427 3787 1528 3842 Sed
1560 3786 1706 3857 quod
1733 3785 1836 3842 hoc
1860 3787 1929 3842 sit
1965 3786 2178 3854 falsum,
2215 3776 2496 3862 niunieste‘
