2784 4392
493 177 614 244 210
970 202 1023 250 s.
1065 201 1299 252 ‘facim
1339 203 1669 258 sommus
1710 203 2020 254 croscum

977 487 980 492 .
1231 410 1513 482 CAPUT
1573 409 1758 482 XIV.

499 533 772 606 Secundo
814 543 885 608 de
920 543 1028 609 hoe
1054 546 1215 626 qaod
1240 547 1515 628 reliyiosi
1541 542 1979 610 detractoribus
2012 543 2145 606 sais
2182 543 2501 608 resistant.-

563 676 720 733 Nunc
784 678 1022 734 secundo
1074 679 1357 736 videamus
1404 681 1677 751 quomodo
1720 680 1971 735 nituntur
2018 677 2309 733 ostendere
2356 677 2500 750 quod

495 765 735 837 religiosi
783 766 895 824 suis
943 768 1343 825 detractoribus
1402 769 1657 824 resistere
1711 784 1813 823 non
1860 766 2077 822 debent.
2122 766 2325 822 Naml
2377 767 2503 822 Cor.

499 869 586 910 xu
623 871 636 909 :
679 870 844 928 super
895 855 1026 912 illud
1067 874 1080 912 :
1120 856 1286 916 Nemo
1342 863 1507 929 potest
1550 857 1725 912 dicere
1779 872 1796 912 .·
1845 854 2108 911 Dominus
2150 853 2326 920 Jesus,
2368 850 2505 910 dicit

499 943 694 1000 Glossa
722 961 735 999 ε
767 964 793 997 tr.
826 945 1110 1022 Humiliari
1140 945 1338 1002 debent
1364 945 1679 1014 Christiani,
1710 950 1769 1000 ut
1796 945 2074 1016 patiantur
2102 959 2161 998 se
2186 942 2363 1014 argui,
2398 934 2503 998 non

502 1039 752 1102 quaerant
776 1031 1178 1090 adulationibus
1201 1034 1437 1091 deliniri.
1470 1054 1494 1085 »
1528 1034 1669 1103 Ergo
1682 1033 1938 1103 'religiosi
1974 1031 2068 1105 qui
2100 1047 2204 1088 non
2236 1031 2507 1088 sustinent

499 1135 561 1175 se
585 1120 760 1191 argui,
793 1122 1086 1182 ostendunt
1109 1139 1169 1179 se
1192 1139 1300 1178 non
1328 1138 1449 1179 esse
1487 1136 1645 1177 veros
1674 1120 2033 1177 Christianos,

572 1207 730 1264 Item.
761 1210 809 1264 Π
835 1210 1042 1266 Corint.
1075 1227 1184 1278 xu,
1212 1212 1279 1267 42
1315 1211 1517 1282 :Siqna
1536 1210 1877 1282 Apostolatus
1898 1209 1999 1264 mei
2023 1209 2171 1281 facta
2196 1215 2325 1266 sunt
2348 1225 2507 1282 super

502 1312 590 1352 vos
629 1296 878 1352 inomni
912 1297 1199 1370 patientia.
1240 1291 1435 1355 Glossa
1464 1314 1477 1352 t
1511 1318 1535 1351 α
1571 1299 1895 1354 Patientiam
1943 1298 2170 1369 primam
2220 1304 2501 1359 memorat,

506 1401 631 1458 quae
653 1386 724 1442 ad
753 1400 932 1442 mores
957 1387 1212 1458 pertinet.
1237 1407 1261 1438 »
1293 1387 1434 1458 Ergo
1461 1387 1538 1442 illi
1563 1387 1654 1459 qui
1686 1385 2068 1458 Apostolorum
2098 1385 2341 1441 officium
2366 1402 2507 1457 prae·

505 1474 739 1530 dicando
763 1483 1037 1544 exercent,
1056 1477 1330 1549 praecipue
1357 1476 1559 1532 debent
1582 1491 1701 1532 esse
1726 1476 2015 1548 patienteS,
2048 1474 2348 1531 secundum
2376 1475 2505 1528 illud

507 1562 989 1633 Psalm.xc1,⁴5:
1019 1565 1162 1620 Bene
1188 1565 1451 1636 patientes
1480 1570 1637 1620 erant
1666 1571 1714 1620 et
1743 1562 2089 1619 annuntient.
2120 1563 2263 1634 Ergo
2310 1562 2508 1618 debent

506 1651 855 1709 sustinerem
881 1655 1142 1726 patientia
1172 1669 1302 1710 suos
1323 1655 1682 1720 detractores,
1710 1660 1765 1708 et
1795 1668 1899 1707 non
1926 1653 2005 1707 eis
2028 1652 2307 1708 resistere.

580 1742 735 1796 Item.
763 1741 947 1798 Galat.
976 1745 1192 1809 1v,46:
1226 1743 1372 1815 Enyo
1400 1743 1647 1798 inimicus
1669 1741 1810 1796 vobis
1838 1740 2013 1812 factus
2040 1757 2177 1806 sum,
2206 1755 2393 1796 verum
2422 1739 2511 1794 di-

437 1903 442 1908 ·
510 1843 628 1882 cens
671 1827 1066 1886 vobisPGlossa
1097 1847 1110 1884 z
1142 1850 1167 1882 α
1195 1831 1368 1886 Nemo
1412 1828 1649 1886 carnalis
1694 1845 1753 1884 se
1793 1828 1908 1884 vult
1952 1829 2107 1898 argui
2148 1832 2445 1885 errantem.
2483 1847 2507 1880 »

511 1917 652 1988 Ergo
675 1917 849 1990 quise
883 1919 1028 1990 ipsos
1051 1919 1204 1988 argui
1237 1933 1340 1974 non
1368 1919 1666 1990 patiuntur,
1694 1917 1987 1973 ostendunt
2016 1933 2075 1973 se
2098 1917 2347 1973 carnales
2368 1933 2509 1973 esse.

515 2007 802 2075 Praeterea,
834 2006 969 2061 Phil.
1001 2005 1090 2075 Ill,
1122 2021 1286 2078 super
1314 2005 1449 2070 illud
1483 2023 1495 2060 :
1530 2005 1711 2062 Videte
1740 2021 1912 2072 canes,
1938 2014 2068 2071 etc„
2102 2005 2236 2061 dicit
2270 2005 2468 2062 Glossa
2496 2022 2509 2060 ε

517 2113 542 2144 «
572 2091 625 2147 id
649 2100 734 2149 est
762 2095 1073 2164 cognoscite
1119 2093 1240 2150 illos
1269 2108 1388 2150 esse
1416 2108 1581 2150 canes
1606 2109 1711 2150 non
1737 2095 1965 2161 ratione,
2000 2093 2095 2150 sed
2121 2095 2514 2150 consuetudine

513 2186 704 2236 contra
746 2180 1018 2238 insolitam
1053 2181 1341 2238 veritatem
1385 2185 1669 2238 latrantes.
1704 2201 1730 2234 »
1762 2181 1830 2238 Et
1878 2181 2016 2238 infra
2048 2199 2062 2236 x
2096 2201 2123 2235 α
2154 2182 2309 2238 Sicut
2350 2195 2515 2238 canes

515 2269 961 2326 consuetudinem
991 2271 1166 2342 magis
1192 2272 1496 2344 sequuntur
1524 2287 1690 2344 quam
1718 2271 2005 2338 rationem,
2037 2271 2115 2326 ita
2140 2271 2515 2350 pseudoapos-

518 2358 614 2414 toli
661 2357 1104 2417 irrationabiliter
1137 2368 1326 2418 contra
1365 2361 1655 2418 veritatem
1695 2360 1897 2418 latrant
1934 2368 1991 2416 et
2034 2359 2392 2426 mordent,·et
2438 2359 2513 2416 ita

517 2447 595 2502 illi
623 2449 716 2521 qui
744 2449 993 2506 mordent
1017 2450 1100 2522 de⁴
1127 2455 1272 2507 'novo
1310 2449 1769 2522 reprehendentes
1798 2464 1896 2505 sua
1919 2449 2074 2512 vitia,
2102 2455 2231 2504 sunt
2274 2450 2517 2521 psendo-

515 2536 768 2608 apostoli.
799 2557 826 2590 n
873 2538 1028 2607 ltem,
1057 2538 1353 2610 Gregorius
1399 2538 1533 2595 dicit
1574 2539 1628 2595 in
1665 2537 1813 2593 Past.
1850 2554 1863 2591 :
1898 2557 1923 2590 α
1976 2537 2079 2606 Qui
2120 2551 2287 2609 prava
2330 2537 2516 2592 studet

517 2640 696 2696 agere,
715 2629 780 2682 -et
803 2633 987 2684 tamen
1023 2628 1091 2683 ad
1118 2627 1235 2684 haec
1271 2635 1501 2684 caeteros
1550 2627 1665 2682 vult
1704 2633 1905 2693 tacere,
1932 2626 2049 2698 ipse
2087 2625 2308 2681 sibimet
2359 2627 2516 2682 testis

517 2718 618 2778 est,
648 2713 776 2785 quia
802 2715 922 2786 plus
949 2715 1180 2770 veritate
1208 2731 1266 2770 se
1300 2715 1509 2786 appetit
1538 2713 1710 2785 diligi,
1744 2729 1909 2786 quam
1950 2722 2143 2770 contra
2176 2729 2233 2768 se
2266 2728 2371 2769 non
2399 2713 2517 2768 vult

517 2797 754 2856 defendi.
785 2820 811 2853 ιο
849 2800 1060 2860 Veritas
1083 2809 1258 2858 autem
1289 2804 1431 2858 Deus
1450 2809 1545 2869 est,
1579 2809 1637 2857 ut
1666 2803 1866 2858 dicitur
1894 2802 2089 2858 Joann.
2116 2817 2237 2858 xlv.
2270 2801 2412 2872 Ergo
2438 2802 2513 2857 illi

517 2888 612 2959 qui
653 2903 760 2944 non
809 2890 1077 2946 sustinent
1118 2906 1176 2946 se
1207 2889 1380 2962 argui,
1412 2891 1705 2947 ostendunt
1746 2905 1805 2946 se
1848 2891 2137 2964 plusquam
2170 2891 2343 2946 Deum
2383 2891 2518 2946 dili-

515 2992 662 3046 gere,
691 2983 746 3034 et
767 2977 846 3034 ita
875 2978 928 3033 in
953 2984 1100 3050 statu
1130 2978 1498 3048 damnationis
1520 2995 1659 3036 esse.

585 3067 744 3122 ltem.
770 3067 963 3124 Adhuc
1006 3075 1185 3140 potest
1228 3067 1627 3140 meliusrobjiei
1652 3084 1749 3140 pro
1773 3074 1941 3141 parte
1977 3066 2101 3135 ista,
2136 3069 2294 3123 Prov.
2328 3083 2409 3134 rx,
2438 3072 2510 3124 82

516 3155 572 3214 N
575 3155 646 3212 oli
673 3171 898 3228 arquere
926 3155 1239 3223 derisorem,
1255 3172 1320 3212 ne
1338 3156 1515 3213 oderit
1542 3163 1592 3212 te
1605 3172 1625 3224 ,·
1650 3171 1817 3228 arque
1842 3155 2129 3228 sapientem
2153 3163 2203 3212 et
2229 3155 2413 3226 diliqet
2441 3165 2509 3212 te.

516 3243 924 3306 nem-AEmles.
955 3261 1083 3314 xxr,
1116 3245 1150 3300 ’7
1179 3263 1194 3300 2
1228 3245 1329 3312 Qui
1365 3244 1476 3320 odit
1522 3245 1920 3311 correctionem,
1967 3245 2247 3316 vestiqium
2287 3251 2365 3300 est
2388 3261 2513 3315 pec-

369 3369 388 3380 ,
413 3341 440 3352 ·“
514 3334 734 3392 catoris.
765 3337 922 3393 Item.
951 3337 1110 3392 Rom.
1143 3349 1250 3402 xa,
1285 3336 1352 3390 ⁴4
1391 3351 1404 3388 :
1442 3333 1719 3390 Benedicta
1763 3332 2327 3406 persequentibusoos,
2358 3333 2513 3390 bene-

514 3423 673 3494 dicite
711 3432 760 3482 et
799 3425 960 3482 nolite
999 3423 1326 3482 maledicere.
1371 3424 1528 3492 Item,
1556 3425 1688 3480 Luc.
1722 3439 1799 3490 vr,
1835 3427 1901 3480 28
1945 3438 1959 3478 ε
2004 3421 2309 3478 Benedicite
2347 3423 2513 3478 male-

515 3513 806 3570 dicentibus
849 3513 1010 3580 vobis‚
1035 3520 1085 3570 et
1120 3521 1271 3570 orate
1303 3529 1407 3585 pro
1446 3511 1893 3569 calumniantibus
1937 3527 2046 3567 vos.
2089 3510 2248 3578 Item,
2307 3510 2331 3564 1
2386 3511 2507 3566 Cor.

515 3618 593 3670 lv,
623 3605 688 3661 ⁴2
716 3620 729 3658 t
754 3603 1129 3662 Maledicimur
1151 3611 1200 3680 et
1233 3601 1597 3668 benedicimus,
1624 3602 2044 3674 blasphemamur
2078 3607 2130 3656 et
2162 3598 2508 3656 obsecramus.

514 3691 593 3746 Ex
621 3691 818 3763 quibus
838 3692 1098 3748 omnibus
1133 3691 1369 3758 videtur,
1393 3691 1539 3764 quod
1582 3690 1808 3763 perfecti
1850 3690 1975 3761 viri,
1996 3694 2053 3744 et
2097 3687 2375 3760 praecipue
2417 3689 2510 3759 qui

511 3778 694 3837 officio
715 3779 1116 3854 praedic-ationis
1137 3786 1350 3848 vacant,
1380 3796 1486 3836 non
1509 3778 1742 3836 debeant
1760 3777 2211 3836 maledicentibus
2229 3777 2508 3834 resistere.
