2784 4392
590 273 722 324 xiv.
751 288 832 308 -
858 272 1099 324 coma
1137 273 1351 323 meno.
1398 273 1503 322 nm
1542 273 1715 326 oum.
1760 274 1838 324 m·
1876 278 2079 332 numu.
2211 266 2329 330 253

1125 483 1555 556 EPIL'OGUS

895 623 954 684 et
995 619 1186 686 totius
1228 620 1427 700 operis
1466 618 1789 684 conclusio.

415 749 505 811 Sic
545 750 714 826 igitur
741 748 928 811 divina
967 751 1266 811 auxiliante
1294 753 1473 825 gratia
1511 753 1873 825 malignorum
1912 751 2343 810 detractionibus

345 843 609 915 repressis
651 843 934 900 evidenter
968 851 1215 915 apparet,
1261 840 1409 915 quod
1440 841 1571 897 nihil
1601 840 1970 899 damnationis
2013 847 2099 898 est
2139 842 2223 898 bis
2252 842 2344 914 qui

342 938 471 987 sunt
501 931 557 987 in
594 930 811 988 Christo
850 931 998 998 Jesu,
1029 931 1124 1002 qui
1161 945 1268 986 non
1305 922 1607 986 seeundum
1650 945 1871 987 earnem
1919 930 2219 997 ambulant,
2246 930 2341 986 sed

345 1035 561 1076 crucem
591 1019 807 1076 Domini
843 1018 1168 1091 bajulantes,
1198 1019 1455 1092 operibus
1484 1018 1863 1093 spiritualibus
1900 1019 2179 1086 insistunt,
2212 1034 2367 1075 car-·

344 1109 489 1166 naiia
509 1107 781 1165 desideria
805 1114 1234 1165 contemnentes
1256 1109 1476 1164 Pater-et
1501 1108 1771 1181 siquidem
1797 1106 1949 1166 locus
1979 1107 2150 1164 multa
2176 1107 2344 1180 repli-

343 1198 502 1255 candi
532 1203 723 1254 contra
749 1197 1041 1269 praedietos
1066 1197 1437 1266 detractores;
1470 1196 1565 1252 sed
1596 1211 1690 1252 eos
1718 1197 1905 1254 divino
1923 1197 2132 1269 judicio
2162 1212 2345 1253 reser-

343 1301 554 1353 vamuS,
582 1301 708 1342 cum
731 1301 919 1344 eorum
947 1286 1193 1360 nequitia
1221 1287 1394 1358 possit
1424 1301 1543 1342 esse
1578 1285 1829 1342 omnibus
1854 1285 2141 1342 manifesta
2170 1300 2235 1341 ex
2262 1283 2346 1341 his

343 1391 467 1448 quae
496 1391 568 1444 ex,
591 1375 754 1432 corde
788 1390 886 1431 suo
924 1375 1256 1448 nequissime
1280 1374 1644 1447 protulerunt,
1677 1373 1978 1432 secundum
2013 1374 2346 1430 sententiam

342 1463 560 1520 Domini
586 1464 838 1530 dicentis,
866 1464 1058 1519 Matth.
1079 1480 1188 1530 xn,
1217 1465 1285 1518 34
1312 1481 1326 1517 ;
1350 1463 1610 1529 οιιοήιοᾱο
1633 1463 1852 1535 potestis
1881 1463 2013 1518 bona
2038 1462 2199 1536 loqui,
2230 1479 2345 1519 cum

342 1551 462 1607 sitis
489 1551 666 1609 mali?
693 1553 785 1609 Ex
812 1551 1145 1608 abundantia
1189 1551 1327 1607 enim
1365 1552 1542 1608 cordis
1577 1566 1632 1606 os
1667 1551 1927 1624 loqu-itur.
1954 1551 2009 1609 Si
2050 1553 2173 1624 quis
2216 1567 2346 1623 ergo
2438 1625 2451 1632 -

343 1640 722 1697 emundaverit
750 1655 810 1697 se
849 1640 920 1697 ab
945 1641 1083 1707 istiS‚
1115 1648 1174 1697 ut
1202 1639 1435 1697 habetur
1460 1641 1508 1695 11
1531 1640 1673 1696 Tim.
1700 1655 1765 1707 ιι,
1798 1641 1885 1708 2⁴,
1919 1654 2107 1696 eorum
2131 1639 2347 1696 scilicet

342 1729 622 1802 iniquitati
664 1745 772 1786 non
800 1729 1165 1795 consentienS,
1194 1729 1303 1785 erit
1340 1744 1436 1784 vas
1463 1727 1521 1784 in
1557 1729 1809 1785 honorem
1847 1728 2261 1800 sanctificatum,
2290 1735 2341 1786 et

342 1817 475 1874 utile
501 1817 730 1874 'Domino
756 1817 830 1881 ad
855 1833 1006 1874 omne
1028 1833 1157 1891 opus
1181 1817 1369 1874 bonum
1385 1825 1670 1891 paratum.
1698 1817 1801 1887 Qui
1833 1832 1961 1874 vero
2002 1817 2083 1874 eis
2111 1832 2349 1874 consen-

344 1899 504 1973 tiunt,
539 1907 672 1963 caeci
708 1921 885 1964 caecos
907 1915 1217 1980 sequenteS,
1262 1904 1423 1962 simul
1454 1922 1580 1963 cum
1608 1905 1688 1962 eis
1724 1907 1779 1960 in
1815 1896 2030 1964 foveam
2058 1905 2277 1973 cadent,
2311 1921 2346 1964 a

343 2011 452 2069 qua
476 2002 535 2052 ut
563 1995 874 2064 liberemur,
908 1996 1026 2053 haeo
1054 1996 1201 2053 dicta
1231 1995 1507 2052 sufficiant
1548 1994 1781 2051 Domino
1812 1996 2124 2067 adjuvante,
2154 1995 2242 2050 cui
2272 1993 2347 2050 sit

344 2081 513 2139 honor
537 2089 594 2139 et
621 2085 922 2156 gratiarum
947 2085 1090 2142 actio
1120 2085 1175 2142 in
1205 2083 1407 2141 saecula
1434 2084 1781 2142 saeoulorum.
1809 2087 2007 2143 Amen.
