2784 4392
499 291 637 337 xm.
667 306 749 322 —
775 290 1015 336 coum
1055 289 1238 337 RETR.
1284 288 1437 335 ΗΟΜ.
1482 290 1565 336 ΑΒ
1605 290 1853 339 mon-Es.
1895 293 2101 339 RELIG-
2228 276 2309 339 13

297 408 419 482 ipsa
445 406 618 465 forma
641 408 895 481 praecepti
928 397 1154 481 apparet
1179 422 1304 465 cum
1329 406 1563 465 dicitur:
1586 407 1789 481 Diliqes
1820 408 2105 467 Dominum
2134 410 2305 468 Deum

298 505 450 555 tuum
471 514 536 554 ex
557 504 664 555 toto
683 498 837 554 eorde
864 505 974 555 tuo.
992 498 1375 571 Unusquisque
1393 505 1578 555 autem
1602 498 1707 555 hoc
1730 498 1985 557 observat
2000 500 2304 557 secundum

297 604 452 645 suam
503 603 842 655 mensuram,
885 604 1026 644 unus
1072 588 1294 660 quidem
1334 587 1648 660 perfectiuS,
1694 588 1834 646 alius
1889 599 2075 647 autem
2126 590 2305 645 minus

299 677 556 749 perfecte.
581 676 676 732 Ille
700 683 885 732 autem
914 676 1154 733 totaliter
1177 676 1246 731 ab
1265 676 1614 733 observantia
1636 677 1796 749 hujus
1815 680 2072 751 praecepti
2091 678 2300 744 deficit,

299 767 392 841 qui
424 768 595 823 Deum
637 767 693 821 in
733 782 831 822 suo
862 781 1048 822 amore
1093 781 1196 825 non
1245 766 1497 821 omnibus
1537 766 1773 839 praefert.
1805 767 1908 837 Qui
1956 784 2087 823 vero
2114 768 2304 839 ipsum

299 855 518 929 proefert
543 855 814 923 omnibus,
852 863 913 911 ut
955 853 1204 910 ultimum
1252 854 1434 920 linem,
1469 853 1659 926 implet
1691 855 1915 928 quidem
1946 862 2300 927 praeceptum,

298 943 383 1000 vel
427 944 740 1016 perfectius,
787 942 874 1000 vel
919 944 1098 999 minus
1140 943 1409 1015 perfecte,
1462 945 1758 999 secundum
1808 944 1952 1017 quod
2004 946 2177 1016 magis
2216 944 2303 1001 vel

295 1034 478 1089 minus
532 1032 805 1088 detinetur
861 1031 1092 1088 aliarum
1141 1047 1326 1087 rerum
1383 1048 1601 1099 amore,
1662 1033 1805 1089 unde
1861 1036 2002 1104 Aug.
2056 1034 2192 1090 dicit
2245 1035 2300 1090 in

298 1122 393 1177 lib.
416 1122 721 1185 LXXXIII,
750 1120 853 1193 Qq.
881 1122 901 1175 ἐ
932 1119 1236 1177 Charitatis
1264 1136 1521 1176 vene-num
1556 1128 1629 1177 est
1658 1138 1771 1194 spes
1813 1121 2299 1195 adipiscendorum,

297 1218 393 1267 aut
413 1210 813 1267 retinendorum
837 1210 1244 1282 temporalium:
1263 1209 1411 1282 quod
1436 1216 1521 1265 est
1551 1210 1982 1281 intelligendum,
2003 1212 2047 1267 si
2076 1227 2303 1283 speren-

297 1309 386 1357 tur
431 1305 694 1373 tanquam
739 1298 966 1355 ultimus
1009 1298 1130 1353 finis
1181 1316 1194 1353 ε
1237 1298 1649 1356 Nutrimentum
1696 1300 1808 1372 ejus
1852 1307 1949 1365 est,
1997 1299 2301 1357 imminutio

297 1388 652 1461 cupiditatis:
686 1386 963 1459 perfectae,
990 1386 1139 1442 nulla
1167 1385 1452 1458 cupiditas·

366 1479 462 1534 Est
485 1485 668 1534 autem
685 1485 740 1532 et
760 1476 900 1532 alius
921 1475 1115 1532 modus
1143 1475 1417 1548 perfectus
1441 1476 1806 1534 observantiae
1825 1476 1987 1550 hujus
2018 1478 2313 1551 praecepti„

297 1560 530 1643 quinon
571 1571 752 1641 potest
781 1566 1062 1622 observari
1091 1566 1147 1621 in
1175 1566 1284 1621 via.
1318 1566 1465 1622 Dicit
1490 1566 1637 1622 enim
1663 1569 1803 1637 Aug.
1832 1567 1887 1621 in
1931 1564 2023 1621 lib.
2058 1566 2127 1622 de
2164 1568 2300 1623 Per-

299 1657 531 1713 sectione
556 1654 810 1726 justitiae,
830 1655 974 1725 quod
1001 1654 1059 1709 in
1077 1653 1171 1710 illa
1189 1654 1523 1726 plenitudine
1540 1654 1825 1711 eharitatis
1847 1671 1962 1727 quoe
1983 1654 2089 1709 erit
2118 1654 2175 1709 in
2190 1672 2301 1727 pa-

297 1744 436 1809 tria,
462 1742 745 1799 char-itatis
761 1750 1083 1815 praeceptum
1103 1743 1236 1799 illud
1258 1743 1582 1816 implebitur,
1608 1743 1793 1815 diliyes
1821 1742 2097 1799 dominum
2126 1744 2296 1801 Deum

297 1840 450 1889 tuum
473 1848 538 1887 ex
559 1839 664 1889 toto
694 1832 846 1888 corde
875 1838 964 1888 tuo
983 1839 1124 1901 etc.;
1155 1838 1210 1888 et
1237 1839 1428 1905 postea
1456 1832 1641 1889 subdit
1666 1850 1679 1888 ε
1707 1832 1823 1889 Cur
1858 1849 1982 1906 erqo
2015 1849 2121 1889 non
2148 1850 2299 1905 prae-

296 1922 567 1993 eiperetur
590 1920 792 1977 homini-
811 1919 915 1977 ista
931 1920 1208 1993 perfeetiO,
1227 1922 1465 1993 quamvis
1485 1939 1601 1977 eam
1620 1920 1681 1977 in
1698 1923 1795 1978 hae
1816 1922 1931 1980 vita
1952 1938 2059 1977 non
2073 1921 2299 1979 habeat?

295 2010 420 2069 Non
443 2011 586 2067 enim
610 2016 748 2066 reete
772 2008 1042 2074 curritur,
1062 2009 1110 2064 si
1138 2026 1236 2082 quo
1266 2010 1592 2066 currendum
1615 2016 1692 2068 est
1714 2009 2003 2069 nesciatur.
2032 2000 2295 2077 Quomodo

297 2106 474 2155 autem
515 2098 768 2164 sciretur,
809 2098 858 2154 si
898 2098 1063 2154 nullis
1087 2098 1370 2171 praeeeptis
1409 2098 1824 2157 ostenderetur?
1851 2100 1933 2155 Ad
1976 2098 2096 2156 haec
2133 2099 2298 2171 igitur

296 2193 570 2261 praecepta
599 2186 908 2243 dilectionis
945 2186 1043 2242 Dei
1068 2194 1122 2243 et
1153 2185 1386 2260 proximi
1424 2186 1606 2243 omnia
1638 2188 1745 2245 alia
1773 2197 2050 2262 praecepta
2079 2194 2133 2244 et
2159 2204 2297 2245 con-

297 2278 419 2335 silia
449 2277 788 2343 ordinantur,
820 2276 963 2332 sicut
985 2276 1052 2331 ad
1083 2276 1266 2341 finem,
1293 2276 1439 2333 unde
1462 2279 1603 2349 Aug.
1630 2276 1765 2333 dicit
1786 2278 1841 2333 in
1869 2276 2060 2333 Enchi.
2096 2294 2109 2332 :
2141 2277 2298 2343 Quoe·

299 2381 514 2439 cumque
538 2364 760 2422 mandat
782 2365 925 2421 Deus
947 2380 1012 2420 eoe
1038 2363 1223 2441 quibus
1250 2380 1419 2420 unum
1445 2370 1541 2429 est,
1561 2381 1668 2421 non
1698 2364 2078 2433 moechaberis,
2098 2373 2149 2431 et
2168 2382 2298 2438 quee-

299 2470 512 2527 cumque
552 2470 662 2511 non
697 2452 982 2527 jubentur,
1023 2452 1113 2509 sed
1159 2452 1380 2526 speciali
1420 2452 1636 2510 consilio
1676 2459 1952 2520 movetur,
2004 2471 2069 2510 ex
2106 2454 2297 2526 quibus

297 2561 467 2602 unum
503 2550 600 2610 est,
637 2544 840 2600 honum
878 2540 1086 2599 homini
1123 2550 1208 2599 est
1249 2540 1538 2599 mulierem
1578 2557 1689 2599 non
1716 2550 1961 2614 tangere,
2002 2550 2128 2600 tune
2155 2550 2294 2601 recte

297 2632 438 2705 fiunt
473 2649 590 2691 cum
613 2632 934 2707 referuntur
960 2630 1032 2689 ad
1071 2630 1401 2703 ditiqendum
1425 2631 1617 2699 Deum,
1641 2638 1693 2690 et
1726 2630 2039 2705 proximum
2068 2639 2297 2705 propter

299 2723 492 2781 Deum.

367 2812 541 2871 Aliter
570 2818 754 2869 tamen
782 2810 854 2867 ad
890 2817 1164 2885 praecepta
1203 2808 1491 2869 charitatis
1519 2808 1842 2867 ordinantur
1876 2807 1983 2866 alia
2021 2815 2295 2883 praecepta

297 2902 464 2975 legis;
494 2901 653 2960 aliter
681 2905 868 2958 autem
894 2900 1142 2958 consilia.
1171 2900 1256 2958 Ad
1289 2899 1454 2957 finem
1490 2898 1637 2958 enim
1664 2898 1873 2972 aliquid
1902 2900 2202 2967 ordinatur,
2239 2906 2297 2955 ut

299 2990 418 3050 sine
444 3009 552 3067 quo
578 2992 701 3048 finis
723 2989 912 3047 haberi
945 3006 1052 3047 non
1081 2995 1282 3064 potest,
1315 2991 1463 3047 sicut
1489 2990 1643 3047 cibus
1668 2988 1739 3046 ad
1768 2989 1939 3045 vitam
1964 3004 2299 3045 conservan-

297 3078 426 3139 dam
455 3098 468 3136 z
496 3078 705 3153 aliquid
731 3093 864 3136 vero
886 3079 1171 3141 ordinatur
1197 3079 1255 3146 in
1292 3079 1475 3147 finem,
1508 3080 1653 3136 sicut
1671 3094 1767 3152 per
1796 3078 1943 3151 quod
1977 3085 2031 3134 et
2062 3077 2293 3145 facilius,

299 3175 356 3227 et
379 3168 644 3236 securius,
677 3172 733 3224 et
760 3167 1056 3241 perfectius
1083 3167 1208 3224 finis
1235 3168 1513 3225 obtinetur
1543 3184 1558 3222 z
1590 3166 1732 3224 sicut
1760 3166 1830 3223 ad
1854 3166 2025 3225 vitam
2054 3166 2297 3239 corporis

297 3259 732 3317 conservandam
787 3257 1070 3315 ordinatur
1109 3256 1266 3313 cibus
1306 3273 1375 3314 ex
1411 3255 1737 3314 necessitate
1786 3272 1801 3311 τ
1854 3254 2123 3311 medicina
2168 3270 2298 3312 vero

299 3348 680 3409 conservativa
709 3347 982 3414 sanitatiS,
1011 3352 1071 3403 ut
1095 3347 1392 3423 perfectius
1418 3352 1473 3402 et
1502 3346 1748 3403 securius
1774 3345 1981 3402 sanitas
2009 3343 2295 3399 habeatur.

297 3434 480 3493 Primo
506 3450 636 3505 ergo
662 3434 842 3501 modu,
878 3434 947 3492 ad
977 3433 1305 3490 charitatem
1333 3434 1655 3489 ordinantur
1685 3431 1791 3489 alia
1822 3431 1955 3503 tegis
1984 3437 2257 3502 praecepta
2283 3445 2299 3485 ε

299 3524 449 3580 nullo
477 3525 625 3580 enim
653 3524 816 3581 modo
840 3530 1020 3597 potest
1045 3528 1320 3596 praecepta
1345 3520 1633 3577 charitatis
1661 3518 1905 3591 implere,
1936 3517 2027 3589 qui
2058 3515 2142 3571 vel
2168 3516 2304 3574 alios

300 3612 434 3671 deos
455 3612 604 3681 colit,
630 3630 728 3687 per
754 3614 899 3687 quod
932 3611 1234 3669 disceditur
1259 3626 1290 3667 a
1330 3610 1430 3753 Ψ
1467 3608 1778 3673 dilectione,
1811 3606 1897 3662 vel
1939 3602 2033 3677 qui
2070 3602 2305 3662 homici-

300 3699 451 3757 dium
481 3710 579 3759 aut
606 3700 814 3760 furtum
842 3700 1157 3768 committit,
1187 3714 1314 3771 quae
1391 3694 1632 3754 ilectioni
1662 3692 1891 3766 proximi
1923 3692 2309 3751 adversantur.-

297 3790 550 3849 Secundo
587 3798 774 3848 autem
819 3790 982 3847 modo
1024 3790 1367 3846 ordinantur·
1386 3785 1458 3844 ad
1496 3784 1824 3843 charitatem
1861 3780 2109 3853 consilia,
2141 3791 2196 3840 et
2236 3782 2305 3839 do

300 3877 533 3939 concilio
554 3878 780 3956 quidem
809 3878 1140 3952 virginitatis
1163 3874 1419 3952 ‘expresse
1442 3866 1527 3937 est
1549 3862 1797 3972 Qosttfi
1819 3872 2093 3935 sententia
2116 3870 2309 3957 oslen-¹

1762 3966 1835 4013 Ἀ

1557 4032 1593 4066 ο

2541 1350 2565 1375 0

2597 933 2608 942 ι

2698 1281 2716 1296 Ι
2723 1190 2743 1227 ,ι
2719 1045 2739 1113 ,ΙΙ-Ι
2727 1003 2729 1005 ⁴
2729 900 2732 913 -
2699 513 2723 594 ἐι.
2695 2 2721 483 ,ξμζ-..ἑ--Ἆψ--ῌ
