2784 4392
405 794 420 823 χ
506 799 510 804 ,

451 2480 526 2504 -q-

505 243 631 320 260
988 265 1042 314 s.
1085 263 1318 312 mous:
1357 260 1687 316 Aemus-ms
1728 261 2042 314 oeuscnmt

508 385 854 445 aristocratia
897 400 1026 454 vero
1069 401 1233 458 quam
1276 381 1496 456 politia3
1529 382 1608 440 ita
1638 398 1667 438 e
1693 397 1960 440 converso
1993 379 2098 439 erit
2126 387 2182 439 et
2221 381 2279 440 in
2317 383 2529 456 injusto

505 475 792 549 regimine,
825 483 888 534 ut
912 474 1168 531 videlicet
1190 479 1398 546 quanto
1423 488 1617 545 regens
1639 480 1724 529 est
1749 473 1924 544 magis
1953 487 2139 538 unum,
2169 479 2323 529 tanto
2346 477 2529 546 magis

506 565 581 622 sit
606 565 862 622 nocivum
907 581 920 619 ε
955 562 1127 634 magis
1158 563 1322 634 igitur
1348 567 1433 617 est
1475 561 1668 618 nociva
1698 561 1951 635 tyrannis
1988 577 2155 634 quam
2196 562 2525 634 eligarchia,

498 651 806 725 ‘oligarchia
838 658 1015 708 autem
1049 665 1216 724 quam
1239 649 1599 706 democratia.

575 742 824 815 Amplius
866 759 963 815 per
1000 740 1102 795 hoc
1137 739 1376 810 regimen
1410 739 1470 793 lit
1513 737 1773 810 injustum
1800 737 1947 811 quod
1984 744 2168 810 spreto
2192 737 2335 795 bono
2364 756 2527 796 com-

507 830 661 889 muni
688 830 1073 894 multitudiniS,
1108 827 1372 900 quaeritur
1422 827 1625 884 bonum
1666 826 1941 898 privatum
1990 827 2249 898 regentis.
2303 827 2525 898 Quanto

505 919 673 992 igitur
700 920 878 989 magis
913 915 1184 974 receditur
1215 933 1248 972 a
1277 915 1418 970 bono
1448 915 1742 982 communi,
1776 923 1927 970 tauto
1958 922 2041 972 est
2075 917 2314 988 regimen
2347 919 2525 989 magis

506 1007 808 1080 injustun13
839 1007 958 1078 plus
983 1013 1168 1062 autem
1204 1004 1475 1060 receditur
1502 1021 1532 1060 a
1563 1004 1701 1059 bono
1727 1005 2000 1059 communi
2033 1005 2088 1060 in
2113 1005 2430 1076 oligarchia,
2462 1008 2525 1062 in

507 1112 620 1168 qua
641 1095 907 1168 quaeritur
927 1094 1125 1150 bonum
1145 1109 1463 1166 paucorum,
1493 1109 1659 1165 quam
1689 1092 1742 1146 in
1769 1093 2124 1160 democratia,
2149 1093 2203 1148 in
2230 1111 2337 1167 qua
2365 1111 2525 1167 quae-

505 1185 652 1240 ritur
684 1183 884 1239 bonum
917 1183 1210 1242 multorum
1233 1200 1246 1248 ;
1272 1191 1325 1238 et
1357 1181 1535 1236 adhuc
1560 1181 1681 1254 plus
1707 1181 1981 1236 receditur
2012 1199 2043 1238 a
2072 1183 2213 1238 bono
2242 1185 2519 1238 communi

505 1273 565 1328 in
590 1271 898 1345 tyrannide,
937 1270 992 1326 in
1031 1287 1140 1343 qua
1170 1271 1435 1342 quaeritur
1465 1269 1665 1325 bonum
1698 1276 1912 1325 tantum
1956 1273 2134 1326 unius.
2181 1270 2340 1328 Omni
2372 1273 2521 1327 enim

506 1362 851 1420 universitati
893 1360 1252 1434 propinquius
1281 1367 1365 1414 est
1418 1359 1651 1416 multum
1688 1377 1853 1432 quam
1895 1375 2149 1431 paucum,
2184 1367 2239 1415 et
2284 1377 2521 1433 paucum

506 1467 676 1524 quam
703 1466 868 1507 unum
897 1449 1091 1515 solum,
1125 1447 1363 1518 regimen
1405 1446 1572 1518 igitur
1602 1448 1817 1520 tyranni
1849 1456 1933 1502 est
1960 1448 2393 1520 injustissimum.
2428 1451 2522 1506 Si-

505 1540 710 1596 militer
739 1546 922 1598 aute-m
953 1535 1299 1595 manifestum
1331 1536 1392 1591 fit
1418 1536 1893 1592 considerantibus
1930 1537 2131 1594 divinae
2160 1539 2518 1610 providentiae

505 1628 773 1696 ordinem,
807 1643 937 1701 quae
962 1627 1165 1698 optime
1197 1625 1450 1681 universa
1480 1625 1737 1696 disponit.
1781 1625 1918 1680 Nam
1956 1624 2157 1681 bonum
2184 1629 2430 1698 provenit
2461 1629 2514 1682 in

504 1715 668 1774 rebus
689 1723 760 1772 e‘x
790 1730 896 1772 una
921 1731 1089 1772 causa
1128 1713 1388 1785 perfecta,
1425 1713 1579 1785 quasi
1613 1711 1865 1768 omnibus
1900 1713 2151 1770 adunatis
2176 1732 2299 1788 quae
2324 1716 2389 1770 ad
2416 1715 2515 1772 bo·

505 1822 637 1861 num
668 1807 863 1876 juvare
889 1809 1133 1876 possunt,
1165 1801 1368 1858 malum
1395 1807 1578 1856 autern
1610 1800 1887 1872 sigillatim
1918 1817 1983 1856 ex
2021 1801 2387 1874 singularibus
2413 1805 2513 1859 de-

507 1893 762 1950 fectibus.
793 1894 913 1948 Non
939 1893 1083 1946 enim
1111 1899 1194 1946 est
1217 1888 1563 1961 pulchritudo
1588 1890 1642 1944 in
1665 1905 1909 1960 corpore,
1939 1891 2039 1945 nisi
2065 1893 2243 1948 omnia
2273 1893 2513 1948 membra

505 1982 709 2038 suerint
738 1979 994 2034 decenter
1028 1977 1321 2049 disposita;
1356 1976 1637 2048 turpitudo
1668 1988 1852 2032 autem
1881 1979 2167 2050 contingit,
2210 1981 2514 2053 quodcum-

505 2085 614 2142 que
644 2067 947 2123 membrum
971 2066 1285 2121 indecenter
1315 2081 1372 2120 se
1398 2065 1616 2120 babeat.
1650 2065 1717 2120 Et
1749 2067 1829 2120 sic
1860 2066 2143 2138 turpitudo
2168 2079 2234 2124 ex
2274 2069 2516 2140 pluribus

505 2155 686 2215 causis
711 2154 1076 2212 diversimode
1107 2155 1374 2227 provenit,
1406 2153 1751 2227 pulchritudo
1778 2161 1961 2210 autem
1984 2171 2093 2210 uno
2125 2157 2283 2212 modo
2312 2175 2378 2212 ex
2408 2176 2513 2214 una

505 2259 673 2303 causa
695 2242 956 2316 perfecta,
981 2249 1040 2300 et
1060 2243 1141 2299 sic
1165 2249 1248 2298 est
1273 2243 1329 2297 in
1357 2241 1610 2297 omnibus
1628 2241 1785 2296 bonis
1808 2249 1891 2296 est
1920 2243 2096 2308 maliS‚
2128 2251 2386 2317 tanquam
2411 2245 2515 2303 hoc

505 2336 620 2391 Deo
647 2332 986 2406 providente,
1019 2339 1080 2388 ut
1103 2331 1303 2387 bonum
1329 2347 1394 2386 ex
1424 2347 1532 2386 una
1562 2346 1726 2386 causa
1756 2331 1829 2386 sit
1858 2330 2071 2398 fortine,
2102 2333 2302 2388 malum
2330 2341 2515 2390 autem

504 2440 574 2481 ox
598 2422 844 2496 pluribus
885 2421 1066 2478 causis
1104 2421 1176 2477 sit
1218 2389 1735 2493 debiliusJExpedit
1761 2419 1927 2490 igitur
1957 2427 2016 2474 ut
2042 2421 2279 2492 regimen
2304 2425 2514 2494 justum

505 2514 579 2569 sit
597 2513 766 2568 unius
796 2516 1030 2577 tantum,
1059 2509 1126 2565 ad
1159 2509 1260 2564 hoc
1288 2515 1347 2564 ut
1375 2509 1448 2564 sit
1477 2508 1691 2564 fortius.
1724 2507 1879 2577 Quod
1905 2509 1949 2564 si
1981 2508 2034 2564 in
2065 2509 2387 2582 injustitiam
2412 2512 2515 2568 de-

505 2600 675 2658 clinat
704 2601 966 2672 regimen,
1012 2597 1233 2670 expedit
1275 2599 1451 2668 magis
1494 2602 1555 2650 ut
1582 2596 1656 2652 sit
1703 2596 2016 2664 multorum,
2052 2606 2110 2652 ut
2157 2600 2229 2655 sit
2258 2599 2513 2669 debilius,

505 2697 562 2745 et
586 2706 648 2746 se
675 2689 907 2744 invicem
937 2685 1257 2758 impediant.
1284 2685 1431 2740 Inter
1462 2685 1664 2757 injusta
1695 2685 1861 2756 igitur
1890 2686 2150 2758 regimina
2177 2689 2515 2745 tolerabilius

505 2782 591 2834 est
615 2775 968 2840 democratia,
1005 2773 1298 2845 pessimum
1325 2790 1455 2830 vero
1484 2775 1752 2848 tyrannis.

577 2864 730 2920 Idem
759 2863 926 2919 etiam
968 2862 1203 2918 maxime
1247 2869 1493 2935 apparet,
1539 2862 1585 2918 si
1616 2863 1739 2936 quis
1780 2862 2087 2919 consideret
2116 2863 2257 2921 mala
2288 2881 2411 2937 quae
2446 2881 2512 2922 ex

505 2952 759 3026 tyrannis
781 2951 1122 3023 proveniunt,
1153 2951 1279 3024 quia
1301 2967 1425 3007 cum
1452 2958 1717 3024 tyrannus
1741 2957 2056 3024 contempto
2078 2955 2349 3009 communi
2370 2955 2511 3010 bono

505 3040 704 3113 quaerit
731 3047 1026 3111 privatum,
1055 3055 1394 3112 consequens
1430 3049 1513 3095 est
1544 3047 1603 3094 ut
1632 3039 1879 3095 subditos
1908 3039 2270 3096 diversimode
2299 3048 2509 3112 gravet,

505 3128 806 3186 secundum
829 3128 972 3200 quod
997 3127 1229 3184 diversis
1254 3126 1595 3200 passionibus
1612 3126 1857 3199 subjacet
1878 3128 1945 3184 ad
1972 3127 2113 3185 bona
2138 3128 2322 3201 aliqua
2342 3130 2513 3185 affec-

503 3205 826 3296 tandaJQui
857 3215 1000 3273 enim
1037 3217 1290 3289 passione
1319 3215 1639 3288 cupiditatis
1668 3215 1961 3283 detinetur,
1994 3216 2134 3274 bona
2170 3216 2511 3276 subditorum

499 3308 648 3380 rapit
681 3325 694 3362 ε
723 3305 865 3362 unde
893 3305 1146 3362 Salomon
1177 3306 1353 3377 (Prov.
1391 3319 1562 3372 1111111,
1606 3304 1657 3375 4)
1686 3320 1701 3359 t
1733 3302 1851 3360 Rex
1882 3304 2063 3376 Justus
2096 3305 2256 3379 eripit
2285 3313 2511 3374 terram,

500 3397 594 3450 vir
629 3411 829 3451 avarus
869 3393 1105 3451 destruet
1141 3411 1277 3450 eam.
1308 3394 1364 3449 Si
1406 3408 1537 3452 vero
1582 3393 1883 3450 iracundiae
1928 3396 2164 3467 passioni
2209 3395 2508 3467 subjaceat,

500 3499 602 3557 pro
633 3483 798 3539 nihilo
842 3480 1161 3554 sanguinem
1203 3481 1401 3552 fundit,
1436 3481 1580 3556 und-e
1620 3499 1714 3554 per
1744 3482 1938 3538 Ezech.
1974 3499 2122 3549 111111,
2168 3484 2235 3540 27
2264 3483 2461 3538 dicitur
2496 3505 2509 3542 ς

500 3571 782 3645 Principes
805 3570 916 3642 ejus
942 3571 1000 3625 in
1025 3571 1194 3626 medio
1219 3570 1332 3643 ejtts
1352 3571 1505 3643 quasi
1529 3569 1646 3642 lupi
1678 3571 1947 3642 rapientes
1965 3569 2210 3643 praedam
2234 3572 2304 3626 ad
2335 3571 2510 3642 effun-

501 3660 731 3718 dendum
770 3659 1102 3732 sanquinem.
1133 3659 1247 3714 Hoc
1290 3660 1458 3730 igitur
1487 3661 1729 3730 regimen
1760 3659 2077 3730 fugiendum
2110 3675 2248 3726 esse,
2296 3659 2512 3730 sapiens

499 3756 708 3815 monet,
736 3747 924 3804 dicens
945 3747 1105 3820 (Eccl.
1141 3762 1223 3817 111,
1257 3748 1340 3817 48)
1373 3762 1388 3804 :
1420 3746 1599 3819 Lonye
1623 3754 1728 3803 esto
1757 3747 1822 3802 ab
1845 3747 2053 3804 homine
2078 3754 2387 3820 potestatem
2410 3749 2509 3806 ha-

505 3836 654 3894 bente
691 3835 978 3902 occidendi,
1008 3837 1135 3909 quia
1162 3835 1372 3893 scilicet
1400 3851 1508 3892 non
1535 3852 1635 3910 pro
1656 3837 1893 3909 justitia,
1921 3837 2019 3896 sed
2048 3852 2146 3912 per
2182 3842 2509 3911 potestatem
