<?xml version="1.0" encoding="UTF-8"?>
<!DOCTYPE html PUBLIC "-//W3C//DTD XHTML 1.0 Transitional//EN"
    "http://www.w3.org/TR/xhtml1/DTD/xhtml1-transitional.dtd">
<html xmlns="http://www.w3.org/1999/xhtml" xml:lang="en" lang="en">
 <head>
  <title>
</title>
<meta http-equiv="Content-Type" content="text/html;charset=utf-8" />
  <meta name='ocr-system' content='tesseract 3.04.00' />
  <meta name='ocr-capabilities' content='ocr_page ocr_carea ocr_par ocr_line ocrx_word'/>
</head>
<body>
  <div class='ocr_page' id='page_1' title='image "./sthomaquinatisd01thomgoog_0144.png"; bbox 0 0 2784 4392; ppageno 0'>
   <div class='ocr_carea' id='block_1_1' title="bbox 461 283 1985 346">
    <p class='ocr_par' dir='ltr' id='par_1_1' title="bbox 461 283 1985 346">
     <span class='ocr_line' id='line_1_1' title="bbox 461 283 1985 346; baseline -0.008 -2"><span class='ocrx_word' id='word_1_1' title='bbox 461 283 581 346; x_wconf 85' lang='lat'><strong>130</strong></span> <span class='ocrx_word' id='word_1_2' title='bbox 941 297 993 343; x_wconf 73' lang='lat' dir='ltr'><strong>s,</strong></span> <span class='ocrx_word' id='word_1_3' title='bbox 1037 297 1270 342; x_wconf 67' lang='lat' dir='ltr'><strong>1·quAE</strong></span> <span class='ocrx_word' id='word_1_4' title='bbox 1308 292 1639 346; x_wconf 66' lang='lat' dir='ltr'><strong>acuimus</strong></span> <span class='ocrx_word' id='word_1_5' title='bbox 1678 287 1985 335; x_wconf 65' lang='lat' dir='ltr'><strong>croscum</strong></span> 
     </span>
    </p>
   </div>
   <div class='ocr_carea' id='block_1_2' title="bbox 531 400 2469 490">
    <p class='ocr_par' dir='ltr' id='par_1_2' title="bbox 531 400 2469 490">
     <span class='ocr_line' id='line_1_2' title="bbox 531 400 2469 490; baseline -0.009 -17"><span class='ocrx_word' id='word_1_6' title='bbox 531 417 614 473; x_wconf 90' lang='lat' dir='ltr'><strong>Ad</strong></span> <span class='ocrx_word' id='word_1_7' title='bbox 646 415 777 472; x_wconf 90' lang='lat' dir='ltr'><strong>illud</strong></span> <span class='ocrx_word' id='word_1_8' title='bbox 803 415 949 490; x_wconf 87' lang='lat' dir='ltr'><strong>quod</strong></span> <span class='ocrx_word' id='word_1_9' title='bbox 975 429 1118 472; x_wconf 89' lang='lat' dir='ltr'><strong>nono</strong></span> <span class='ocrx_word' id='word_1_10' title='bbox 1141 410 1419 487; x_wconf 86' lang='lat' dir='ltr'><strong>objicitur,</strong></span> <span class='ocrx_word' id='word_1_11' title='bbox 1442 408 1736 467; x_wconf 88' lang='lat' dir='ltr'><strong>dicendum</strong></span> <span class='ocrx_word' id='word_1_12' title='bbox 1760 405 1905 479; x_wconf 86' lang='lat' dir='ltr'><strong>quod</strong></span> <span class='ocrx_word' id='word_1_13' title='bbox 1936 401 2187 460; x_wconf 88' lang='lat' dir='ltr'><strong>laborare</strong></span> <span class='ocrx_word' id='word_1_14' title='bbox 2218 400 2469 458; x_wconf 86' lang='lat' dir='ltr'><strong>manibus</strong></span> 
     </span>
    </p>
   </div>
   <div class='ocr_carea' id='block_1_3' title="bbox 461 493 2471 665">
    <p class='ocr_par' dir='ltr' id='par_1_3' title="bbox 461 493 2471 665">
     <span class='ocr_line' id='line_1_3' title="bbox 467 493 2467 578; baseline -0.009 -17"><span class='ocrx_word' id='word_1_15' title='bbox 467 505 797 578; x_wconf 84' lang='lat' dir='ltr'><strong>quandoque</strong></span> <span class='ocrx_word' id='word_1_16' title='bbox 826 512 910 561; x_wconf 89' lang='lat' dir='ltr'><strong>est</strong></span> <span class='ocrx_word' id='word_1_17' title='bbox 936 503 1128 560; x_wconf 89' lang='lat' dir='ltr'><strong>melius</strong></span> <span class='ocrx_word' id='word_1_18' title='bbox 1147 518 1313 576; x_wconf 90' lang='lat' dir='ltr'><strong>quam</strong></span> <span class='ocrx_word' id='word_1_19' title='bbox 1341 515 1446 556; x_wconf 92' lang='lat' dir='ltr'><strong>non</strong></span> <span class='ocrx_word' id='word_1_20' title='bbox 1478 497 1727 555; x_wconf 91' lang='lat' dir='ltr'><strong>laborare</strong></span> <span class='ocrx_word' id='word_1_21' title='bbox 1746 502 1801 552; x_wconf 87' lang='lat' dir='ltr'><strong>et</strong></span> <span class='ocrx_word' id='word_1_22' title='bbox 1826 493 2156 567; x_wconf 84' lang='lat' dir='ltr'><strong>quandoque</strong></span> <span class='ocrx_word' id='word_1_23' title='bbox 2181 507 2211 547; x_wconf 93' lang='lat' dir='ltr'><strong>e</strong></span> <span class='ocrx_word' id='word_1_24' title='bbox 2231 505 2467 547; x_wconf 89' lang='lat' dir='ltr'><strong>conver-</strong></span> 
     </span>
     <span class='ocr_line' id='line_1_4' title="bbox 461 579 2471 665; baseline -0.007 -17"><span class='ocrx_word' id='word_1_25' title='bbox 461 609 540 648; x_wconf 86' lang='lat' dir='ltr'><strong>se.</strong></span> <span class='ocrx_word' id='word_1_26' title='bbox 574 593 803 664; x_wconf 81' lang='lat' dir='ltr'><strong>Quando</strong></span> <span class='ocrx_word' id='word_1_27' title='bbox 834 594 977 649; x_wconf 88' lang='lat' dir='ltr'><strong>enim</strong></span> <span class='ocrx_word' id='word_1_28' title='bbox 1008 592 1206 665; x_wconf 86' lang='lat' dir='ltr'><strong>aliquis</strong></span> <span class='ocrx_word' id='word_1_29' title='bbox 1234 607 1331 663; x_wconf 88' lang='lat' dir='ltr'><strong>per</strong></span> <span class='ocrx_word' id='word_1_30' title='bbox 1358 589 1598 646; x_wconf 89' lang='lat' dir='ltr'><strong>laborem</strong></span> <span class='ocrx_word' id='word_1_31' title='bbox 1640 599 1897 643; x_wconf 88' lang='lat' dir='ltr'><strong>manuum</strong></span> <span class='ocrx_word' id='word_1_32' title='bbox 1938 597 2045 638; x_wconf 90' lang='lat' dir='ltr'><strong>non</strong></span> <span class='ocrx_word' id='word_1_33' title='bbox 2074 580 2372 638; x_wconf 75' lang='lat' dir='ltr'><strong>retrahitur</strong></span> <span class='ocrx_word' id='word_1_34' title='bbox 2400 579 2471 636; x_wconf 91' lang='lat' dir='ltr'><strong>ab</strong></span> 
     </span>
    </p>
   </div>
   <div class='ocr_carea' id='block_1_4' title="bbox 351 668 2471 764">
    <p class='ocr_par' dir='ltr' id='par_1_4' title="bbox 351 668 2471 764">
     <span class='ocr_line' id='line_1_5' title="bbox 351 668 2471 764; baseline -0.008 -25"><span class='ocrx_word' id='word_1_35' title='bbox 351 757 356 761; x_wconf 22' lang='grc' dir='ltr'>ι</span> <span class='ocrx_word' id='word_1_36' title='bbox 462 682 664 764; x_wconf 87' lang='lat' dir='ltr'><strong>aliquo</strong></span> <span class='ocrx_word' id='word_1_37' title='bbox 693 680 899 738; x_wconf 88' lang='lat' dir='ltr'><strong>utiliori</strong></span> <span class='ocrx_word' id='word_1_38' title='bbox 951 697 1134 754; x_wconf 87' lang='lat' dir='ltr'><strong>opere,</strong></span> <span class='ocrx_word' id='word_1_39' title='bbox 1185 679 1380 736; x_wconf 87' lang='lat' dir='ltr'><strong>melius</strong></span> <span class='ocrx_word' id='word_1_40' title='bbox 1425 687 1509 734; x_wconf 90' lang='lat' dir='ltr'><strong>est</strong></span> <span class='ocrx_word' id='word_1_41' title='bbox 1552 674 1801 733; x_wconf 90' lang='lat' dir='ltr'><strong>manibus</strong></span> <span class='ocrx_word' id='word_1_42' title='bbox 1856 671 2124 736; x_wconf 86' lang='lat' dir='ltr'><strong>laborare,</strong></span> <span class='ocrx_word' id='word_1_43' title='bbox 2176 679 2237 745; x_wconf 65' lang='lat' dir='ltr'><strong>ut</strong></span> <span class='ocrx_word' id='word_1_44' title='bbox 2276 668 2471 724; x_wconf 83' lang='lat' dir='ltr'><strong>exinde</strong></span> 
     </span>
    </p>
   </div>
   <div class='ocr_carea' id='block_1_5' title="bbox 397 757 2485 3942">
    <p class='ocr_par' dir='ltr' id='par_1_5' title="bbox 397 757 2485 3942">
     <span class='ocr_line' id='line_1_6' title="bbox 467 757 2470 842; baseline -0.007 -16"><span class='ocrx_word' id='word_1_45' title='bbox 467 773 641 842; x_wconf 87' lang='lat' dir='ltr'><strong>possit</strong></span> <span class='ocrx_word' id='word_1_46' title='bbox 696 771 799 828; x_wconf 88' lang='lat' dir='ltr'><strong>sibi</strong></span> <span class='ocrx_word' id='word_1_47' title='bbox 847 769 1096 826; x_wconf 87' lang='lat' dir='ltr'><strong>sufficere</strong></span> <span class='ocrx_word' id='word_1_48' title='bbox 1142 776 1198 825; x_wconf 91' lang='lat' dir='ltr'><strong>et</strong></span> <span class='ocrx_word' id='word_1_49' title='bbox 1243 767 1364 824; x_wconf 90' lang='lat' dir='ltr'><strong>aliis</strong></span> <span class='ocrx_word' id='word_1_50' title='bbox 1414 766 1726 822; x_wconf 90' lang='lat' dir='ltr'><strong>ministrare</strong></span> <span class='ocrx_word' id='word_1_51' title='bbox 1745 803 1759 831; x_wconf 95' lang='lat'><strong>,</strong></span> <span class='ocrx_word' id='word_1_52' title='bbox 1818 768 1873 818; x_wconf 90' lang='lat' dir='ltr'><strong>et</strong></span> <span class='ocrx_word' id='word_1_53' title='bbox 1923 760 2199 833; x_wconf 72' lang='lat' dir='ltr'><strong>praecipue</strong></span> <span class='ocrx_word' id='word_1_54' title='bbox 2251 757 2470 830; x_wconf 88' lang='lat' dir='ltr'><strong>quando</strong></span> 
     </span>
     <span class='ocr_line' id='line_1_7' title="bbox 397 848 2474 921; baseline -0.008 -5"><span class='ocrx_word' id='word_1_55' title='bbox 397 867 404 874; x_wconf 82' lang='lat'><em>&#39;</em></span> <span class='ocrx_word' id='word_1_56' title='bbox 462 868 609 916; x_wconf 86' lang='lat' dir='ltr'><strong>esset</strong></span> <span class='ocrx_word' id='word_1_57' title='bbox 660 859 714 914; x_wconf 92' lang='lat' dir='ltr'><strong>in</strong></span> <span class='ocrx_word' id='word_1_58' title='bbox 768 859 1087 915; x_wconf 87' lang='lat' dir='ltr'><strong>scandalum</strong></span> <span class='ocrx_word' id='word_1_59' title='bbox 1134 857 1474 914; x_wconf 82' lang='lat' dir='ltr'><strong>infirmorum</strong></span> <span class='ocrx_word' id='word_1_60' title='bbox 1526 853 1844 921; x_wconf 86' lang='lat' dir='ltr'><strong>infidelium,</strong></span> <span class='ocrx_word' id='word_1_61' title='bbox 1896 849 1982 905; x_wconf 85' lang='lat' dir='ltr'><strong>vel</strong></span> <span class='ocrx_word' id='word_1_62' title='bbox 2029 848 2098 904; x_wconf 91' lang='lat' dir='ltr'><strong>de</strong></span> <span class='ocrx_word' id='word_1_63' title='bbox 2147 862 2290 902; x_wconf 62' lang='lat' dir='ltr'><strong>noio</strong></span> <span class='ocrx_word' id='word_1_64' title='bbox 2335 861 2474 902; x_wconf 88' lang='lat' dir='ltr'><strong>con-</strong></span> 
     </span>
     <span class='ocr_line' id='line_1_8' title="bbox 465 934 2474 1018; baseline -0.005 -18"><span class='ocrx_word' id='word_1_65' title='bbox 465 963 746 1002; x_wconf 89' lang='lat' dir='ltr'><strong>versorum</strong></span> <span class='ocrx_word' id='word_1_66' title='bbox 777 947 848 1002; x_wconf 90' lang='lat' dir='ltr'><strong>ad</strong></span> <span class='ocrx_word' id='word_1_67' title='bbox 885 947 1066 1013; x_wconf 86' lang='lat' dir='ltr'><strong>fidem,</strong></span> <span class='ocrx_word' id='word_1_68' title='bbox 1095 947 1140 1002; x_wconf 90' lang='lat' dir='ltr'><strong>si</strong></span> <span class='ocrx_word' id='word_1_69' title='bbox 1171 945 1371 1018; x_wconf 86' lang='lat' dir='ltr'><strong>aliquis</strong></span> <span class='ocrx_word' id='word_1_70' title='bbox 1408 961 1441 1001; x_wconf 88' lang='lat' dir='ltr'><strong>a</strong></span> <span class='ocrx_word' id='word_1_71' title='bbox 1468 943 1655 1000; x_wconf 90' lang='lat' dir='ltr'><strong>labore</strong></span> <span class='ocrx_word' id='word_1_72' title='bbox 1684 954 1943 996; x_wconf 90' lang='lat' dir='ltr'><strong>manuum</strong></span> <span class='ocrx_word' id='word_1_73' title='bbox 1981 937 2049 994; x_wconf 90' lang='lat' dir='ltr'><strong>ad</strong></span> <span class='ocrx_word' id='word_1_74' title='bbox 2079 936 2260 1002; x_wconf 83' lang='lat' dir='ltr'><strong>fidem,</strong></span> <span class='ocrx_word' id='word_1_75' title='bbox 2290 936 2335 991; x_wconf 90' lang='lat' dir='ltr'><strong>si</strong></span> <span class='ocrx_word' id='word_1_76' title='bbox 2366 934 2474 990; x_wconf 87' lang='lat' dir='ltr'><strong>ali-</strong></span> 
     </span>
     <span class='ocr_line' id='line_1_9' title="bbox 466 1024 2473 1106; baseline -0.004 -19"><span class='ocrx_word' id='word_1_77' title='bbox 466 1036 592 1106; x_wconf 89' lang='lat' dir='ltr'><strong>quis</strong></span> <span class='ocrx_word' id='word_1_78' title='bbox 629 1051 662 1091; x_wconf 88' lang='lat' dir='ltr'><strong>a</strong></span> <span class='ocrx_word' id='word_1_79' title='bbox 704 1033 890 1091; x_wconf 85' lang='lat' dir='ltr'><strong>labore</strong></span> <span class='ocrx_word' id='word_1_80' title='bbox 927 1051 1186 1091; x_wconf 89' lang='lat' dir='ltr'><strong>manuum</strong></span> <span class='ocrx_word' id='word_1_81' title='bbox 1223 1035 1502 1091; x_wconf 78' lang='lat' dir='ltr'><strong>abstinens</strong></span> <span class='ocrx_word' id='word_1_82' title='bbox 1538 1031 1605 1086; x_wconf 87' lang='lat' dir='ltr'><strong>de</strong></span> <span class='ocrx_word' id='word_1_83' title='bbox 1652 1027 1959 1102; x_wconf 82' lang='lat' dir='ltr'><strong>sumptibus</strong></span> <span class='ocrx_word' id='word_1_84' title='bbox 2002 1024 2244 1080; x_wconf 86' lang='lat' dir='ltr'><strong>fidelium</strong></span> <span class='ocrx_word' id='word_1_85' title='bbox 2290 1025 2473 1079; x_wconf 87' lang='lat' dir='ltr'><strong>vivere</strong></span> 
     </span>
     <span class='ocr_line' id='line_1_10' title="bbox 469 1115 2474 1196; baseline -0.004 -20"><span class='ocrx_word' id='word_1_86' title='bbox 469 1123 654 1188; x_wconf 90' lang='lat' dir='ltr'><strong>vellet,</strong></span> <span class='ocrx_word' id='word_1_87' title='bbox 697 1123 754 1178; x_wconf 92' lang='lat' dir='ltr'><strong>in</strong></span> <span class='ocrx_word' id='word_1_88' title='bbox 791 1138 903 1196; x_wconf 88' lang='lat' dir='ltr'><strong>quo</strong></span> <span class='ocrx_word' id='word_1_89' title='bbox 941 1139 1073 1180; x_wconf 88' lang='lat' dir='ltr'><strong>casu</strong></span> <span class='ocrx_word' id='word_1_90' title='bbox 1111 1123 1404 1195; x_wconf 80' lang='lat' dir='ltr'><strong>Apostolus</strong></span> <span class='ocrx_word' id='word_1_91' title='bbox 1452 1119 1700 1177; x_wconf 89' lang='lat' dir='ltr'><strong>manibus</strong></span> <span class='ocrx_word' id='word_1_92' title='bbox 1742 1115 2044 1181; x_wconf 82' lang='lat' dir='ltr'><strong>laborabat,</strong></span> <span class='ocrx_word' id='word_1_93' title='bbox 2072 1121 2134 1169; x_wconf 86' lang='lat' dir='ltr'><strong>ut</strong></span> <span class='ocrx_word' id='word_1_94' title='bbox 2183 1121 2335 1186; x_wconf 88' lang='lat' dir='ltr'><strong>patet</strong></span> <span class='ocrx_word' id='word_1_95' title='bbox 2379 1129 2474 1185; x_wconf 89' lang='lat' dir='ltr'><strong>per</strong></span> 
     </span>
     <span class='ocr_line' id='line_1_11' title="bbox 472 1201 2476 1282; baseline -0.006 -14"><span class='ocrx_word' id='word_1_96' title='bbox 472 1210 776 1268; x_wconf 82' lang='lat' dir='ltr'><strong>Glossaml</strong></span> <span class='ocrx_word' id='word_1_97' title='bbox 817 1212 887 1268; x_wconf 89' lang='lat' dir='ltr'><strong>ad</strong></span> <span class='ocrx_word' id='word_1_98' title='bbox 927 1213 1053 1268; x_wconf 88' lang='lat' dir='ltr'><strong>Cor.</strong></span> <span class='ocrx_word' id='word_1_99' title='bbox 1099 1227 1183 1268; x_wconf 79' lang='lat' dir='ltr'><strong>ix.</strong></span> <span class='ocrx_word' id='word_1_100' title='bbox 1214 1212 1282 1266; x_wconf 89' lang='lat' dir='ltr'><strong>Et</strong></span> <span class='ocrx_word' id='word_1_101' title='bbox 1314 1214 1397 1266; x_wconf 91' lang='lat' dir='ltr'><strong>sic</strong></span> <span class='ocrx_word' id='word_1_102' title='bbox 1441 1208 1683 1282; x_wconf 88' lang='lat' dir='ltr'><strong>loquitur</strong></span> <span class='ocrx_word' id='word_1_103' title='bbox 1708 1207 1875 1263; x_wconf 87' lang='lat' dir='ltr'><strong>etiam</strong></span> <span class='ocrx_word' id='word_1_104' title='bbox 1916 1204 2112 1262; x_wconf 84' lang='lat' dir='ltr'><strong>Glossa</strong></span> <span class='ocrx_word' id='word_1_105' title='bbox 2151 1203 2377 1259; x_wconf 84' lang='lat' dir='ltr'><strong>inducta</strong></span> <span class='ocrx_word' id='word_1_106' title='bbox 2406 1201 2476 1256; x_wconf 92' lang='lat' dir='ltr'><strong>de</strong></span> 
     </span>
     <span class='ocr_line' id='line_1_12' title="bbox 471 1291 2473 1372; baseline -0.005 -16"><span class='ocrx_word' id='word_1_107' title='bbox 471 1299 706 1356; x_wconf 88' lang='lat' dir='ltr'><strong>actibus.</strong></span> <span class='ocrx_word' id='word_1_108' title='bbox 737 1299 968 1370; x_wconf 86' lang='lat' dir='ltr'><strong>Quando</strong></span> <span class='ocrx_word' id='word_1_109' title='bbox 1005 1305 1188 1356; x_wconf 90' lang='lat' dir='ltr'><strong>autem</strong></span> <span class='ocrx_word' id='word_1_110' title='bbox 1225 1315 1322 1372; x_wconf 87' lang='lat' dir='ltr'><strong>per</strong></span> <span class='ocrx_word' id='word_1_111' title='bbox 1361 1299 1602 1354; x_wconf 89' lang='lat' dir='ltr'><strong>laborem</strong></span> <span class='ocrx_word' id='word_1_112' title='bbox 1647 1310 1905 1352; x_wconf 88' lang='lat' dir='ltr'><strong>manuum</strong></span> <span class='ocrx_word' id='word_1_113' title='bbox 1936 1292 2135 1366; x_wconf 87' lang='lat' dir='ltr'><strong>aliquis</strong></span> <span class='ocrx_word' id='word_1_114' title='bbox 2172 1291 2241 1348; x_wconf 90' lang='lat' dir='ltr'><strong>ab</strong></span> <span class='ocrx_word' id='word_1_115' title='bbox 2269 1291 2473 1347; x_wconf 89' lang='lat' dir='ltr'><strong>utiliori</strong></span> 
     </span>
     <span class='ocr_line' id='line_1_13' title="bbox 467 1380 2476 1462; baseline -0.005 -18"><span class='ocrx_word' id='word_1_116' title='bbox 467 1403 634 1460; x_wconf 90' lang='lat' dir='ltr'><strong>opere</strong></span> <span class='ocrx_word' id='word_1_117' title='bbox 680 1387 990 1462; x_wconf 76' lang='lat' dir='ltr'><strong>impeditur,</strong></span> <span class='ocrx_word' id='word_1_118' title='bbox 1027 1396 1158 1444; x_wconf 92' lang='lat' dir='ltr'><strong>tunc</strong></span> <span class='ocrx_word' id='word_1_119' title='bbox 1203 1389 1399 1445; x_wconf 88' lang='lat' dir='ltr'><strong>melius</strong></span> <span class='ocrx_word' id='word_1_120' title='bbox 1440 1394 1525 1444; x_wconf 89' lang='lat' dir='ltr'><strong>est</strong></span> <span class='ocrx_word' id='word_1_121' title='bbox 1563 1385 1747 1442; x_wconf 84' lang='lat' dir='ltr'><strong>labore</strong></span> <span class='ocrx_word' id='word_1_122' title='bbox 1789 1397 2047 1440; x_wconf 88' lang='lat' dir='ltr'><strong>manuum</strong></span> <span class='ocrx_word' id='word_1_123' title='bbox 2085 1380 2381 1446; x_wconf 87' lang='lat' dir='ltr'><strong>abstinere,</strong></span> <span class='ocrx_word' id='word_1_124' title='bbox 2416 1386 2476 1434; x_wconf 92' lang='lat' dir='ltr'><strong>ut</strong></span> 
     </span>
     <span class='ocr_line' id='line_1_14' title="bbox 473 1468 2474 1550; baseline -0.004 -16"><span class='ocrx_word' id='word_1_125' title='bbox 473 1485 626 1550; x_wconf 89' lang='lat' dir='ltr'><strong>patet</strong></span> <span class='ocrx_word' id='word_1_126' title='bbox 665 1492 762 1550; x_wconf 89' lang='lat' dir='ltr'><strong>per</strong></span> <span class='ocrx_word' id='word_1_127' title='bbox 790 1478 1043 1535; x_wconf 88' lang='lat' dir='ltr'><strong>Glossam</strong></span> <span class='ocrx_word' id='word_1_128' title='bbox 1069 1478 1202 1534; x_wconf 87' lang='lat' dir='ltr'><strong>Luc.</strong></span> <span class='ocrx_word' id='word_1_129' title='bbox 1236 1493 1318 1542; x_wconf 76' lang='lat' dir='ltr'><strong>lx,</strong></span> <span class='ocrx_word' id='word_1_130' title='bbox 1345 1491 1508 1548; x_wconf 82' lang='lat' dir='ltr'><strong>super</strong></span> <span class='ocrx_word' id='word_1_131' title='bbox 1536 1473 1667 1530; x_wconf 87' lang='lat' dir='ltr'><strong>illud</strong></span> <span class='ocrx_word' id='word_1_132' title='bbox 1704 1490 1717 1528; x_wconf 74' lang='grc' dir='ltr'>ι</span> <span class='ocrx_word' id='word_1_133' title='bbox 1745 1471 1869 1528; x_wconf 82' lang='lat' dir='ltr'><strong>Sine</strong></span> <span class='ocrx_word' id='word_1_134' title='bbox 1904 1481 1965 1526; x_wconf 80' lang='lat' dir='ltr'><strong>ut</strong></span> <span class='ocrx_word' id='word_1_135' title='bbox 1989 1468 2192 1526; x_wconf 80' lang='lat' dir='ltr'><strong>mortui</strong></span> <span class='ocrx_word' id='word_1_136' title='bbox 2218 1469 2474 1542; x_wconf 76' lang='lat' dir='ltr'><strong>sepeliant</strong></span> 
     </span>
     <span class='ocr_line' id='line_1_15' title="bbox 474 1558 2475 1641; baseline -0.003 -21"><span class='ocrx_word' id='word_1_137' title='bbox 474 1573 715 1623; x_wconf 73' lang='lat' dir='ltr'><strong>mortuos</strong></span> <span class='ocrx_word' id='word_1_138' title='bbox 731 1583 874 1632; x_wconf 74' lang='lat' dir='ltr'><strong>suos,</strong></span> <span class='ocrx_word' id='word_1_139' title='bbox 897 1581 1023 1641; x_wconf 86' lang='lat' dir='ltr'><strong>quae</strong></span> <span class='ocrx_word' id='word_1_140' title='bbox 1048 1582 1213 1640; x_wconf 87' lang='lat' dir='ltr'><strong>supra</strong></span> <span class='ocrx_word' id='word_1_141' title='bbox 1239 1565 1340 1621; x_wconf 73' lang='lat' dir='ltr'><strong>suit</strong></span> <span class='ocrx_word' id='word_1_142' title='bbox 1359 1565 1612 1632; x_wconf 85' lang='lat' dir='ltr'><strong>inducta;</strong></span> <span class='ocrx_word' id='word_1_143' title='bbox 1634 1568 1689 1617; x_wconf 93' lang='lat' dir='ltr'><strong>et</strong></span> <span class='ocrx_word' id='word_1_144' title='bbox 1712 1562 1854 1618; x_wconf 88' lang='lat' dir='ltr'><strong>sicut</strong></span> <span class='ocrx_word' id='word_1_145' title='bbox 1884 1565 2035 1632; x_wconf 87' lang='lat' dir='ltr'><strong>patet</strong></span> <span class='ocrx_word' id='word_1_146' title='bbox 2060 1575 2153 1631; x_wconf 89' lang='lat' dir='ltr'><strong>per</strong></span> <span class='ocrx_word' id='word_1_147' title='bbox 2168 1558 2475 1632; x_wconf 85' lang='lat' dir='ltr'><strong>exemplum</strong></span> 
     </span>
     <span class='ocr_line' id='line_1_16' title="bbox 473 1647 2476 1729; baseline -0.004 -19"><span class='ocrx_word' id='word_1_148' title='bbox 473 1655 742 1727; x_wconf 84' lang='lat' dir='ltr'><strong>Apostoli,</strong></span> <span class='ocrx_word' id='word_1_149' title='bbox 775 1657 869 1729; x_wconf 89' lang='lat' dir='ltr'><strong>qui</strong></span> <span class='ocrx_word' id='word_1_150' title='bbox 911 1656 982 1712; x_wconf 89' lang='lat' dir='ltr'><strong>ab</strong></span> <span class='ocrx_word' id='word_1_151' title='bbox 1010 1671 1174 1728; x_wconf 89' lang='lat' dir='ltr'><strong>opere</strong></span> <span class='ocrx_word' id='word_1_152' title='bbox 1215 1654 1489 1721; x_wconf 86' lang='lat' dir='ltr'><strong>cessabat,</strong></span> <span class='ocrx_word' id='word_1_153' title='bbox 1516 1650 1735 1726; x_wconf 84' lang='lat' dir='ltr'><strong>quando</strong></span> <span class='ocrx_word' id='word_1_154' title='bbox 1775 1647 2108 1723; x_wconf 86' lang='lat' dir='ltr'><strong>praedicandi</strong></span> <span class='ocrx_word' id='word_1_155' title='bbox 2150 1649 2476 1719; x_wconf 87' lang='lat' dir='ltr'><strong>opportuni-</strong></span> 
     </span>
     <span class='ocr_line' id='line_1_17' title="bbox 472 1736 2478 1813; baseline -0.003 -16"><span class='ocrx_word' id='word_1_156' title='bbox 472 1749 644 1798; x_wconf 87' lang='lat' dir='ltr'><strong>tatem</strong></span> <span class='ocrx_word' id='word_1_157' title='bbox 672 1743 929 1800; x_wconf 88' lang='lat' dir='ltr'><strong>habebat.</strong></span> <span class='ocrx_word' id='word_1_158' title='bbox 961 1745 1196 1800; x_wconf 85' lang='lat' dir='ltr'><strong>Facilius</strong></span> <span class='ocrx_word' id='word_1_159' title='bbox 1226 1750 1410 1799; x_wconf 89' lang='lat' dir='ltr'><strong>autem</strong></span> <span class='ocrx_word' id='word_1_160' title='bbox 1440 1741 1833 1813; x_wconf 84' lang='lat' dir='ltr'><strong>impedirentur</strong></span> <span class='ocrx_word' id='word_1_161' title='bbox 1874 1737 2115 1793; x_wconf 87' lang='lat' dir='ltr'><strong>moderni</strong></span> <span class='ocrx_word' id='word_1_162' title='bbox 2149 1736 2478 1808; x_wconf 80' lang='lat' dir='ltr'><strong>praedicato-</strong></span> 
     </span>
     <span class='ocr_line' id='line_1_18' title="bbox 476 1824 2478 1902; baseline -0.001 -19"><span class='ocrx_word' id='word_1_163' title='bbox 476 1844 566 1884; x_wconf 89' lang='lat' dir='ltr'><strong>res</strong></span> <span class='ocrx_word' id='word_1_164' title='bbox 592 1846 624 1883; x_wconf 91' lang='lat' dir='ltr'><strong>a</strong></span> <span class='ocrx_word' id='word_1_165' title='bbox 655 1831 1042 1899; x_wconf 77' lang='lat' dir='ltr'><strong>praedicatione</strong></span> <span class='ocrx_word' id='word_1_166' title='bbox 1071 1847 1166 1902; x_wconf 88' lang='lat' dir='ltr'><strong>per</strong></span> <span class='ocrx_word' id='word_1_167' title='bbox 1209 1831 1451 1888; x_wconf 86' lang='lat' dir='ltr'><strong>laborem</strong></span> <span class='ocrx_word' id='word_1_168' title='bbox 1488 1843 1768 1895; x_wconf 89' lang='lat' dir='ltr'><strong>manuum,</strong></span> <span class='ocrx_word' id='word_1_169' title='bbox 1796 1842 1962 1899; x_wconf 82' lang='lat' dir='ltr'><strong>quam</strong></span> <span class='ocrx_word' id='word_1_170' title='bbox 1992 1824 2258 1898; x_wconf 85' lang='lat' dir='ltr'><strong>Apostoli,</strong></span> <span class='ocrx_word' id='word_1_171' title='bbox 2290 1827 2385 1898; x_wconf 92' lang='lat' dir='ltr'><strong>qui</strong></span> <span class='ocrx_word' id='word_1_172' title='bbox 2411 1841 2478 1880; x_wconf 85' lang='lat' dir='ltr'><strong>ex</strong></span> 
     </span>
     <span class='ocr_line' id='line_1_19' title="bbox 476 1909 2480 1990; baseline 0 -20"><span class='ocrx_word' id='word_1_173' title='bbox 476 1915 834 1988; x_wconf 85' lang='lat' dir='ltr'><strong>inspiratione</strong></span> <span class='ocrx_word' id='word_1_174' title='bbox 856 1918 1143 1974; x_wconf 86' lang='lat' dir='ltr'><strong>scientiam</strong></span> <span class='ocrx_word' id='word_1_175' title='bbox 1169 1918 1506 1990; x_wconf 84' lang='lat' dir='ltr'><strong>praedicandi</strong></span> <span class='ocrx_word' id='word_1_176' title='bbox 1530 1909 1823 1982; x_wconf 86' lang='lat' dir='ltr'><strong>habebant,</strong></span> <span class='ocrx_word' id='word_1_177' title='bbox 1846 1931 1972 1972; x_wconf 91' lang='lat' dir='ltr'><strong>cum</strong></span> <span class='ocrx_word' id='word_1_178' title='bbox 1996 1921 2246 1986; x_wconf 84' lang='lat' dir='ltr'><strong>oporteat</strong></span> <span class='ocrx_word' id='word_1_179' title='bbox 2273 1915 2480 1986; x_wconf 75' lang='lat' dir='ltr'><strong>praedi-</strong></span> 
     </span>
     <span class='ocr_line' id='line_1_20' title="bbox 477 2003 2479 2079; baseline -0 -18"><span class='ocrx_word' id='word_1_180' title='bbox 477 2013 692 2061; x_wconf 79' lang='lat' dir='ltr'><strong>catores</strong></span> <span class='ocrx_word' id='word_1_181' title='bbox 736 2005 980 2062; x_wconf 85' lang='lat' dir='ltr'><strong>moderni</strong></span> <span class='ocrx_word' id='word_1_182' title='bbox 1013 2007 1274 2079; x_wconf 86' lang='lat' dir='ltr'><strong>temporis</strong></span> <span class='ocrx_word' id='word_1_183' title='bbox 1318 2021 1392 2072; x_wconf 71' lang='lat' dir='ltr'><strong>ex</strong></span> <span class='ocrx_word' id='word_1_184' title='bbox 1438 2005 1698 2062; x_wconf 87' lang='lat' dir='ltr'><strong>continuo</strong></span> <span class='ocrx_word' id='word_1_185' title='bbox 1740 2005 1923 2061; x_wconf 92' lang='lat' dir='ltr'><strong>studio</strong></span> <span class='ocrx_word' id='word_1_186' title='bbox 1955 2005 2021 2061; x_wconf 93' lang='lat' dir='ltr'><strong>ad</strong></span> <span class='ocrx_word' id='word_1_187' title='bbox 2069 2003 2479 2078; x_wconf 65' lang='lat' dir='ltr'><strong>praedicandum</strong></span> 
     </span>
     <span class='ocr_line' id='line_1_21' title="bbox 481 2092 2477 2169; baseline -0.001 -19"><span class='ocrx_word' id='word_1_188' title='bbox 481 2101 702 2168; x_wconf 88' lang='lat' dir='ltr'><strong>paratos</strong></span> <span class='ocrx_word' id='word_1_189' title='bbox 727 2111 866 2163; x_wconf 88' lang='lat' dir='ltr'><strong>esse,</strong></span> <span class='ocrx_word' id='word_1_190' title='bbox 898 2102 958 2150; x_wconf 90' lang='lat' dir='ltr'><strong>ut</strong></span> <span class='ocrx_word' id='word_1_191' title='bbox 983 2101 1139 2168; x_wconf 89' lang='lat' dir='ltr'><strong>patet</strong></span> <span class='ocrx_word' id='word_1_192' title='bbox 1167 2111 1264 2169; x_wconf 89' lang='lat' dir='ltr'><strong>per</strong></span> <span class='ocrx_word' id='word_1_193' title='bbox 1288 2096 1673 2152; x_wconf 88' lang='lat' dir='ltr'><strong>auctoritatem</strong></span> <span class='ocrx_word' id='word_1_194' title='bbox 1704 2095 1952 2166; x_wconf 86' lang='lat' dir='ltr'><strong>Gregorii</strong></span> <span class='ocrx_word' id='word_1_195' title='bbox 1981 2109 2146 2166; x_wconf 86' lang='lat' dir='ltr'><strong>supra</strong></span> <span class='ocrx_word' id='word_1_196' title='bbox 2178 2092 2477 2150; x_wconf 89' lang='lat' dir='ltr'><strong>inductam.</strong></span> 
     </span>
     <span class='ocr_line' id='line_1_22' title="bbox 553 2183 2481 2256; baseline 0 -18"><span class='ocrx_word' id='word_1_197' title='bbox 553 2183 636 2238; x_wconf 90' lang='lat' dir='ltr'><strong>Ad</strong></span> <span class='ocrx_word' id='word_1_198' title='bbox 659 2183 791 2239; x_wconf 88' lang='lat' dir='ltr'><strong>illud</strong></span> <span class='ocrx_word' id='word_1_199' title='bbox 812 2183 956 2256; x_wconf 91' lang='lat' dir='ltr'><strong>quod</strong></span> <span class='ocrx_word' id='word_1_200' title='bbox 981 2184 1192 2241; x_wconf 91' lang='lat' dir='ltr'><strong>decimo</strong></span> <span class='ocrx_word' id='word_1_201' title='bbox 1222 2183 1811 2255; x_wconf 47' lang='lat' dir='ltr'><strong>objicitur„dicendum</strong></span> <span class='ocrx_word' id='word_1_202' title='bbox 1837 2183 1979 2256; x_wconf 87' lang='lat' dir='ltr'><strong>quod</strong></span> <span class='ocrx_word' id='word_1_203' title='bbox 2003 2183 2339 2253; x_wconf 84' lang='lat' dir='ltr'><strong>Augustinus</strong></span> <span class='ocrx_word' id='word_1_204' title='bbox 2359 2183 2481 2238; x_wconf 87' lang='lat' dir='ltr'><strong>illos</strong></span> 
     </span>
     <span class='ocr_line' id='line_1_23' title="bbox 481 2273 2480 2346; baseline -0.002 -16"><span class='ocrx_word' id='word_1_205' title='bbox 481 2273 552 2330; x_wconf 88' lang='lat' dir='ltr'><strong>ab</strong></span> <span class='ocrx_word' id='word_1_206' title='bbox 575 2288 738 2345; x_wconf 90' lang='lat' dir='ltr'><strong>opere</strong></span> <span class='ocrx_word' id='word_1_207' title='bbox 771 2273 1101 2330; x_wconf 82' lang='lat' dir='ltr'><strong>desistentes</strong></span> <span class='ocrx_word' id='word_1_208' title='bbox 1125 2281 1476 2330; x_wconf 89' lang='lat' dir='ltr'><strong>contumaces</strong></span> <span class='ocrx_word' id='word_1_209' title='bbox 1514 2274 1667 2338; x_wconf 89' lang='lat' dir='ltr'><strong>dicit,</strong></span> <span class='ocrx_word' id='word_1_210' title='bbox 1692 2274 1784 2346; x_wconf 89' lang='lat' dir='ltr'><strong>qui</strong></span> <span class='ocrx_word' id='word_1_211' title='bbox 1826 2289 1893 2328; x_wconf 84' lang='lat' dir='ltr'><strong>ex</strong></span> <span class='ocrx_word' id='word_1_212' title='bbox 1919 2281 2192 2343; x_wconf 86' lang='lat' dir='ltr'><strong>praecepto</strong></span> <span class='ocrx_word' id='word_1_213' title='bbox 2231 2273 2480 2345; x_wconf 90' lang='lat' dir='ltr'><strong>Apostoli</strong></span> 
     </span>
     <span class='ocr_line' id='line_1_24' title="bbox 480 2361 2481 2436; baseline 0 -20"><span class='ocrx_word' id='word_1_214' title='bbox 480 2361 728 2418; x_wconf 87' lang='lat' dir='ltr'><strong>laborare</strong></span> <span class='ocrx_word' id='word_1_215' title='bbox 758 2369 1031 2430; x_wconf 90' lang='lat' dir='ltr'><strong>tenentur,</strong></span> <span class='ocrx_word' id='word_1_216' title='bbox 1061 2379 1198 2436; x_wconf 82' lang='lat' dir='ltr'><strong>quos</strong></span> <span class='ocrx_word' id='word_1_217' title='bbox 1225 2372 1282 2419; x_wconf 93' lang='lat' dir='ltr'><strong>et</strong></span> <span class='ocrx_word' id='word_1_218' title='bbox 1306 2363 1617 2435; x_wconf 78' lang='lat' dir='ltr'><strong>ApostoluS,</strong></span> <span class='ocrx_word' id='word_1_219' title='bbox 1651 2363 1696 2418; x_wconf 90' lang='lat'><strong>11</strong></span> <span class='ocrx_word' id='word_1_220' title='bbox 1726 2361 1793 2418; x_wconf 89' lang='lat' dir='ltr'><strong>ad</strong></span> <span class='ocrx_word' id='word_1_221' title='bbox 1826 2361 2013 2416; x_wconf 82' lang='lat' dir='ltr'><strong>Thess.</strong></span> <span class='ocrx_word' id='word_1_222' title='bbox 2050 2374 2135 2424; x_wconf 88' lang='grc' dir='ltr'>ιιι,</span> <span class='ocrx_word' id='word_1_223' title='bbox 2161 2375 2481 2416; x_wconf 83' lang='lat' dir='ltr'><strong>excommu-</strong></span> 
     </span>
     <span class='ocr_line' id='line_1_25' title="bbox 482 2449 2485 2526; baseline 0 -21"><span class='ocrx_word' id='word_1_224' title='bbox 482 2451 744 2507; x_wconf 87' lang='lat' dir='ltr'><strong>nicandos</strong></span> <span class='ocrx_word' id='word_1_225' title='bbox 779 2451 916 2510; x_wconf 88' lang='lat' dir='ltr'><strong>dicit</strong></span> <span class='ocrx_word' id='word_1_226' title='bbox 948 2470 961 2509; x_wconf 71' lang='grc' dir='ltr'>ε</span> <span class='ocrx_word' id='word_1_227' title='bbox 991 2451 1047 2508; x_wconf 91' lang='lat' dir='ltr'><strong>hi</strong></span> <span class='ocrx_word' id='word_1_228' title='bbox 1076 2461 1262 2509; x_wconf 85' lang='lat' dir='ltr'><strong>autem</strong></span> <span class='ocrx_word' id='word_1_229' title='bbox 1291 2460 1420 2509; x_wconf 88' lang='lat' dir='ltr'><strong>sunt</strong></span> <span class='ocrx_word' id='word_1_230' title='bbox 1444 2453 1534 2526; x_wconf 90' lang='lat' dir='ltr'><strong>qui</strong></span> <span class='ocrx_word' id='word_1_231' title='bbox 1566 2452 1738 2508; x_wconf 90' lang='lat' dir='ltr'><strong>otiose</strong></span> <span class='ocrx_word' id='word_1_232' title='bbox 1768 2450 2033 2516; x_wconf 74' lang='lat' dir='ltr'><strong>viventeS,</strong></span> <span class='ocrx_word' id='word_1_233' title='bbox 2068 2466 2132 2504; x_wconf 87' lang='lat' dir='ltr'><strong>ex</strong></span> <span class='ocrx_word' id='word_1_234' title='bbox 2163 2449 2308 2506; x_wconf 85' lang='lat' dir='ltr'><strong>soeda</strong></span> <span class='ocrx_word' id='word_1_235' title='bbox 2347 2465 2485 2506; x_wconf 87' lang='lat' dir='ltr'><strong>cura</strong></span> 
     </span>
     <span class='ocr_line' id='line_1_26' title="bbox 481 2533 2477 2615; baseline -0.001 -21"><span class='ocrx_word' id='word_1_236' title='bbox 481 2537 583 2594; x_wconf 90' lang='lat' dir='ltr'><strong>sibi</strong></span> <span class='ocrx_word' id='word_1_237' title='bbox 615 2541 823 2598; x_wconf 89' lang='lat' dir='ltr'><strong>victum</strong></span> <span class='ocrx_word' id='word_1_238' title='bbox 853 2533 1166 2615; x_wconf 84' lang='lat' dir='ltr'><strong>acquirunt.</strong></span> <span class='ocrx_word' id='word_1_239' title='bbox 1199 2542 1269 2597; x_wconf 90' lang='lat' dir='ltr'><strong>Et</strong></span> <span class='ocrx_word' id='word_1_240' title='bbox 1301 2542 1446 2614; x_wconf 91' lang='lat' dir='ltr'><strong>quod</strong></span> <span class='ocrx_word' id='word_1_241' title='bbox 1488 2541 1556 2596; x_wconf 91' lang='lat' dir='ltr'><strong>de</strong></span> <span class='ocrx_word' id='word_1_242' title='bbox 1595 2538 1792 2596; x_wconf 87' lang='lat' dir='ltr'><strong>talibus</strong></span> <span class='ocrx_word' id='word_1_243' title='bbox 1816 2539 2154 2611; x_wconf 81' lang='lat' dir='ltr'><strong>Augustinus</strong></span> <span class='ocrx_word' id='word_1_244' title='bbox 2203 2540 2477 2612; x_wconf 87' lang='lat' dir='ltr'><strong>loquatur,</strong></span> 
     </span>
     <span class='ocr_line' id='line_1_27' title="bbox 479 2628 2480 2703; baseline -0.001 -20"><span class='ocrx_word' id='word_1_245' title='bbox 479 2635 630 2699; x_wconf 85' lang='lat' dir='ltr'><strong>patet</strong></span> <span class='ocrx_word' id='word_1_246' title='bbox 651 2645 716 2684; x_wconf 88' lang='lat' dir='ltr'><strong>ex</strong></span> <span class='ocrx_word' id='word_1_247' title='bbox 737 2629 822 2686; x_wconf 86' lang='lat' dir='ltr'><strong>bis</strong></span> <span class='ocrx_word' id='word_1_248' title='bbox 842 2645 967 2703; x_wconf 87' lang='lat' dir='ltr'><strong>quae</strong></span> <span class='ocrx_word' id='word_1_249' title='bbox 987 2646 1152 2696; x_wconf 85' lang='lat' dir='ltr'><strong>supra</strong></span> <span class='ocrx_word' id='word_1_250' title='bbox 1175 2629 1409 2693; x_wconf 85' lang='lat' dir='ltr'><strong>dixerat,</strong></span> <span class='ocrx_word' id='word_1_251' title='bbox 1438 2628 1722 2699; x_wconf 87' lang='lat' dir='ltr'><strong>assignans</strong></span> <span class='ocrx_word' id='word_1_252' title='bbox 1743 2642 1968 2684; x_wconf 84' lang='lat' dir='ltr'><strong>causam</strong></span> <span class='ocrx_word' id='word_1_253' title='bbox 1994 2643 2164 2700; x_wconf 87' lang='lat' dir='ltr'><strong>quare</strong></span> <span class='ocrx_word' id='word_1_254' title='bbox 2194 2628 2267 2682; x_wconf 86' lang='lat' dir='ltr'><strong>illi</strong></span> <span class='ocrx_word' id='word_1_255' title='bbox 2300 2629 2480 2700; x_wconf 83' lang='lat' dir='ltr'><strong>quiex</strong></span> 
     </span>
     <span class='ocr_line' id='line_1_28' title="bbox 483 2707 2481 2786; baseline 0.001 -18"><span class='ocrx_word' id='word_1_256' title='bbox 483 2707 744 2772; x_wconf 88' lang='lat' dir='ltr'><strong>rus-ticam</strong></span> <span class='ocrx_word' id='word_1_257' title='bbox 769 2718 884 2773; x_wconf 86' lang='lat' dir='ltr'><strong>vita</strong></span> <span class='ocrx_word' id='word_1_258' title='bbox 911 2718 980 2774; x_wconf 92' lang='lat' dir='ltr'><strong>ad</strong></span> <span class='ocrx_word' id='word_1_259' title='bbox 1008 2716 1326 2786; x_wconf 87' lang='lat' dir='ltr'><strong>religionem</strong></span> <span class='ocrx_word' id='word_1_260' title='bbox 1353 2720 1763 2781; x_wconf 87' lang='lat' dir='ltr'><strong>convertuntur,</strong></span> <span class='ocrx_word' id='word_1_261' title='bbox 1790 2713 2035 2772; x_wconf 90' lang='lat' dir='ltr'><strong>laborare</strong></span> <span class='ocrx_word' id='word_1_262' title='bbox 2061 2716 2313 2774; x_wconf 85' lang='lat' dir='ltr'><strong>debeant.</strong></span> <span class='ocrx_word' id='word_1_263' title='bbox 2336 2714 2481 2772; x_wconf 89' lang='lat' dir='ltr'><strong>Dicit</strong></span> 
     </span>
     <span class='ocr_line' id='line_1_29' title="bbox 481 2802 2481 2876; baseline 0.001 -18"><span class='ocrx_word' id='word_1_264' title='bbox 481 2802 627 2858; x_wconf 87' lang='lat' dir='ltr'><strong>enim</strong></span> <span class='ocrx_word' id='word_1_265' title='bbox 661 2820 674 2856; x_wconf 90' lang='lat'>:</span> <span class='ocrx_word' id='word_1_266' title='bbox 704 2823 728 2855; x_wconf 81' lang='grc' dir='ltr'><strong>α</strong></span> <span class='ocrx_word' id='word_1_267' title='bbox 755 2805 870 2859; x_wconf 87' lang='lat' dir='ltr'><strong>Nec</strong></span> <span class='ocrx_word' id='word_1_268' title='bbox 894 2803 1038 2859; x_wconf 90' lang='lat' dir='ltr'><strong>enim</strong></span> <span class='ocrx_word' id='word_1_269' title='bbox 1065 2809 1310 2875; x_wconf 88' lang='lat' dir='ltr'><strong>apparet,</strong></span> <span class='ocrx_word' id='word_1_270' title='bbox 1333 2807 1519 2858; x_wconf 91' lang='lat' dir='ltr'><strong>utrum</strong></span> <span class='ocrx_word' id='word_1_271' title='bbox 1552 2809 1618 2859; x_wconf 83' lang='lat' dir='ltr'><strong>ex</strong></span> <span class='ocrx_word' id='word_1_272' title='bbox 1640 2803 1916 2876; x_wconf 86' lang='lat' dir='ltr'><strong>proposito</strong></span> <span class='ocrx_word' id='word_1_273' title='bbox 1945 2806 2227 2862; x_wconf 86' lang='lat' dir='ltr'><strong>servitutis</strong></span> <span class='ocrx_word' id='word_1_274' title='bbox 2254 2805 2348 2860; x_wconf 86' lang='lat' dir='ltr'><strong>Dei</strong></span> <span class='ocrx_word' id='word_1_275' title='bbox 2382 2821 2481 2860; x_wconf 85' lang='lat' dir='ltr'><strong>vc-</strong></span> 
     </span>
     <span class='ocr_line' id='line_1_30' title="bbox 481 2889 2481 2968; baseline 0.004 -25"><span class='ocrx_word' id='word_1_276' title='bbox 481 2889 680 2958; x_wconf 77' lang='lat' dir='ltr'><strong>ne&#39;rint,</strong></span> <span class='ocrx_word' id='word_1_277' title='bbox 695 2891 774 2946; x_wconf 82' lang='lat' dir='ltr'><strong>ad</strong></span> <span class='ocrx_word' id='word_1_278' title='bbox 792 2891 962 2948; x_wconf 89' lang='lat' dir='ltr'><strong>vitam</strong></span> <span class='ocrx_word' id='word_1_279' title='bbox 982 2893 1199 2965; x_wconf 88' lang='lat' dir='ltr'><strong>inopem</strong></span> <span class='ocrx_word' id='word_1_280' title='bbox 1222 2901 1278 2948; x_wconf 91' lang='lat' dir='ltr'><strong>et</strong></span> <span class='ocrx_word' id='word_1_281' title='bbox 1305 2891 1630 2950; x_wconf 84' lang='lat' dir='ltr'><strong>laboriosam</strong></span> <span class='ocrx_word' id='word_1_282' title='bbox 1646 2892 1936 2965; x_wconf 76' lang='lat' dir='ltr'><strong>fugienteS,</strong></span> <span class='ocrx_word' id='word_1_283' title='bbox 1962 2895 2121 2952; x_wconf 88' lang='lat' dir='ltr'><strong>vacui</strong></span> <span class='ocrx_word' id='word_1_284' title='bbox 2142 2895 2287 2968; x_wconf 90' lang='lat' dir='ltr'><strong>pasci</strong></span> <span class='ocrx_word' id='word_1_285' title='bbox 2312 2905 2481 2968; x_wconf 86' lang='lat' dir='ltr'><strong>atque</strong></span> 
     </span>
     <span class='ocr_line' id='line_1_31' title="bbox 482 2979 2481 3056; baseline 0.004 -24"><span class='ocrx_word' id='word_1_286' title='bbox 482 2980 670 3034; x_wconf 80' lang='lat' dir='ltr'><strong>vestiri</strong></span> <span class='ocrx_word' id='word_1_287' title='bbox 701 2979 990 3045; x_wconf 83' lang='lat' dir='ltr'><strong>voluerint,</strong></span> <span class='ocrx_word' id='word_1_288' title='bbox 1035 2987 1090 3036; x_wconf 88' lang='lat' dir='ltr'><strong>et</strong></span> <span class='ocrx_word' id='word_1_289' title='bbox 1120 2981 1338 3053; x_wconf 89' lang='lat' dir='ltr'><strong>insuper</strong></span> <span class='ocrx_word' id='word_1_290' title='bbox 1381 2982 1636 3039; x_wconf 87' lang='lat' dir='ltr'><strong>honorari</strong></span> <span class='ocrx_word' id='word_1_291' title='bbox 1665 2982 1735 3040; x_wconf 86' lang='lat' dir='ltr'><strong>ab</strong></span> <span class='ocrx_word' id='word_1_292' title='bbox 1776 2983 1856 3040; x_wconf 89' lang='lat' dir='ltr'><strong>eis</strong></span> <span class='ocrx_word' id='word_1_293' title='bbox 1886 3000 1915 3041; x_wconf 88' lang='lat' dir='ltr'><strong>a</strong></span> <span class='ocrx_word' id='word_1_294' title='bbox 1964 2983 2161 3056; x_wconf 87' lang='lat' dir='ltr'><strong>quibus</strong></span> <span class='ocrx_word' id='word_1_295' title='bbox 2203 2986 2481 3040; x_wconf 84' lang='lat' dir='ltr'><strong>contemni</strong></span> 
     </span>
     <span class='ocr_line' id='line_1_32' title="bbox 483 3068 2481 3143; baseline 0.004 -22"><span class='ocrx_word' id='word_1_296' title='bbox 483 3068 802 3140; x_wconf 87' lang='lat' dir='ltr'><strong>conterique</strong></span> <span class='ocrx_word' id='word_1_297' title='bbox 822 3075 1236 3135; x_wconf 88' lang='lat' dir='ltr'><strong>consueverant,</strong></span> <span class='ocrx_word' id='word_1_298' title='bbox 1261 3083 1401 3142; x_wconf 90' lang='lat' dir='ltr'><strong>quos</strong></span> <span class='ocrx_word' id='word_1_299' title='bbox 1423 3069 1539 3125; x_wconf 89' lang='lat' dir='ltr'><strong>vult</strong></span> <span class='ocrx_word' id='word_1_300' title='bbox 1562 3070 1813 3126; x_wconf 88' lang='lat' dir='ltr'><strong>manibus</strong></span> <span class='ocrx_word' id='word_1_301' title='bbox 1832 3071 2064 3143; x_wconf 85' lang='lat' dir='ltr'><strong>operari.</strong></span> <span class='ocrx_word' id='word_1_302' title='bbox 2095 3089 2119 3121; x_wconf 65' lang='grc' dir='ltr'>ι)</span> <span class='ocrx_word' id='word_1_303' title='bbox 2147 3069 2305 3126; x_wconf 84' lang='lat' dir='ltr'><strong>Tales</strong></span> <span class='ocrx_word' id='word_1_304' title='bbox 2332 3073 2481 3128; x_wconf 85' lang='lat' dir='ltr'><strong>enim</strong></span> 
     </span>
     <span class='ocr_line' id='line_1_33' title="bbox 481 3155 2483 3234; baseline 0.002 -22"><span class='ocrx_word' id='word_1_305' title='bbox 481 3155 769 3212; x_wconf 83' lang='lat' dir='ltr'><strong>manifeste</strong></span> <span class='ocrx_word' id='word_1_306' title='bbox 797 3161 926 3212; x_wconf 86' lang='lat' dir='ltr'><strong>sunt</strong></span> <span class='ocrx_word' id='word_1_307' title='bbox 949 3157 1016 3212; x_wconf 89' lang='lat' dir='ltr'><strong>de</strong></span> <span class='ocrx_word' id='word_1_308' title='bbox 1047 3173 1271 3213; x_wconf 89' lang='lat' dir='ltr'><strong>numero</strong></span> <span class='ocrx_word' id='word_1_309' title='bbox 1301 3159 1619 3226; x_wconf 86' lang='lat' dir='ltr'><strong>otiosorum,</strong></span> <span class='ocrx_word' id='word_1_310' title='bbox 1654 3159 1849 3234; x_wconf 89' lang='lat' dir='ltr'><strong>quibus</strong></span> <span class='ocrx_word' id='word_1_311' title='bbox 1872 3159 2155 3213; x_wconf 87' lang='lat' dir='ltr'><strong>denuntiat</strong></span> <span class='ocrx_word' id='word_1_312' title='bbox 2182 3160 2483 3229; x_wconf 85' lang='lat' dir='ltr'><strong>Apostolus</strong></span> 
     </span>
     <span class='ocr_line' id='line_1_34' title="bbox 477 3245 2482 3321; baseline 0.003 -22"><span class='ocrx_word' id='word_1_313' title='bbox 477 3252 540 3299; x_wconf 77' lang='lat' dir='ltr'><strong>ut</strong></span> <span class='ocrx_word' id='word_1_314' title='bbox 587 3261 704 3300; x_wconf 81' lang='lat' dir='ltr'><strong>cum</strong></span> <span class='ocrx_word' id='word_1_315' title='bbox 747 3245 958 3302; x_wconf 80' lang='lat' dir='ltr'><strong>silentio</strong></span> <span class='ocrx_word' id='word_1_316' title='bbox 989 3253 1266 3316; x_wconf 74' lang='lat' dir='ltr'><strong>operantes</strong></span> <span class='ocrx_word' id='word_1_317' title='bbox 1309 3263 1463 3304; x_wconf 80' lang='lat' dir='ltr'><strong>suum</strong></span> <span class='ocrx_word' id='word_1_318' title='bbox 1494 3264 1686 3319; x_wconf 80' lang='lat' dir='ltr'><strong>panem</strong></span> <span class='ocrx_word' id='word_1_319' title='bbox 1718 3246 2050 3303; x_wconf 72' lang='lat' dir='ltr'><strong>maitdttcent.</strong></span> <span class='ocrx_word' id='word_1_320' title='bbox 2091 3245 2158 3300; x_wconf 90' lang='lat' dir='ltr'><strong>Et</strong></span> <span class='ocrx_word' id='word_1_321' title='bbox 2201 3247 2482 3321; x_wconf 66' lang='lat' dir='ltr'><strong>praecipuo</strong></span> 
     </span>
     <span class='ocr_line' id='line_1_35' title="bbox 478 3332 2482 3408; baseline 0.002 -18"><span class='ocrx_word' id='word_1_322' title='bbox 478 3342 831 3392; x_wconf 87' lang='lat' dir='ltr'><strong>contumaces</strong></span> <span class='ocrx_word' id='word_1_323' title='bbox 875 3337 1218 3406; x_wconf 82' lang='lat' dir='ltr'><strong>Augustinus</strong></span> <span class='ocrx_word' id='word_1_324' title='bbox 1261 3338 1504 3394; x_wconf 87' lang='lat' dir='ltr'><strong>nominat</strong></span> <span class='ocrx_word' id='word_1_325' title='bbox 1552 3335 1671 3392; x_wconf 86' lang='lat' dir='ltr'><strong>illos</strong></span> <span class='ocrx_word' id='word_1_326' title='bbox 1718 3334 1810 3408; x_wconf 90' lang='lat' dir='ltr'><strong>qui</strong></span> <span class='ocrx_word' id='word_1_327' title='bbox 1857 3332 2111 3390; x_wconf 90' lang='lat' dir='ltr'><strong>dicebant</strong></span> <span class='ocrx_word' id='word_1_328' title='bbox 2162 3352 2270 3393; x_wconf 87' lang='lat' dir='ltr'><strong>non</strong></span> <span class='ocrx_word' id='word_1_329' title='bbox 2313 3337 2482 3394; x_wconf 75' lang='lat' dir='ltr'><strong>licere</strong></span> 
     </span>
     <span class='ocr_line' id='line_1_36' title="bbox 479 3424 2401 3497; baseline 0.002 -17"><span class='ocrx_word' id='word_1_330' title='bbox 479 3425 652 3481; x_wconf 90' lang='lat' dir='ltr'><strong>servis</strong></span> <span class='ocrx_word' id='word_1_331' title='bbox 681 3426 779 3481; x_wconf 90' lang='lat' dir='ltr'><strong>Dei</strong></span> <span class='ocrx_word' id='word_1_332' title='bbox 811 3424 1059 3481; x_wconf 86' lang='lat' dir='ltr'><strong>manibus</strong></span> <span class='ocrx_word' id='word_1_333' title='bbox 1087 3427 1201 3481; x_wconf 84' lang='lat' dir='ltr'><strong>suis</strong></span> <span class='ocrx_word' id='word_1_334' title='bbox 1224 3427 1457 3497; x_wconf 85' lang='lat' dir='ltr'><strong>operari,</strong></span> <span class='ocrx_word' id='word_1_335' title='bbox 1487 3439 1706 3480; x_wconf 89' lang='lat' dir='ltr'><strong>sensum</strong></span> <span class='ocrx_word' id='word_1_336' title='bbox 1738 3424 1980 3496; x_wconf 90' lang='lat' dir='ltr'><strong>Apostoli</strong></span> <span class='ocrx_word' id='word_1_337' title='bbox 2007 3433 2401 3496; x_wconf 74' lang='lat' dir='ltr'><strong>pervertentes·</strong></span> 
     </span>
     <span class='ocr_line' id='line_1_37' title="bbox 550 3511 2480 3588; baseline 0.002 -18"><span class='ocrx_word' id='word_1_338' title='bbox 550 3515 632 3570; x_wconf 86' lang='lat' dir='ltr'><strong>Ad</strong></span> <span class='ocrx_word' id='word_1_339' title='bbox 665 3515 795 3570; x_wconf 91' lang='lat' dir='ltr'><strong>illud</strong></span> <span class='ocrx_word' id='word_1_340' title='bbox 821 3517 965 3588; x_wconf 88' lang='lat' dir='ltr'><strong>quod</strong></span> <span class='ocrx_word' id='word_1_341' title='bbox 994 3515 1281 3571; x_wconf 89' lang='lat' dir='ltr'><strong>undecimo</strong></span> <span class='ocrx_word' id='word_1_342' title='bbox 1310 3515 1584 3586; x_wconf 85' lang='lat' dir='ltr'><strong>objicitur,</strong></span> <span class='ocrx_word' id='word_1_343' title='bbox 1614 3511 1903 3570; x_wconf 87' lang='lat' dir='ltr'><strong>dicendum</strong></span> <span class='ocrx_word' id='word_1_344' title='bbox 1932 3515 2077 3586; x_wconf 85' lang='lat' dir='ltr'><strong>quod</strong></span> <span class='ocrx_word' id='word_1_345' title='bbox 2102 3515 2480 3587; x_wconf 84' lang='lat' dir='ltr'><strong>spiritualibus</strong></span> 
     </span>
     <span class='ocr_line' id='line_1_38' title="bbox 479 3603 2479 3677; baseline 0.002 -19"><span class='ocrx_word' id='word_1_346' title='bbox 479 3603 754 3675; x_wconf 87' lang='lat' dir='ltr'><strong>operibus,</strong></span> <span class='ocrx_word' id='word_1_347' title='bbox 787 3619 912 3676; x_wconf 86' lang='lat' dir='ltr'><strong>quae</strong></span> <span class='ocrx_word' id='word_1_348' title='bbox 939 3603 1154 3676; x_wconf 91' lang='lat' dir='ltr'><strong>objecto</strong></span> <span class='ocrx_word' id='word_1_349' title='bbox 1185 3606 1378 3675; x_wconf 89' lang='lat' dir='ltr'><strong>tangit,</strong></span> <span class='ocrx_word' id='word_1_350' title='bbox 1417 3611 1597 3676; x_wconf 88' lang='lat' dir='ltr'><strong>potest</strong></span> <span class='ocrx_word' id='word_1_351' title='bbox 1627 3604 1749 3677; x_wconf 80' lang='lat' dir='ltr'><strong>quis</strong></span> <span class='ocrx_word' id='word_1_352' title='bbox 1780 3619 1975 3660; x_wconf 85' lang='lat' dir='ltr'><strong>vacare</strong></span> <span class='ocrx_word' id='word_1_353' title='bbox 2013 3603 2321 3676; x_wconf 84' lang='lat' dir='ltr'><strong>dupliciter,</strong></span> <span class='ocrx_word' id='word_1_354' title='bbox 2362 3607 2479 3662; x_wconf 90' lang='lat' dir='ltr'><strong>sci-</strong></span> 
     </span>
     <span class='ocr_line' id='line_1_39' title="bbox 477 3687 2476 3763; baseline 0.003 -19"><span class='ocrx_word' id='word_1_355' title='bbox 477 3687 608 3744; x_wconf 79' lang='lat' dir='ltr'><strong>licet</strong></span> <span class='ocrx_word' id='word_1_356' title='bbox 627 3691 783 3762; x_wconf 88' lang='lat' dir='ltr'><strong>quasi</strong></span> <span class='ocrx_word' id='word_1_357' title='bbox 804 3692 1104 3748; x_wconf 84' lang='lat' dir='ltr'><strong>inserviens</strong></span> <span class='ocrx_word' id='word_1_358' title='bbox 1126 3690 1669 3762; x_wconf 88' lang='lat' dir='ltr'><strong>utilitati-communi,</strong></span> <span class='ocrx_word' id='word_1_359' title='bbox 1700 3697 1757 3747; x_wconf 89' lang='lat' dir='ltr'><strong>et</strong></span> <span class='ocrx_word' id='word_1_360' title='bbox 1784 3691 1939 3763; x_wconf 87' lang='lat' dir='ltr'><strong>quasi</strong></span> <span class='ocrx_word' id='word_1_361' title='bbox 1968 3690 2225 3747; x_wconf 87' lang='lat' dir='ltr'><strong>insistens</strong></span> <span class='ocrx_word' id='word_1_362' title='bbox 2250 3690 2476 3750; x_wconf 89' lang='lat' dir='ltr'><strong>utilitati</strong></span> 
     </span>
     <span class='ocr_line' id='line_1_40' title="bbox 478 3778 2478 3852; baseline 0.005 -22"><span class='ocrx_word' id='word_1_363' title='bbox 478 3778 900 3852; x_wconf 81' lang='lat' dir='ltr'><strong>privatae,&#39;quod</strong></span> <span class='ocrx_word' id='word_1_364' title='bbox 931 3788 1082 3852; x_wconf 89' lang='lat' dir='ltr'><strong>patet</strong></span> <span class='ocrx_word' id='word_1_365' title='bbox 1114 3795 1208 3852; x_wconf 90' lang='lat' dir='ltr'><strong>per</strong></span> <span class='ocrx_word' id='word_1_366' title='bbox 1231 3778 1466 3850; x_wconf 85' lang='lat' dir='ltr'><strong>singula.</strong></span> <span class='ocrx_word' id='word_1_367' title='bbox 1503 3781 1687 3837; x_wconf 86' lang='lat' dir='ltr'><strong>Potest</strong></span> <span class='ocrx_word' id='word_1_368' title='bbox 1728 3781 1873 3836; x_wconf 89' lang='lat' dir='ltr'><strong>enim</strong></span> <span class='ocrx_word' id='word_1_369' title='bbox 1912 3779 2111 3852; x_wconf 87' lang='lat' dir='ltr'><strong>aliquis</strong></span> <span class='ocrx_word' id='word_1_370' title='bbox 2138 3779 2478 3838; x_wconf 83' lang='lat' dir='ltr'><strong>orationibus</strong></span> 
     </span>
     <span class='ocr_line' id='line_1_41' title="bbox 477 3862 2477 3942; baseline 0.006 -25"><span class='ocrx_word' id='word_1_371' title='bbox 477 3870 534 3917; x_wconf 87' lang='lat' dir='ltr'><strong>et</strong></span> <span class='ocrx_word' id='word_1_372' title='bbox 564 3862 788 3932; x_wconf 83' lang='lat' dir='ltr'><strong>psalmis</strong></span> <span class='ocrx_word' id='word_1_373' title='bbox 817 3881 1028 3934; x_wconf 85' lang='lat' dir='ltr'><strong>vacare,</strong></span> <span class='ocrx_word' id='word_1_374' title='bbox 1061 3867 1304 3924; x_wconf 84' lang='lat' dir='ltr'><strong>divinum</strong></span> <span class='ocrx_word' id='word_1_375' title='bbox 1334 3865 1576 3922; x_wconf 85' lang='lat' dir='ltr'><strong>officium</strong></span> <span class='ocrx_word' id='word_1_376' title='bbox 1600 3869 1654 3923; x_wconf 92' lang='lat' dir='ltr'><strong>in</strong></span> <span class='ocrx_word' id='word_1_377' title='bbox 1684 3867 1927 3926; x_wconf 82' lang='lat' dir='ltr'><strong>Ecclesia</strong></span> <span class='ocrx_word' id='word_1_378' title='bbox 1955 3866 2299 3940; x_wconf 88' lang='lat' dir='ltr'><strong>celebrando,</strong></span> <span class='ocrx_word' id='word_1_379' title='bbox 2324 3871 2477 3942; x_wconf 84' lang='lat' dir='ltr'><strong>quod</strong></span> 
     </span>
    </p>
   </div>
  </div>
 </body>
</html>
