2784 4392
770 279 879 338 xv.
909 301 987 322 -·
1014 286 1093 337 na
1134 273 1437 336 anemium
1478 255 1841 334 emisenum
2179 270 2325 334 293·

295 408 634 478 discrimina,
659 407 728 465 de
761 407 907 464 facili
941 412 1120 479 potest
1148 407 1399 481 impediri
1426 408 1748 466 victualium
1776 407 2105 480 deportatiO,
2138 416 2193 464 et
2222 407 2302 464 εἰσ

289 499 490 555 civitas
511 515 605 572 per
634 496 907 554 defectum
932 484 1252 554 victualium
1278 481 1636 570 opprimetur.
1664 497 1761 553 Est
1788 497 1955 556 etiarn
1985 496 2088 552 hoc
2114 497 2301 552 utilius

291 589 395 644 ad
407 585 884 646 conservationem
907 585 1145 643 civilem.
1179 585 1320 643 Nam
1366 585 1565 643 civitas
1608 603 1733 661 quae
1777 587 1853 644 ad
1890 587 1976 643 sui
2017 591 2312 642 sustenta-

294 667 500 736 tionem
530 677 928 734 mercationum
972 671 1325 732 multitudine
1371 673 1599 748 indiget,
1632 690 1856 733 necesse
1893 683 1979 732 eet
2014 681 2077 731 ut
2118 675 2304 732 conti-

293 783 460 824 nuum
486 774 872 823 extraneorum
898 762 1210 822 convictum
1241 763 1503 838 patiatur.
1533 761 1930 822 Extraneorum
1960 771 2147 821 autem
2167 779 2304 820 con-

294 857 531 913 versatio
555 856 859 929 corrumpit
879 851 1170 926 plurimum
1201 851 1403 910 civium
1428 853 1630 926 morea,
1658 855 1960 936 secundum
1990 851 2303 912 Aristotelis

293 945 637 1003 doctrinam
623 963 679 1001 m
712 961 812 1002 sua
837 943 1098 1012 Politica3
1129 942 1261 1040 quia
1289 960 1521 1001 necesse
1558 953 1642 1002 est
1688 941 1908 1002 evenire
1951 950 2011 999 ut
2056 935 2307 1000 homines

294 1033 540 1092 extranei
563 1021 687 1092 aliis
713 1031 926 1108 legibus
953 1039 1008 1090 et
1033 1001 1521 1090 consuetudinibus
1546 1031 1793 1104 enutriti,
1825 1032 1881 1089 in
1922 1028 2107 1089 multis
2142 1029 2303 1089 aliter

294 1132 460 1198 agant
505 1135 670 1198 quam
719 1120 826 1180 sint
867 1120 1072 1180 civium
1123 1135 1321 1190 mores,
1351 1127 1412 1179 et
1448 1121 1539 1180 sic
1574 1119 1707 1179 dum
1748 1119 1897 1182 cives
1943 1117 2192 1195 exemplo
2236 1115 2317 1178 ad

295 1214 506 1287 agenda
571 1209 769 1268 similia
834 1217 1220 1285 provocantur,
1279 1207 1459 1268 civilis
1513 1209 1860 1270 conversatio
1924 1209 2304 1286 perturbatur.

293 1305 520 1372 Rursus,
546 1302 593 1359 si
621 1301 770 1359 cives
795 1297 902 1375 ipsi
941 1297 1368 1370 mercationibus
1404 1297 1609 1358 fuerint
1654 1295 1848 1370 dediti,
1880 1299 2151 1374 pandetur
2178 1299 2309 1375 plu-

296 1391 448 1450 ribus
471 1389 620 1449 vitiis
647 1389 850 1448 aditus.
879 1387 1020 1448 Nam
1058 1401 1187 1447 cum
1224 1385 1631 1463 negotiatorum
1672 1387 1917 1447 studium
1961 1389 2201 1448 maxime
2234 1388 2305 1448 ad

297 1484 508 1539 lucrum
561 1478 752 1538 tendat
791 1493 889 1554 per
947 1477 1337 1552 negotiationis
1377 1493 1559 1546 usum,
1606 1477 1881 1553 cupiditas
1934 1479 1989 1535 in
2047 1479 2305 1536 cordibus

295 1572 500 1630 civium
533 1567 860 1637 traducitur,
893 1581 960 1624 ex
1003 1582 1112 1641 quo
1159 1565 1418 1626 convenit
1454 1571 1520 1624 ut
1564 1565 1623 1624 in
1660 1565 1891 1626 civitate
1937 1569 2121 1624 omnia
2170 1567 2307 1625 fiant

227 1682 230 1685 “
297 1658 530 1722 venalia,
562 1663 618 1714 et
665 1654 772 1714 fide
809 1653 1110 1726 subtracta,
1144 1651 1296 1714 locus
1346 1653 1632 1713 fraudibus
1680 1655 1941 1730 aperitur,
1974 1654 2306 1732 publicoque

297 1751 438 1806 bono
465 1749 798 1818 contempto,
827 1746 1050 1820 proprio
1081 1742 1369 1802 commodo
1398 1745 1635 1820 quisque
1658 1741 1951 1812 deserviet,
1980 1741 2309 1820 deficietque

297 1835 519 1896 virtutis
533 1832 796 1903 studium,
815 1831 946 1892 dum
969 1833 1142 1892 honor
1165 1831 1387 1892 virtutis
1411 1833 1699 1908 praemium
1720 1831 1971 1891 omnibus
1997 1831 2307 1893 deferetur:

298 1925 442 1986 unde
479 1937 703 1984 neeesse
750 1922 856 1982 erit
897 1924 954 1981 in
991 1919 1088 1981 tali
1129 1920 1357 1982 civitate
1398 1921 1619 1982 civilem
1661 1921 2135 1982 conversationem
2182 1939 2311 1984 cor·

299 2013 498 2091 rumpi.
1562 2034 1573 2044 ·

369 2105 465 2163 Est
491 2109 676 2163 autem
700 2075 1088 2176 negotiationis
1117 2111 1248 2160 usus
1275 2101 1587 2160 contrarius
1614 2115 1780 2177 quam
1822 2099 2116 2176 plurimum
2148 2103 2313 2161 exer-

301 2193 432 2252 citio
457 2191 703 2251 militari.
720 2189 1106 2264 Negotiatores
1133 2189 1279 2248 enim
1305 2191 1436 2247 dum
1468 2184 1717 2249 umbram
1742 2187 1947 2260 colunt,
1969 2205 2000 2249 a
2031 2190 2313 2250 laboribus

301 2291 520 2353 vacant,
547 2287 603 2338 et
653 2279 784 2337 dum
825 2277 1081 2336 fruuntur
1126 2277 1357 2346 deliciis,
1387 2276 1710 2337 mollescunt
1750 2280 1953 2350 animo,
1981 2285 2037 2338 et
2079 2297 2311 2356 corpora

303 2371 603 2430 redduntur
631 2366 833 2427 debilia
861 2375 918 2426 et
947 2365 1015 2426 ad
1045 2365 1260 2424 labores
1283 2365 1552 2425 militares
1588 2366 1793 2442 inepta,
1824 2367 1969 2426 unde
2010 2371 2313 2428 secundum

297 2457 424 2534 jura
454 2457 638 2518 civilia
679 2455 984 2530 negotiatio
1025 2463 1110 2515 est
1153 2453 1419 2513 militibus
1466 2455 1780 2514 interdicta.
1822 2455 2073 2531 Denique
2113 2459 2312 2518 civitas

305 2551 395 2608 illa
425 2547 564 2608 solet
591 2557 711 2606 esse
737 2546 912 2619 magis
948 2543 1196 2620 pacifica,
1223 2543 1381 2618 cujus
1426 2541 1659 2618 populus
1704 2543 1883 2603 rarius
1924 2555 2311 2620 congregatur,

305 2637 590 2712 minusque
631 2637 775 2694 intra
815 2631 968 2692 urbis
1014 2632 1216 2693 mceuia
1259 2631 1521 2691 resident.
1552 2632 1631 2690 Ex
1656 2629 1929 2708 frequenti
1965 2636 2111 2692 enim
2136 2635 2315 2694 homi-

306 2739 435 2786 num
459 2738 726 2784 concursu
752 2723 914 2783 datur
937 2721 1155 2782 occasio
1177 2719 1385 2793 litibus,
1406 2729 1461 2780 et
1482 2720 1841 2780 seditionibus
1863 2723 2093 2782 materia
2118 2725 2314 2784 minis·-

307 2823 506 2876 tratur.
531 2813 688 2873 Unde
715 2815 1016 2871 secundum
1041 2809 1356 2871 Aristotelis
1383 2809 1712 2883 doctrinam,
1743 2809 1931 2871 utilius
1973 2817 2056 2872 est
2090 2815 2315 2891 quidem

307 2904 454 2982 quod
479 2901 710 2978 populus
753 2909 908 2960 extra
950 2901 1206 2961 civitates
1233 2908 1586 2970 exerceatur,
1620 2915 1785 2976 quem
1816 2901 1962 2976 quod
1992 2903 2136 2964 intra
2172 2903 2317 2964 civi-

309 2995 442 3053 tatis
470 2989 672 3050 moenia
691 2989 898 3063 jugiter
924 2995 1312 3048 commoretur.
1343 2989 1399 3049 Si
1440 2995 1625 3048 autem
1663 2989 1863 3050 civitas
1900 2991 1975 3050 sit
2020 2991 2317 3053 mercatio·-

308 3081 470 3141 nibus
493 3081 700 3146 dedita,
725 3075 964 3136 maxime
996 3067 1234 3137 necesse
1263 3081 1349 3136 est
1391 3079 1541 3137 intra
1582 3075 1774 3137 urbem
1820 3079 1969 3139 cives
2015 3081 2313 3155 resideant,

311 3169 495 3245 ibique
513 3165 877 3226 mercationes
899 3174 1210 3224 exerceant.
1237 3163 1429 3234 Melius
1452 3165 1623 3241 igitur
1650 3167 1897 3243 estquod
1941 3169 2155 3229 civitati
2196 3175 2318 3230 vic-

311 3257 542 3319 tualium
565 3256 722 3332 copia
751 3260 1007 3332 suppetat
1035 3271 1103 3314 ex
1141 3255 1375 3330 propriis
1422 3255 1588 3330 agris,
1621 3273 1786 3332 quam
1816 3257 1961 3332 quod
2004 3257 2202 3318 civitas
2245 3261 2319 3319 sit

312 3347 558 3408 totaliter
580 3345 935 3419 negotiationi
965 3345 1234 3419 exposita.
1259 3343 1375 3402 Nec
1402 3347 1589 3403 tamen
1625 3349 1995 3419 negotiatores
2035 3349 2255 3406 omnino
2285 3367 2321 3409 a

311 3437 783 3510 civitate-oportet
805 3431 1039 3505 excludi,
1064 3435 1194 3508 quia
1227 3447 1332 3492 non
1367 3431 1437 3492 de
1464 3431 1613 3492 facili
1660 3441 1842 3508 potest
1888 3435 2118 3496 inveniri
2166 3438 2319 3497 locus

311 3527 408 3604 qui
431 3527 513 3583 sic
538 3525 790 3582 omnibus
815 3523 946 3582 vitae
972 3516 1298 3580 necessariis
1335 3519 1596 3592 abundet,
1619 3523 1766 3598 quod
1794 3540 1901 3582 non
1938 3523 2181 3600 indigeat
2214 3527 2321 3586 ali·
2426 3595 2429 3598 ⁴

314 3615 514 3690 quibus
538 3611 756 3672 aliunde
778 3609 980 3686 allatis,
1003 3625 1301 3686 eorumque
1339 3608 1549 3686 quaein
1577 3611 1771 3670 eodem
1810 3611 1928 3672 loco
1975 3617 2322 3690 superabun-

316 3705 469 3776 dant,
497 3703 713 3762 eodem·
730 3699 892 3760 modo
922 3699 1194 3759 reddetur
1219 3695 1413 3758 multis
1446 3699 1711 3761 damnosa
1750 3701 1928 3779 copia,
1960 3703 2130 3780 siper
2172 3723 2325 3766 mer-

315 3800 564 3854 catorum
589 3791 830 3852 officium
851 3789 919 3850 ad
943 3787 1052 3850 alia
1076 3787 1197 3848 loca
1222 3787 1505 3849 transferri
1532 3803 1637 3848 non
1662 3801 1904 3866 possent.
1927 3792 2082 3854 Unde
2105 3803 2323 3905 oportet

321 3883 462 3960 quod
484 3877 729 3960 perfecta
754 3880 952 3944 civitas
974 3879 1257 3940 moderate
1285 3875 1683 3940 mercatoribus
1712 3885 1918 3944 utatur.

2408 3851 2493 3920 ,ᾗ
