2784 4392
546 343 625 406 68
1024 361 1075 408 s.
1125 360 1358 406 ‘moiun
1398 361 1725 412 Aoumffls
1769 362 2077 409 opuscum

501 498 508 505 ·
545 479 615 533 de
639 476 856 550 Pelagio
879 483 935 535 et
957 476 1273 544 Manicheum
1303 484 1358 533 et
1383 476 1452 533 de
1478 475 1663 534 multis
1692 476 1815 535 aliis
1840 478 2133 550 baereticiS,
2162 489 2385 556 propter
2414 485 2567 557 quod

545 567 747 623 dicitur
787 567 1076 623 ITimoth.
1111 582 1198 635 ιιι,
1234 572 1264 621 8
1301 584 1313 620 z
1346 566 1595 623 Homines
1633 566 1879 640 corrupti
1930 576 2120 636 mente,
2160 572 2374 643 reprobi
2416 572 2567 629 circa

543 655 716 725 fidem.
745 655 942 713 Glossa
969 672 1030 710 t«
1055 656 1123 711 Et
1148 671 1430 729 nunquam
1455 655 1513 711 in
1538 656 1661 723 fide,
1691 656 1821 727 quia
1846 657 1901 711 in
1930 658 2163 714 circuitu
2190 660 2339 732 impii
2365 661 2564 717 ambu-

543 746 658 801 lant
683 747 738 801 in
769 746 947 803 medio
977 761 1084 801 non
1114 747 1389 801 sistentes,
1429 764 1455 797 n

612 836 737 890 Fuit
757 851 885 907 ergo
906 833 1181 907 quondam
1209 835 1574 907 quorumdam
1598 836 1976 907 religiosorum
1996 847 2560 912 praesumptuosorum

543 937 715 987 error,
761 923 853 995 qui
884 937 951 977 ex
981 923 1082 978 hoc
1111 923 1227 993 ipso
1257 922 1405 994 quod
1444 922 1693 978 monachi
1726 932 1900 989 erant,
1952 925 2021 980 de
2057 942 2156 983 sua
2186 928 2301 984 vita
2343 944 2561 1001 praesu-

541 1016 772 1077 mentes,
805 1009 1130 1066 auctoritate
1173 1010 1394 1082 propria
1424 1010 1527 1065 sibi
1558 1010 1788 1067 docendi
1821 1010 2056 1069 officium
2099 1016 2456 1087 usurpabant,
2502 1025 2559 1073 et

541 1100 602 1155 in
637 1099 740 1155 hoc
783 1113 888 1171 pax
923 1097 1296 1155 ecclesiastica
1338 1098 1682 1165 turbabatur,
1718 1107 1776 1156 ut
1820 1100 2050 1157 habetur
2087 1119 2209 1171 xvi,
2243 1114 2443 1176 quaest.
2476 1110 2499 1161 t
2536 1124 2553 1162 ε

545 1208 572 1241 «
605 1186 841 1256 Quidam
879 1185 1129 1243 monachi
1161 1185 1290 1241 nihil
1319 1185 1582 1242 babentes
1614 1186 1713 1243 sibi
1745 1188 2047 1259 injunctum
2074 1206 2104 1247 a
2134 1195 2356 1264 proprio
2394 1195 2558 1267 Epis-

543 1292 700 1349 copo,
747 1276 973 1332 veniunt
1013 1274 1081 1330 ad
1124 1275 1405 1330 civitatem
1431 1275 2106 1349 constantinopolitanam,
2154 1286 2209 1335 et
2248 1282 2300 1336 in
2331 1299 2397 1339 ea
2430 1300 2556 1354 per·

541 1364 886 1421 turbationes
939 1359 1326 1435 tranquillitati
1376 1363 1765 1421 ecclesiasticas
1816 1365 2077 1435 inferunt,
2132 1388 2158 1421 »
2202 1372 2347 1443 quod
2388 1373 2555 1429 etiam

539 1454 755 1525 plenius
782 1453 835 1508 in
873 1451 1243 1508 ecclesiastica
1274 1460 1529 1509 narratur
1557 1452 1804 1521 historia,
1838 1469 2072 1528 quorum
2102 1461 2555 1531 praesumptiones

451 1540 462 1549 '
539 1544 714 1600 sancti
745 1545 934 1599 Patres
962 1542 1143 1598 conati
1173 1547 1302 1598 sunt
1329 1544 1626 1615 reprimere
1652 1543 1956 1600 rationibus
1980 1553 2036 1601 et
2063 1546 2321 1605 decretis.
2351 1551 2554 1607 Eorum

539 1641 724 1690 antem
748 1632 910 1688 dictis
930 1632 1154 1705 quidam
1174 1633 1414 1706 perversi
1444 1630 1644 1687 nostris
1670 1631 2004 1704 temporibus
2023 1634 2341 1703 abutuntur,
2377 1655 2442 1694 ea
2468 1639 2554 1694 in·

539 1722 708 1788 docti,
734 1741 760 1773 α
789 1727 954 1793 atque
974 1719 1257 1775 instabiles
1277 1720 1662 1792 depravantes,
1682 1720 1825 1776 sicut
1849 1728 1905 1776 et
1924 1728 2153 1779 caeteras
2166 1724 2471 1796 scripturas
2484 1728 2550 1783 ad

495 1880 500 1884 ν
539 1808 955 1880 suamipsorum
976 1807 1356 1880 perditionem,
1385 1827 1412 1859 a
1436 1806 1714 1863 utdicitur
1737 1808 1971 1875 HPetri,
2003 1825 2092 1877 ιιι,
2132 1813 2219 1878 46,
2254 1813 2309 1867 in
2341 1820 2553 1871 tantum

539 1898 686 1971 quod
718 1900 771 1952 in
801 1897 1135 1953 contrarium
1165 1910 1404 1951 errorem
1436 1895 1709 1962 labuntur,
1744 1904 2067 1965 asserenteS,
2112 1900 2257 1972 quod
2290 1918 2396 1957 uon
2426 1902 2552 1959 licet

538 1986 795 2058 religioso
823 1985 1066 2041 doctoris
1094 1983 1331 2039 officium
1363 1998 1639 2052 exercere,
1666 1984 1752 2041 vel
1776 1986 2072 2059 suscipere,
2102 1994 2157 2043 et
2183 2004 2287 2044 non
2314 1990 2479 2046 debet
2502 1992 2553 2047 ei

541 2074 749 2146 injungi
776 2090 790 2128 t
821 2071 967 2145 quod
991 2069 1212 2142 quidem
1237 2069 1433 2127 falsum
1459 2085 1577 2126 esse
1602 2072 1777 2142 primo
1801 2074 2171 2143 ostendamus,
2203 2079 2551 2148 postmodum

542 2160 612 2218 ad
641 2176 830 2217 eorum
860 2159 1206 2234 probationes
1235 2160 1643 2232 respondentes

576 2238 792 2306 *Primo
820 2263 949 2321 ergo
977 2247 1268 2305 inducatur
1295 2248 1614 2322 Hieronymi
1653 2251 1952 2307 auotoritas
1981 2253 2048 2308 ad
2087 2253 2394 2325 Rusticum,
2430 2272 2552 2327 quae

538 2336 775 2395 habetur
795 2353 917 2405 xvt,
949 2345 1148 2411 quaest.
1182 2338 1205 2391 l
1248 2353 1262 2392 ε
1296 2356 1323 2390 α
1351 2338 1442 2393 Sic
1471 2338 1593 2393 vive
1616 2338 1671 2393 in
1702 2341 2049 2406 monasterio,
2087 2347 2146 2395 ut
2174 2341 2409 2399 clericus
2434 2359 2551 2399 esse

540 2426 802 2484 merearis
833 2444 848 2482 t
885 2426 1057 2482 multo
1081 2431 1327 2498 tempore
1355 2425 1525 2493 disce,
1556 2440 1683 2498 quae
1704 2428 2053 2499 postmodum
2084 2427 2307 2485 doceas.
2339 2450 2365 2483 n
2392 2432 2549 2498 Item,

539 2516 609 2574 ad
653 2517 903 2573 eumdem
933 2516 988 2571 in
1031 2529 1155 2587 cap.
1186 2529 1306 2587 seq.
1339 2530 1355 2569 ε
1403 2534 1431 2567 α
1462 2514 1519 2570 Si
1545 2514 1838 2571 clericatus
1885 2522 1940 2571 te
1976 2516 2163 2573 titillat
2192 2518 2546 2585 desiderium,

539 2606 720 2662 discas
764 2604 909 2677 quod
941 2603 1117 2677 possis
1151 2601 1370 2658 docere.
1409 2620 1435 2653 n
1465 2601 1545 2657 Ex
1578 2603 1779 2676 quibus
1806 2604 1981 2677 accipi
2008 2612 2207 2677 potest,
2240 2608 2389 2677 quod
2432 2622 2553 2663 mo-

541 2693 698 2749 nachi
744 2693 952 2765 possint
992 2690 1270 2763 suscipere
1315 2690 1543 2747 docendi
1588 2691 1826 2747 officium
1870 2710 1885 2747 ε
1928 2692 2032 2749 hoc
2068 2694 2209 2749 idem
2240 2698 2555 2752 ostenditur

540 2780 804 2853 exemplis
846 2787 1161 2836 sanctorum
1209 2778 1302 2851 qui
1347 2780 1403 2835 in
1449 2779 1709 2851 religione
1753 2765 1999 2838 viventes
2038 2782 2359 2850 docuerunt,
2410 2786 2555 2841 sicut

541 2876 694 2943 patet
717 2869 785 2924 de
813 2866 1079 2939 Gregorio
1101 2866 1462 2935 Nazianzeno,
1491 2872 1730 2941 quicum
1760 2869 2056 2926 monachus
2081 2878 2246 2941 esset,
2274 2873 2556 2930 Constan-

541 2955 825 3028 tinopolim
853 2962 938 3011 est
965 2954 1251 3023 adductus,
1286 2965 1346 3013 ut
1375 2971 1587 3013 sacram
1616 2957 1954 3029 scripturam
1990 2956 2064 3012 ibi
2090 2958 2333 3025 doceret,
2366 2970 2430 3017 ut
2457 2978 2553 3019 ec-

540 3044 847 3102 clesiastica
869 3050 1055 3101 narrat
1071 3044 1327 3102 historia:
1353 3046 1455 3101 hoc
1474 3046 1640 3102 etiam
1664 3052 1815 3117 patet
1842 3046 1911 3102 de
1929 3047 2283 3114 Damasceno,
2311 3050 2405 3121 qui
2428 3064 2553 3107 cum

538 3137 836 3191 monachus
873 3141 1037 3200 esset,
1072 3134 1348 3192 scholares
1387 3133 1574 3189 docuit
1604 3148 1709 3188 non
1742 3132 1917 3189 solum
1961 3134 2015 3189 in
2046 3150 2204 3191 sacra
2240 3136 2549 3209 Scriptura,

535 3222 635 3277 sed
681 3224 847 3278 etiam
891 3223 950 3279 in
986 3221 1301 3279 liberalibus
1333 3220 1563 3287 artibus,
1614 3227 1673 3275 ut
1716 3227 1866 3293 patet
1897 3221 1951 3277 in
1997 3221 2133 3279 libro
2163 3222 2243 3278 De
2269 3226 2554 3283 miraculis

539 3310 702 3370 beatoe
727 3309 989 3387 Virginis.
1019 3310 1403 3386 Hieronymus,
1436 3308 1603 3365 etiam
1627 3308 1681 3363 in
1711 3308 1934 3383 prologo
1960 3310 2165 3377 Bibliae,
2196 3312 2326 3367 licet
2356 3330 2555 3371 mona·-

535 3401 678 3459 chus·
691 3409 855 3470 esset,
878 3400 1186 3458 doctrinam
1205 3414 1381 3457 sacrae
1404 3397 1703 3472 Scripturae
1723 3401 1992 3470 promittit
2014 3401 2238 3457 Paulino
2259 3404 2549 3472 monacho,

535 3486 746 3548 scilicet
772 3490 920 3564 quod
963 3504 1090 3547 eum
1116 3486 1352 3552 docebit,
1385 3502 1550 3559 quem
1579 3486 1747 3547 etiam
1785 3487 1852 3542 ad
1881 3487 2123 3546 studium
2152 3505 2329 3550 sacrae
2361 3492 2555 3565 Scrip-

533 3586 679 3638 turae
707 3579 976 3636 hortatur.
1009 3578 1088 3632 De
1121 3572 1627 3647 Augustinoetiam
1657 3573 1877 3645 legitur,
1911 3576 2058 3649 quod
2090 3583 2386 3651 postquam
2432 3595 2556 3636 mo-

533 3668 832 3724 nasterium
873 3664 1130 3731 instituit,
1164 3665 1219 3719 in
1253 3678 1361 3734 quo
1390 3662 1559 3737 coepit
1596 3662 1780 3729 vivere
1820 3662 2120 3719 secundum
2162 3665 2412 3735 regulam
2450 3670 2558 3726 sub

533 3756 741 3812 sanctis
761 3752 1039 3827 Apostolis
1057 3752 1385 3814 institutam,
1412 3749 1691 3807 scribebat-
1709 3749 1898 3817 libros,
1916 3760 1974 3808 et
1998 3752 2229 3809 docebat
2257 3754 2512 3824 indoctos
2538 3774 2552 3813 ε

534 3842 640 3899 hoc
673 3842 842 3897 etiam
885 3845 1037 3911 patet
1081 3839 1150 3895 de
1189 3838 1313 3895 aliis
1353 3837 1614 3894 Ecclesiae
1654 3837 1985 3905 doctoribus,
2020 3840 2230 3897 scilicet
2259 3841 2552 3916 GregoriO,

537 3928 756 4006 Basilio,
778 3926 1166 4001 Chrysostomo
1190 3929 1246 3982 et
1270 3924 1397 3983 aliis
1424 3924 1630 3995 multis,
1654 3926 1752 4000 qui
1781 3925 2021 4000 religiosi
2050 3928 2295 4001 suerunt,
2321 3940 2379 3990 et
2402 3946 2557 4009 μνω-

1243 4326 1254 4341 Σ

510 4380 624 4385 ⁴—
651 4382 680 4385 -.
1223 4353 1378 4385 AJJQ-
1412 4381 1435 4385 -
1502 4368 1505 4375 ·
