2784 4392
504 287 577 346 18
978 307 1029 352 s.
1076 307 1310 352 'rsonae
1350 305 1683 356 Aonius-ns
1724 303 2035 350 croscum

504 423 620 490 triS,
654 422 711 478 in
737 423 1010 496 principio
1040 425 1181 497 apud
1210 425 1400 489 Deum,
1433 423 1577 496 quod
1611 421 1959 480 manifestum
2005 425 2091 478 est
2131 419 2204 478 ad
2233 417 2512 478 doctritiae

502 511 747 567 ordinem
789 515 1080 585 pertinere.
1116 513 1466 570 Postmodum
1509 528 1638 568 vero
1675 510 2050 568 ecclesiastica
2091 509 2404 566 observatio
2459 509 2512 564 in

507 601 817 671 exemplum
861 602 1155 669 inducitur,
1182 618 1306 675 quas
1348 603 1589 675 quinque
1615 607 1860 673 tempora
1895 599 2170 666 observat,
2200 598 2256 654 in
2281 614 2511 670 quorum

508 690 681 759 primo
706 708 801 763 per
826 691 1213 760 exorcismum,
1245 699 1299 747 et
1328 691 1722 746 catechismum
1761 705 1935 762 nuper
1962 687 2212 745 conversi
2253 686 2323 742 acl
2351 686 2510 744 fidem

510 779 831 835 rudimentis
880 780 1298 836 christianitatis
1366 780 1702 834 imbuuntur.
1763 777 2074 849 Secundum
2143 782 2358 848 tempus
2407 782 2508 843 est,

508 869 725 937 quando
751 870 802 922 in
846 875 999 923 utero
1024 869 1285 924 Ecclesiae
1327 867 1564 936 aluntur,
1599 882 1772 938 usque
1809 865 1878 922 ad
1914 864 2204 924 sabbatum
2238 869 2508 931 sanctum,

504 962 558 1008 et
592 960 717 1010 tunc
746 965 828 1012 est
860 956 1081 1013 tertium
1116 966 1345 1030 tempus,
1381 959 1434 1012 in
1466 973 1574 1031 quo
1601 973 1698 1029 per
1727 957 2058 1029 baptismum
2097 955 2165 1012 ad
2203 956 2378 1011 lucem
2415 971 2514 1028 ge-

508 1050 783 1099 nerantur.
823 1045 1091 1114 Quartum
1142 1053 1355 1118 tempus
1410 1052 1512 1113 est,
1550 1045 1604 1100 in
1649 1061 1756 1118 quo
1805 1044 2052 1100 manibus
2091 1044 2338 1101 ecclesiae
2385 1060 2514 1116 ges-

515 1139 716 1197 tantur,
746 1139 801 1186 et
833 1132 972 1188 lacte
1001 1136 1316 1190 nutriuntur
1353 1151 1526 1206 usque
1575 1135 1641 1188 ad
1687 1136 2080 1199 pentecostem,
2113 1149 2223 1206 quo
2270 1141 2514 1204 tempore

513 1219 656 1274 nulla
686 1219 929 1276 difficilia
958 1221 1307 1289 inducuntur,
1338 1239 1442 1278 non
1467 1222 1766 1292 jejunatur,
1792 1238 1897 1277 non
1929 1223 2108 1278 media
2144 1221 2513 1292 nocte-surgi-

514 1315 619 1361 tur.
666 1309 927 1376 Quintum
974 1319 1057 1366 est
1100 1319 1332 1383 tempuS,
1367 1310 1421 1365 in
1454 1326 1561 1382 quo
1609 1311 1815 1382 Spiritu
1863 1310 2149 1383 paraclyto
2179 1310 2510 1376 confirmati,

510 1397 665 1467 quasi
694 1397 949 1452 ablactati
983 1399 1249 1472 incipiunt
1274 1401 1543 1470 jejunare,
1576 1404 1632 1454 et
1662 1398 1768 1454 alia
1798 1399 2038 1455 difficilia
2074 1398 2253 1454 lacere
2300 1403 2356 1452 et
2395 1413 2516 1452 ser-

512 1494 657 1548 vare,
687 1487 831 1557 quod
866 1487 1083 1543 videtur
1124 1487 1193 1543 ad
1236 1488 1428 1543 borum
1478 1488 1812 1560 propositum
1853 1489 2146 1560 pertinere,
2181 1487 2307 1558 quia
2334 1485 2514 1540 mani-

510 1571 645 1628 feste
675 1575 855 1646 agitur
880 1575 947 1631 de
976 1576 1165 1634 ordine
1192 1577 1512 1632 transeundi
1537 1592 1570 1632 a
1614 1575 1950 1632 facilioribus
1977 1575 2232 1649 operibus
2275 1575 2343 1630 ad
2369 1574 2516 1630 diffi-

513 1661 721 1718 ciliora.
782 1715 786 1720 .
1688 1657 1694 1664 ’

585 1753 681 1806 llic
710 1761 893 1809 autem
934 1771 1123 1810 eorum
1164 1770 1454 1827 processus
1495 1754 1786 1826 tripliciter
1815 1752 2020 1820 deficit,
2051 1753 2227 1825 primo
2269 1753 2510 1826 quidem,

514 1839 639 1909 quia
672 1839 776 1895 alia
806 1849 889 1897 est
918 1842 1057 1897 ratio
1078 1843 1136 1896 in
1170 1843 1251 1896 liis
1276 1857 1402 1912 quae
1441 1847 1636 1912 sponte
1668 1846 2039 1906 assumuntur,
2063 1840 2169 1896 alia
2194 1843 2246 1896 in
2275 1841 2360 1896 his
2393 1858 2516 1914 qum

513 1944 577 1982 cx
610 1929 935 1984 necessitate
966 1929 1313 1984 inducuntur.
1343 1930 1499 1993 Item,
1524 1934 1608 1982 est
1637 1927 1742 1982 alia
1773 1927 1915 1981 ratio
1939 1925 2007 1981 de
2042 1943 2214 1998 nuper
2241 1931 2518 1994 conversis

516 2016 582 2070 ad
610 2014 769 2071 lidum
800 2017 894 2090 qui
920 2017 1221 2088 suntquasi
1262 2017 1414 2087 pueri
1449 2015 1744 2078 nutriendi,
1776 2023 1942 2086 atque
1984 2013 2092 2070 alia
2133 2013 2223 2079 de,
2245 2017 2519 2088 poeniten-

518 2103 661 2160 tibus
703 2106 796 2176 qui
826 2113 966 2160 sunt·
989 2104 1145 2177 quasi
1192 2103 1389 2159 infirmi
1422 2103 1673 2159 sanandi.
1700 2103 1755 2158 Si
1787 2102 1954 2174 igitur
1984 2102 2152 2176 aliqui
2200 2102 2403 2160 fuerint
2449 2107 2518 2160 de

514 2208 653 2246 novo
684 2194 751 2248 ad
782 2194 941 2248 tidem
972 2193 1238 2259 conversi,
1273 2209 1377 2248 non
1407 2199 1534 2246 sunt
1575 2193 1656 2246 eis
1693 2207 1760 2247 ex
1807 2192 2133 2248 necessitate
2173 2208 2204 2248 a
2252 2194 2516 2265 principio

514 2280 751 2336 diflicilia
780 2282 1121 2353 imponenda,
1152 2281 1246 2336 sed
1283 2283 1518 2353 primum
1545 2281 1598 2336 in
1648 2280 1944 2336 levioribus
1973 2281 2327 2350 exercitandi,
2361 2288 2517 2352 post-

515 2369 735 2426 modum
760 2386 888 2426 vero
917 2376 1043 2426 sunt
1080 2371 1159 2424 eis
1188 2371 1426 2426 arctiora
1463 2369 1807 2444 imponenda,
1842 2371 1982 2425 sicut
2029 2370 2178 2441 pueri
2225 2371 2372 2442 prius
2412 2387 2516 2426 nu-

518 2459 755 2514 triuntur
784 2459 943 2525 lacte,
978 2459 1321 2531 postmodum
1352 2477 1482 2516 vero
1524 2459 1836 2515 durioribus
1862 2459 2017 2525 cibi3‚
2052 2467 2107 2514 ct
2152 2461 2203 2513 in
2248 2459 2346 2514 hoc
2385 2474 2516 2514 casu

518 2547 756 2620 loquitur
777 2549 990 2605 Glossa.
1022 2550 1075 2604 Si
1123 2555 1303 2605 tamen
1345 2565 1470 2602 mox
1512 2549 1760 2604 conversi
1791 2547 1860 2602 ad
1899 2547 2058 2602 tidem
2083 2553 2273 2620 sponte
2298 2548 2518 2620 propria

516 2636 785 2691 voluerint
818 2652 1037 2692 manum
1088 2637 1305 2691 mittere
1346 2636 1414 2690 ad
1455 2636 1669 2696 altiora,
1721 2637 1846 2708 quis
1885 2651 1978 2691 eos
2025 2635 2246 2691 audebit
2287 2635 2516 2691 arcere?

515 2725 582 2778 Et
628 2733 683 2780 ut
722 2725 789 2779 ab
822 2724 1067 2795 exemplo
1110 2723 1324 2779 Glossae
1354 2739 1460 2778 non
1490 2725 1828 2790 recedamus,
1862 2723 2005 2779 sicut
2057 2732 2178 2796 post
2221 2723 2516 2778 solemnem

516 2813 862 2883 baptismum,
886 2813 977 2883 qui
1010 2811 1069 2865 tit
1094 2810 1150 2866 in
1178 2812 1360 2882 vigilia
1388 2812 1629 2878 Paschae,
1653 2815 1905 2884 quaedam
1928 2813 2145 2884 requies
2171 2827 2201 2867 a
2231 2811 2518 2867 laboriosis

516 2901 768 2973 operibus
798 2901 1105 2970 indulgetur
1133 2908 1356 2973 propter
1395 2900 1655 2966 infirmoe,
1687 2901 1763 2957 ita
1797 2908 1928 2974 ‚post
1966 2901 2262 2956 solemnem
2301 2900 2519 2971 baptis-

516 3005 682 3053 mum,
710 2990 802 3060 qui
836 2988 890 3042 in
931 2986 1117 3060 vigilia
1150 2991 1501 3045 pentecostes
1530 2989 1856 3056 celebratur,
1881 2989 2070 3046 statim
2099 2989 2342 3045 Ecclesia
2367 2989 2522 3045 indi-

517 3080 591 3133 cit
636 3077 859 3148 jejunia,
909 3077 976 3132 ad
1026 3077 1444 3148 significandum
1495 3094 1588 3133 eos
1639 3078 1732 3151 qui
1785 3095 1849 3133 ex
1909 3077 2124 3134 fervore
2177 3077 2403 3150 spiritus
2459 3077 2515 3133 in

518 3167 783 3238 baptismo
812 3165 1049 3238 suscepti
1079 3168 1267 3222 statim
1297 3182 1356 3223 se
1381 3167 1602 3224 arctiori
1637 3169 1764 3224 vitae
1787 3167 2102 3238 subjiciunt.
2131 3167 2211 3224 De
2240 3166 2518 3240 poeniten-

518 3255 658 3309 tibus
688 3260 869 3308 autom
894 3261 976 3308 cst
1010 3253 1116 3310 alia
1146 3257 1306 3322 ratio,
1336 3257 1466 3329 quia
1497 3258 1576 3313 eis
1605 3273 1636 3312 a
1679 3257 1944 3328 principio
1993 3257 2294 3328 injungitur
2335 3255 2517 3326 poeni-

514 3342 683 3398 tentia
724 3343 942 3406 arctior,
974 3345 1318 3413 postmodum
1364 3362 1493 3401 vero
1534 3345 1794 3418 paulatim
1835 3345 2122 3417 levigatur,
2157 3346 2300 3400 sicut
2347 3345 2516 3400 etiam

513 3431 739 3487 infirmis
774 3445 897 3486 cum
935 3433 1118 3487 sanari
1166 3433 1508 3506 incoeperint‚
1554 3435 1756 3488 arctior
1807 3435 1976 3489 diaeta
2026 3433 2341 3504 imponitur,
2389 3447 2516 3504 quae

512 3519 851 3590 postmodum
880 3535 1003 3574 cum
1053 3521 1107 3575 in
1139 3521 1450 3577 valetudine
1493 3522 1838 3593 profecerint,
1863 3523 2182 3578 remittitur.
2207 3521 2516 3578 Secundum

512 3609 607 3662 lioc
638 3625 764 3680 ergo
796 3609 1037 3664 Ecclesia
1069 3611 1448 3666 innocentibus
1477 3627 1506 3665 a
1538 3611 1804 3682 principio
1845 3611 2050 3667 leviora
2088 3611 2317 3682 imponit
2349 3625 2515 3664 onera

511 3705 921 3767 pancorum-um,
966 3715 1091 3769 quae
1129 3716 1195 3755 ex
1238 3700 1568 3776 ,necessitate
1616 3709 1922 3766 servantur,
1977 3700 2206 3755 consilia
2262 3712 2388 3752 vero
2447 3714 2512 3752 ex

510 3786 831 3840 necessitate
851 3788 931 3842 eis
960 3787 1203 3844 Ecclesia
1251 3804 1357 3843 non
1393 3788 1640 3858 imponit,
1670 3803 1770 3842 nec
1819 3797 2002 3844 tamen
2046 3787 2318 3859 prohibet,
2353 3787 2398 3841 si
2449 3801 2516 3841 ca

508 3871 675 3931 velint
724 3876 945 3948 propria
978 3875 1261 3934 voluntate
1297 3891 1572 3932 assumere
1606 3893 1619 3931 :
1651 3876 2040 3949 poenitentibus
2085 3882 2268 3934 autem
2311 3891 2516 3940 secun-
