<?xml version="1.0" encoding="UTF-8"?>
<!DOCTYPE html PUBLIC "-//W3C//DTD XHTML 1.0 Transitional//EN"
    "http://www.w3.org/TR/xhtml1/DTD/xhtml1-transitional.dtd">
<html xmlns="http://www.w3.org/1999/xhtml" xml:lang="en" lang="en">
 <head>
  <title>
</title>
<meta http-equiv="Content-Type" content="text/html;charset=utf-8" />
  <meta name='ocr-system' content='tesseract 3.04.00' />
  <meta name='ocr-capabilities' content='ocr_page ocr_carea ocr_par ocr_line ocrx_word'/>
</head>
<body>
  <div class='ocr_page' id='page_1' title='image "./sthomaquinatisd01thomgoog_0419.png"; bbox 0 0 2784 4392; ppageno 0'>
   <div class='ocr_carea' id='block_1_1' title="bbox 797 336 2323 404">
    <p class='ocr_par' dir='ltr' id='par_1_1' title="bbox 797 336 2323 404">
     <span class='ocr_line' id='line_1_1' title="bbox 797 336 2323 404; baseline -0.002 -1"><span class='ocrx_word' id='word_1_1' title='bbox 797 358 906 404; x_wconf 81' lang='lat' dir='ltr'><strong>xv,</strong></span> <span class='ocrx_word' id='word_1_2' title='bbox 936 372 1016 389; x_wconf 91' lang='lat'>—</span> <span class='ocrx_word' id='word_1_3' title='bbox 1043 356 1122 403; x_wconf 70' lang='lat' dir='ltr'><strong>nn</strong></span> <span class='ocrx_word' id='word_1_4' title='bbox 1161 356 1465 403; x_wconf 70' lang='lat' dir='ltr'><strong>anamma</strong></span> <span class='ocrx_word' id='word_1_5' title='bbox 1508 356 1843 401; x_wconf 58' lang='lat' dir='ltr'><strong>rumenam</strong></span> <span class='ocrx_word' id='word_1_6' title='bbox 2201 336 2323 401; x_wconf 81' lang='lat'><strong>407</strong></span> 
     </span>
    </p>
   </div>
   <div class='ocr_carea' id='block_1_2' title="bbox 240 417 2369 3033">
    <p class='ocr_par' dir='ltr' id='par_1_2' title="bbox 295 417 2369 1880">
     <span class='ocr_line' id='line_1_2' title="bbox 300 417 2321 575; baseline -0.003 -43.943"><span class='ocrx_word' id='word_1_7' title='bbox 300 426 483 531; x_wconf 84' lang='lat' dir='ltr'><strong>morti</strong></span> <span class='ocrx_word' id='word_1_8' title='bbox 503 488 601 548; x_wconf 90' lang='lat' dir='ltr'><strong>pro</strong></span> <span class='ocrx_word' id='word_1_9' title='bbox 618 471 912 575; x_wconf 81' lang='lat' dir='ltr'><strong>republica,</strong></span> <span class='ocrx_word' id='word_1_10' title='bbox 933 417 1332 547; x_wconf 82' lang='lat' dir='ltr'><strong>sicutRegulus</strong></span> <span class='ocrx_word' id='word_1_11' title='bbox 1359 472 1503 547; x_wconf 88' lang='lat' dir='ltr'><strong>apud</strong></span> <span class='ocrx_word' id='word_1_12' title='bbox 1520 470 1744 540; x_wconf 84' lang='lat' dir='ltr'><strong>Poenos;</strong></span> <span class='ocrx_word' id='word_1_13' title='bbox 1766 470 1863 528; x_wconf 86' lang='lat' dir='ltr'><strong>sed</strong></span> <span class='ocrx_word' id='word_1_14' title='bbox 1892 468 2167 528; x_wconf 80' lang='lat' dir='ltr'><strong>habebant</strong></span> <span class='ocrx_word' id='word_1_15' title='bbox 2185 469 2321 526; x_wconf 88' lang='lat' dir='ltr'><strong>dicti</strong></span> 
     </span>
     <span class='ocr_line' id='line_1_3' title="bbox 316 559 2323 637; baseline -0.003 -16"><span class='ocrx_word' id='word_1_16' title='bbox 316 560 523 621; x_wconf 80' lang='lat' dir='ltr'><strong>milites</strong></span> <span class='ocrx_word' id='word_1_17' title='bbox 545 564 660 621; x_wconf 88' lang='lat' dir='ltr'><strong>sive</strong></span> <span class='ocrx_word' id='word_1_18' title='bbox 691 562 964 637; x_wconf 87' lang='lat' dir='ltr'><strong>principes</strong></span> <span class='ocrx_word' id='word_1_19' title='bbox 995 569 1205 636; x_wconf 87' lang='lat' dir='ltr'><strong>partem</strong></span> <span class='ocrx_word' id='word_1_20' title='bbox 1230 563 1473 628; x_wconf 80' lang='lat' dir='ltr'><strong>virtutiS,</strong></span> <span class='ocrx_word' id='word_1_21' title='bbox 1502 577 1670 635; x_wconf 87' lang='lat' dir='ltr'><strong>quam</strong></span> <span class='ocrx_word' id='word_1_22' title='bbox 1693 559 2051 633; x_wconf 77' lang='lat' dir='ltr'><strong>Philosophus</strong></span> <span class='ocrx_word' id='word_1_23' title='bbox 2076 560 2323 632; x_wconf 78' lang='lat' dir='ltr'>increpat</span> 
     </span>
     <span class='ocr_line' id='line_1_4' title="bbox 316 640 2323 727; baseline -0.003 -17"><span class='ocrx_word' id='word_1_24' title='bbox 316 652 373 710; x_wconf 90' lang='lat' dir='ltr'><strong>in</strong></span> <span class='ocrx_word' id='word_1_25' title='bbox 399 640 498 709; x_wconf 77' lang='lat' dir='ltr'><strong>sua</strong></span> <span class='ocrx_word' id='word_1_26' title='bbox 523 652 774 713; x_wconf 83' lang='lat' dir='ltr'><strong>Politica.</strong></span> <span class='ocrx_word' id='word_1_27' title='bbox 803 652 1102 725; x_wconf 79' lang='lat' dir='ltr'><strong>Distinguit</strong></span> <span class='ocrx_word' id='word_1_28' title='bbox 1135 652 1280 709; x_wconf 89' lang='lat' dir='ltr'><strong>enim</strong></span> <span class='ocrx_word' id='word_1_29' title='bbox 1314 649 1670 727; x_wconf 69' lang='lat' dir='ltr'><strong>Aristoteles·</strong></span> <span class='ocrx_word' id='word_1_30' title='bbox 1657 668 1712 707; x_wconf 78' lang='lat' dir='ltr'><strong>in</strong></span> <span class='ocrx_word' id='word_1_31' title='bbox 1732 650 1805 706; x_wconf 84' lang='lat'><strong>111</strong></span> <span class='ocrx_word' id='word_1_32' title='bbox 1834 649 2016 707; x_wconf 68' lang='lat' dir='ltr'><strong>Echio.</strong></span> <span class='ocrx_word' id='word_1_33' title='bbox 2046 649 2323 723; x_wconf 80' lang='lat' dir='ltr'><strong>duplicem</strong></span> 
     </span>
     <span class='ocr_line' id='line_1_5' title="bbox 312 738 2326 815; baseline -0.002 -17"><span class='ocrx_word' id='word_1_34' title='bbox 312 740 712 810; x_wconf 73' lang='lat' dir='ltr'><strong>fortitudinem,</strong></span> <span class='ocrx_word' id='word_1_35' title='bbox 727 757 958 815; x_wconf 86' lang='lat' dir='ltr'><strong>quarum</strong></span> <span class='ocrx_word' id='word_1_36' title='bbox 981 741 1211 798; x_wconf 88' lang='lat' dir='ltr'><strong>alteram</strong></span> <span class='ocrx_word' id='word_1_37' title='bbox 1228 739 1315 797; x_wconf 88' lang='lat' dir='ltr'><strong>hic</strong></span> <span class='ocrx_word' id='word_1_38' title='bbox 1332 740 1527 812; x_wconf 83' lang='lat' dir='ltr'><strong>tangit,</strong></span> <span class='ocrx_word' id='word_1_39' title='bbox 1544 755 1670 812; x_wconf 83' lang='lat' dir='ltr'><strong>quae</strong></span> <span class='ocrx_word' id='word_1_40' title='bbox 1688 738 1941 795; x_wconf 82' lang='lat' dir='ltr'><strong>militaris</strong></span> <span class='ocrx_word' id='word_1_41' title='bbox 1958 738 2178 804; x_wconf 86' lang='lat' dir='ltr'><strong>dicitur,</strong></span> <span class='ocrx_word' id='word_1_42' title='bbox 2198 750 2326 810; x_wconf 80' lang='lat' dir='ltr'><strong>quoe</strong></span> 
     </span>
     <span class='ocr_line' id='line_1_6' title="bbox 295 828 2325 907; baseline -0.002 -22"><span class='ocrx_word' id='word_1_43' title='bbox 295 829 445 907; x_wconf 23' lang='lat' dir='ltr'><strong>*solis</strong></span> <span class='ocrx_word' id='word_1_44' title='bbox 473 830 680 887; x_wconf 90' lang='lat' dir='ltr'><strong>viribus</strong></span> <span class='ocrx_word' id='word_1_45' title='bbox 706 830 958 904; x_wconf 76' lang='lat' dir='ltr'><strong>innititur</strong></span> <span class='ocrx_word' id='word_1_46' title='bbox 987 830 1249 903; x_wconf 77' lang='lat' dir='ltr'><strong>corporiS‚</strong></span> <span class='ocrx_word' id='word_1_47' title='bbox 1279 836 1339 885; x_wconf 88' lang='lat' dir='ltr'><strong>et</strong></span> <span class='ocrx_word' id='word_1_48' title='bbox 1371 828 1511 886; x_wconf 90' lang='lat' dir='ltr'><strong>hanc</strong></span> <span class='ocrx_word' id='word_1_49' title='bbox 1540 828 1896 901; x_wconf 80' lang='lat' dir='ltr'><strong>Philosophus</strong></span> <span class='ocrx_word' id='word_1_50' title='bbox 1922 834 2084 883; x_wconf 87' lang='lat' dir='ltr'><strong>vocat</strong></span> <span class='ocrx_word' id='word_1_51' title='bbox 2111 831 2325 899; x_wconf 85' lang='lat' dir='ltr'><strong>partem</strong></span> 
     </span>
     <span class='ocr_line' id='line_1_7' title="bbox 312 915 2330 993; baseline -0.002 -20"><span class='ocrx_word' id='word_1_52' title='bbox 312 918 532 975; x_wconf 84' lang='lat' dir='ltr'><strong>virtutis</strong></span> <span class='ocrx_word' id='word_1_53' title='bbox 557 920 672 975; x_wconf 90' lang='lat' dir='ltr'><strong>sive</strong></span> <span class='ocrx_word' id='word_1_54' title='bbox 701 919 1056 987; x_wconf 76' lang='lat' dir='ltr'><strong>fortitudinia,</strong></span> <span class='ocrx_word' id='word_1_55' title='bbox 1088 920 1220 993; x_wconf 90' lang='lat' dir='ltr'><strong>quia</strong></span> <span class='ocrx_word' id='word_1_56' title='bbox 1243 918 1543 992; x_wconf 89' lang='lat' dir='ltr'><strong>requiritur</strong></span> <span class='ocrx_word' id='word_1_57' title='bbox 1582 918 1857 985; x_wconf 86' lang='lat' dir='ltr'><strong>interdum</strong></span> <span class='ocrx_word' id='word_1_58' title='bbox 1886 917 1940 973; x_wconf 90' lang='lat' dir='ltr'><strong>in</strong></span> <span class='ocrx_word' id='word_1_59' title='bbox 1989 931 2120 973; x_wconf 83' lang='lat' dir='ltr'><strong>vera</strong></span> <span class='ocrx_word' id='word_1_60' title='bbox 2161 915 2330 972; x_wconf 77' lang='lat' dir='ltr'><strong>sorti·</strong></span> 
     </span>
     <span class='ocr_line' id='line_1_8' title="bbox 315 1002 2369 1082; baseline -0.001 -21"><span class='ocrx_word' id='word_1_61' title='bbox 315 1008 524 1065; x_wconf 88' lang='lat' dir='ltr'><strong>tudine.</strong></span> <span class='ocrx_word' id='word_1_62' title='bbox 551 1008 672 1065; x_wconf 83' lang='lat' dir='ltr'><strong>Alia</strong></span> <span class='ocrx_word' id='word_1_63' title='bbox 709 1013 792 1064; x_wconf 87' lang='lat' dir='ltr'><strong>est</strong></span> <span class='ocrx_word' id='word_1_64' title='bbox 816 1022 942 1082; x_wconf 85' lang='lat' dir='ltr'><strong>quae</strong></span> <span class='ocrx_word' id='word_1_65' title='bbox 969 1008 1148 1081; x_wconf 85' lang='lat' dir='ltr'><strong>gratia</strong></span> <span class='ocrx_word' id='word_1_66' title='bbox 1178 1007 1494 1079; x_wconf 82' lang='lat' dir='ltr'><strong>reipublicae</strong></span> <span class='ocrx_word' id='word_1_67' title='bbox 1534 1022 1594 1063; x_wconf 87' lang='lat' dir='ltr'><strong>se</strong></span> <span class='ocrx_word' id='word_1_68' title='bbox 1634 1006 1877 1079; x_wconf 83' lang='lat' dir='ltr'><strong>exponit,</strong></span> <span class='ocrx_word' id='word_1_69' title='bbox 1907 1011 1963 1062; x_wconf 86' lang='lat' dir='ltr'><strong>et</strong></span> <span class='ocrx_word' id='word_1_70' title='bbox 2010 1020 2117 1061; x_wconf 88' lang='lat' dir='ltr'><strong>non</strong></span> <span class='ocrx_word' id='word_1_71' title='bbox 2154 1002 2323 1070; x_wconf 86' lang='lat' dir='ltr'><strong>cedit,</strong></span> <span class='ocrx_word' id='word_1_72' title='bbox 2364 1060 2369 1065; x_wconf 76' lang='grc'><strong>,</strong></span> 
     </span>
     <span class='ocr_line' id='line_1_9' title="bbox 315 1083 2325 1169; baseline -0.003 -17"><span class='ocrx_word' id='word_1_73' title='bbox 315 1112 492 1169; x_wconf 87' lang='lat' dir='ltr'><strong>neque</strong></span> <span class='ocrx_word' id='word_1_74' title='bbox 520 1096 660 1168; x_wconf 85' lang='lat' dir='ltr'><strong>fugit</strong></span> <span class='ocrx_word' id='word_1_75' title='bbox 683 1095 942 1169; x_wconf 85' lang='lat' dir='ltr'><strong>periculis</strong></span> <span class='ocrx_word' id='word_1_76' title='bbox 980 1096 1441 1161; x_wconf 78' lang='lat' dir='ltr'><strong>excrescentibus,</strong></span> <span class='ocrx_word' id='word_1_77' title='bbox 1473 1096 1543 1153; x_wconf 91' lang='lat' dir='ltr'><strong>de</strong></span> <span class='ocrx_word' id='word_1_78' title='bbox 1565 1111 1675 1169; x_wconf 90' lang='lat' dir='ltr'><strong>qua</strong></span> <span class='ocrx_word' id='word_1_79' title='bbox 1702 1096 1909 1155; x_wconf 82' lang='lat' dir='ltr'><strong>Seneca</strong></span> <span class='ocrx_word' id='word_1_80' title='bbox 1935 1092 2073 1151; x_wconf 86' lang='lat' dir='ltr'><strong>dicit</strong></span> <span class='ocrx_word' id='word_1_81' title='bbox 2099 1083 2325 1163; x_wconf 70' lang='lat' dir='ltr'><strong>inlibro</strong></span> 
     </span>
     <span class='ocr_line' id='line_1_10' title="bbox 316 1181 2329 1259; baseline -0.002 -18"><span class='ocrx_word' id='word_1_82' title='bbox 316 1185 396 1241; x_wconf 80' lang='lat' dir='ltr'><strong>De</strong></span> <span class='ocrx_word' id='word_1_83' title='bbox 439 1185 540 1241; x_wconf 77' lang='lat' dir='ltr'><strong>Dei</strong></span> <span class='ocrx_word' id='word_1_84' title='bbox 590 1184 936 1259; x_wconf 80' lang='lat' dir='ltr'><strong>providentia</strong></span> <span class='ocrx_word' id='word_1_85' title='bbox 963 1202 984 1244; x_wconf 91' lang='lat'><strong>.·</strong></span> <span class='ocrx_word' id='word_1_86' title='bbox 1027 1206 1054 1239; x_wconf 76' lang='grc' dir='ltr'>α</span> <span class='ocrx_word' id='word_1_87' title='bbox 1099 1184 1467 1253; x_wconf 85' lang='lat' dir='ltr'><strong>Fortissimos,</strong></span> <span class='ocrx_word' id='word_1_88' title='bbox 1515 1185 1712 1258; x_wconf 87' lang='lat' dir='ltr'><strong>inquit,</strong></span> <span class='ocrx_word' id='word_1_89' title='bbox 1754 1184 1855 1240; x_wconf 90' lang='lat' dir='ltr'><strong>sibi</strong></span> <span class='ocrx_word' id='word_1_90' title='bbox 1903 1198 2061 1257; x_wconf 87' lang='lat' dir='ltr'><strong>pares</strong></span> <span class='ocrx_word' id='word_1_91' title='bbox 2108 1181 2329 1239; x_wconf 81' lang='lat' dir='ltr'><strong>fortuna</strong></span> 
     </span>
     <span class='ocr_line' id='line_1_11' title="bbox 315 1270 2324 1347; baseline -0.002 -18"><span class='ocrx_word' id='word_1_92' title='bbox 315 1274 534 1347; x_wconf 83' lang='lat' dir='ltr'><strong>quaerit.</strong></span> <span class='ocrx_word' id='word_1_93' title='bbox 581 1276 824 1347; x_wconf 77' lang='lat' dir='ltr'><strong>»Ignem</strong></span> <span class='ocrx_word' id='word_1_94' title='bbox 864 1273 1144 1347; x_wconf 86' lang='lat' dir='ltr'><strong>experitur</strong></span> <span class='ocrx_word' id='word_1_95' title='bbox 1191 1274 1248 1330; x_wconf 88' lang='lat' dir='ltr'><strong>in</strong></span> <span class='ocrx_word' id='word_1_96' title='bbox 1289 1273 1481 1341; x_wconf 81' lang='lat' dir='ltr'><strong>Mulie,</strong></span> <span class='ocrx_word' id='word_1_97' title='bbox 1516 1279 1896 1347; x_wconf 76' lang='lat' dir='ltr'><strong>paupertatem</strong></span> <span class='ocrx_word' id='word_1_98' title='bbox 1937 1274 1993 1328; x_wconf 88' lang='lat' dir='ltr'><strong>in</strong></span> <span class='ocrx_word' id='word_1_99' title='bbox 2048 1270 2324 1336; x_wconf 82' lang='lat' dir='ltr'><strong>Fabricio,</strong></span> 
     </span>
     <span class='ocr_line' id='line_1_12' title="bbox 315 1358 2321 1435; baseline -0.003 -16"><span class='ocrx_word' id='word_1_100' title='bbox 315 1362 535 1419; x_wconf 81' lang='lat' dir='ltr'><strong>exilium</strong></span> <span class='ocrx_word' id='word_1_101' title='bbox 582 1364 638 1419; x_wconf 91' lang='lat' dir='ltr'><strong>in</strong></span> <span class='ocrx_word' id='word_1_102' title='bbox 685 1362 912 1430; x_wconf 89' lang='lat' dir='ltr'><strong>Rutilio,</strong></span> <span class='ocrx_word' id='word_1_103' title='bbox 959 1370 1231 1422; x_wconf 86' lang='lat' dir='ltr'><strong>tormenta</strong></span> <span class='ocrx_word' id='word_1_104' title='bbox 1278 1363 1334 1419; x_wconf 91' lang='lat' dir='ltr'><strong>in</strong></span> <span class='ocrx_word' id='word_1_105' title='bbox 1385 1362 1614 1435; x_wconf 85' lang='lat' dir='ltr'><strong>Regulo,</strong></span> <span class='ocrx_word' id='word_1_106' title='bbox 1642 1358 1912 1419; x_wconf 75' lang='lat' dir='ltr'><strong>venenum</strong></span> <span class='ocrx_word' id='word_1_107' title='bbox 1966 1360 2022 1416; x_wconf 88' lang='lat' dir='ltr'><strong>in</strong></span> <span class='ocrx_word' id='word_1_108' title='bbox 2071 1362 2321 1425; x_wconf 87' lang='lat' dir='ltr'><strong>Socrate,</strong></span> 
     </span>
     <span class='ocr_line' id='line_1_13' title="bbox 314 1448 2323 1524; baseline -0.002 -16"><span class='ocrx_word' id='word_1_109' title='bbox 314 1461 548 1510; x_wconf 88' lang='lat' dir='ltr'><strong>mortem</strong></span> <span class='ocrx_word' id='word_1_110' title='bbox 577 1453 631 1509; x_wconf 90' lang='lat' dir='ltr'><strong>in</strong></span> <span class='ocrx_word' id='word_1_111' title='bbox 666 1453 904 1521; x_wconf 87' lang='lat' dir='ltr'><strong>Catone;</strong></span> <span class='ocrx_word' id='word_1_112' title='bbox 933 1456 992 1507; x_wconf 88' lang='lat' dir='ltr'><strong>et</strong></span> <span class='ocrx_word' id='word_1_113' title='bbox 1019 1451 1086 1507; x_wconf 88' lang='lat' dir='ltr'><strong>de</strong></span> <span class='ocrx_word' id='word_1_114' title='bbox 1131 1466 1240 1524; x_wconf 89' lang='lat' dir='ltr'><strong>qua</strong></span> <span class='ocrx_word' id='word_1_115' title='bbox 1287 1451 1455 1509; x_wconf 83' lang='lat' dir='ltr'><strong>etiam</strong></span> <span class='ocrx_word' id='word_1_116' title='bbox 1492 1449 1694 1508; x_wconf 88' lang='lat' dir='ltr'><strong>dicitur</strong></span> <span class='ocrx_word' id='word_1_117' title='bbox 1720 1451 1775 1506; x_wconf 87' lang='lat' dir='ltr'><strong>in</strong></span> <span class='ocrx_word' id='word_1_118' title='bbox 1811 1448 2105 1507; x_wconf 85' lang='lat' dir='ltr'><strong>IMachab.</strong></span> <span class='ocrx_word' id='word_1_119' title='bbox 2136 1464 2199 1513; x_wconf 88' lang='lat'><strong>11,</strong></span> <span class='ocrx_word' id='word_1_120' title='bbox 2232 1450 2323 1514; x_wconf 84' lang='lat'><strong>66,</strong></span> 
     </span>
     <span class='ocr_line' id='line_1_14' title="bbox 315 1528 2326 1613; baseline -0.003 -17"><span class='ocrx_word' id='word_1_121' title='bbox 315 1546 536 1613; x_wconf 90' lang='lat' dir='ltr'><strong>propter</strong></span> <span class='ocrx_word' id='word_1_122' title='bbox 562 1539 920 1597; x_wconf 88' lang='lat' dir='ltr'><strong>Mathathiam</strong></span> <span class='ocrx_word' id='word_1_123' title='bbox 948 1538 1016 1595; x_wconf 88' lang='lat' dir='ltr'><strong>de</strong></span> <span class='ocrx_word' id='word_1_124' title='bbox 1045 1538 1156 1595; x_wconf 85' lang='lat' dir='ltr'><strong>filio</strong></span> <span class='ocrx_word' id='word_1_125' title='bbox 1184 1556 1198 1593; x_wconf 75' lang='lat' dir='ltr'><strong>t</strong></span> <span class='ocrx_word' id='word_1_126' title='bbox 1229 1532 1820 1612; x_wconf 75' lang='lat' dir='ltr'><strong>Iudas,inquit,‘fortis</strong></span> <span class='ocrx_word' id='word_1_127' title='bbox 1842 1537 2050 1593; x_wconf 75' lang='lat' dir='ltr'><strong>viribus</strong></span> <span class='ocrx_word' id='word_1_128' title='bbox 2077 1553 2109 1591; x_wconf 87' lang='lat' dir='ltr'><strong>a</strong></span> <span class='ocrx_word' id='word_1_129' title='bbox 2126 1528 2326 1607; x_wconf 71' lang='lat' dir='ltr'><strong>Juv&#39;en‘-</strong></span> 
     </span>
     <span class='ocr_line' id='line_1_15' title="bbox 319 1622 2322 1700; baseline -0.004 -13"><span class='ocrx_word' id='word_1_130' title='bbox 319 1636 429 1687; x_wconf 80' lang='lat' dir='ltr'><strong>tute</strong></span> <span class='ocrx_word' id='word_1_131' title='bbox 454 1644 554 1685; x_wconf 75' lang='lat' dir='ltr'><strong>sua</strong></span> <span class='ocrx_word' id='word_1_132' title='bbox 575 1628 648 1684; x_wconf 74' lang='lat' dir='ltr'><strong>sit</strong></span> <span class='ocrx_word' id='word_1_133' title='bbox 675 1626 820 1683; x_wconf 77' lang='lat' dir='ltr'><strong>vobis</strong></span> <span class='ocrx_word' id='word_1_134' title='bbox 839 1628 1112 1700; x_wconf 78' lang='lat' dir='ltr'><strong>princeps,</strong></span> <span class='ocrx_word' id='word_1_135' title='bbox 1143 1633 1195 1683; x_wconf 80' lang='lat' dir='ltr'><strong>et</strong></span> <span class='ocrx_word' id='word_1_136' title='bbox 1219 1622 1338 1699; x_wconf 75' lang='lat' dir='ltr'><strong>&#39;ipse</strong></span> <span class='ocrx_word' id='word_1_137' title='bbox 1365 1634 1484 1700; x_wconf 66' lang='lat' dir='ltr'><strong>aget</strong></span> <span class='ocrx_word' id='word_1_138' title='bbox 1512 1625 1645 1682; x_wconf 81' lang='lat' dir='ltr'><strong>bella</strong></span> <span class='ocrx_word' id='word_1_139' title='bbox 1672 1626 1861 1699; x_wconf 75' lang='lat' dir='ltr'><strong>populi</strong></span> <span class='ocrx_word' id='word_1_140' title='bbox 1876 1642 1897 1693; x_wconf 91' lang='lat'><strong>‚·</strong></span> <span class='ocrx_word' id='word_1_141' title='bbox 1922 1640 2019 1698; x_wconf 88' lang='lat' dir='ltr'><strong>pro</strong></span> <span class='ocrx_word' id='word_1_142' title='bbox 2050 1640 2158 1697; x_wconf 89' lang='lat' dir='ltr'><strong>qua</strong></span> <span class='ocrx_word' id='word_1_143' title='bbox 2188 1624 2322 1679; x_wconf 86' lang='lat' dir='ltr'><strong>hos-</strong></span> 
     </span>
     <span class='ocr_line' id='line_1_16' title="bbox 318 1710 2315 1789; baseline -0.002 -16"><span class='ocrx_word' id='word_1_144' title='bbox 318 1717 481 1785; x_wconf 75' lang='lat' dir='ltr'><strong>tibae,</strong></span> <span class='ocrx_word' id='word_1_145' title='bbox 496 1718 675 1789; x_wconf 82' lang='lat' dir='ltr'><strong>gratia</strong></span> <span class='ocrx_word' id='word_1_146' title='bbox 695 1716 1010 1789; x_wconf 86' lang='lat' dir='ltr'><strong>reipublicae</strong></span> <span class='ocrx_word' id='word_1_147' title='bbox 1033 1730 1139 1773; x_wconf 89' lang='lat' dir='ltr'><strong>non</strong></span> <span class='ocrx_word' id='word_1_148' title='bbox 1168 1716 1386 1784; x_wconf 68' lang='lat' dir='ltr'><strong>cedem,</strong></span> <span class='ocrx_word' id='word_1_149' title='bbox 1406 1715 1504 1773; x_wconf 89' lang='lat' dir='ltr'><strong>sed</strong></span> <span class='ocrx_word' id='word_1_150' title='bbox 1534 1730 1631 1789; x_wconf 90' lang='lat' dir='ltr'><strong>pro</strong></span> <span class='ocrx_word' id='word_1_151' title='bbox 1658 1731 1725 1773; x_wconf 88' lang='lat' dir='ltr'><strong>ea</strong></span> <span class='ocrx_word' id='word_1_152' title='bbox 1752 1714 2047 1771; x_wconf 87' lang='lat' dir='ltr'><strong>dissolutus</strong></span> <span class='ocrx_word' id='word_1_153' title='bbox 2072 1712 2237 1771; x_wconf 89' lang='lat' dir='ltr'><strong>corde</strong></span> <span class='ocrx_word' id='word_1_154' title='bbox 2259 1710 2315 1769; x_wconf 84' lang='lat' dir='ltr'><strong>in</strong></span> 
     </span>
     <span class='ocr_line' id='line_1_17' title="bbox 317 1796 1094 1880; baseline -0.005 -13"><span class='ocrx_word' id='word_1_155' title='bbox 317 1796 788 1880; x_wconf 62' lang='lat' dir='ltr'><strong>caede‘oppressus</strong></span> <span class='ocrx_word' id='word_1_156' title='bbox 815 1804 1094 1865; x_wconf 85' lang='lat' dir='ltr'><strong>occubuit.</strong></span> 
     </span>
    </p>

    <p class='ocr_par' dir='ltr' id='par_1_3' title="bbox 388 1882 2327 1967">
     <span class='ocr_line' id='line_1_18' title="bbox 388 1882 2327 1967; baseline -0.001 -15"><span class='ocrx_word' id='word_1_157' title='bbox 388 1896 568 1952; x_wconf 80' lang='lat' dir='ltr'><strong>Prima</strong></span> <span class='ocrx_word' id='word_1_158' title='bbox 597 1902 780 1953; x_wconf 83' lang='lat' dir='ltr'><strong>autem</strong></span> <span class='ocrx_word' id='word_1_159' title='bbox 809 1893 1072 1951; x_wconf 76' lang='lat' dir='ltr'><strong>fortitudo</strong></span> <span class='ocrx_word' id='word_1_160' title='bbox 1101 1899 1187 1951; x_wconf 88' lang='lat' dir='ltr'><strong>est</strong></span> <span class='ocrx_word' id='word_1_161' title='bbox 1223 1884 1564 1967; x_wconf 82' lang='lat' dir='ltr'><strong>imperfecta,</strong></span> <span class='ocrx_word' id='word_1_162' title='bbox 1595 1893 1835 1951; x_wconf 90' lang='lat' dir='ltr'><strong>secunda</strong></span> <span class='ocrx_word' id='word_1_163' title='bbox 1878 1899 2061 1950; x_wconf 88' lang='lat' dir='ltr'><strong>autem</strong></span> <span class='ocrx_word' id='word_1_164' title='bbox 2110 1882 2327 1965; x_wconf 77' lang='lat' dir='ltr'><strong>perfec·</strong></span> 
     </span>
    </p>

    <p class='ocr_par' dir='ltr' id='par_1_4' title="bbox 240 1980 2328 3033">
     <span class='ocr_line' id='line_1_19' title="bbox 319 1980 2327 2057; baseline -0.001 -17"><span class='ocrx_word' id='word_1_165' title='bbox 319 1984 533 2043; x_wconf 88' lang='lat' dir='ltr'><strong>tissima</strong></span> <span class='ocrx_word' id='word_1_166' title='bbox 555 1984 752 2042; x_wconf 77' lang='lat' dir='ltr'><strong>virtus·</strong></span> <span class='ocrx_word' id='word_1_167' title='bbox 778 1987 1070 2041; x_wconf 79' lang='lat' dir='ltr'><strong>Assumere</strong></span> <span class='ocrx_word' id='word_1_168' title='bbox 1101 1984 1268 2057; x_wconf 85' lang='lat' dir='ltr'><strong>igitur</strong></span> <span class='ocrx_word' id='word_1_169' title='bbox 1297 1982 1367 2041; x_wconf 86' lang='lat' dir='ltr'><strong>ad</strong></span> <span class='ocrx_word' id='word_1_170' title='bbox 1395 1981 1710 2041; x_wconf 87' lang='lat' dir='ltr'><strong>bellandum</strong></span> <span class='ocrx_word' id='word_1_171' title='bbox 1732 1980 1851 2039; x_wconf 80' lang='lat' dir='ltr'><strong>sive</strong></span> <span class='ocrx_word' id='word_1_172' title='bbox 1878 1980 2181 2055; x_wconf 83' lang='lat' dir='ltr'><strong>principem</strong></span> <span class='ocrx_word' id='word_1_173' title='bbox 2207 1980 2327 2039; x_wconf 61' lang='lat' dir='ltr'><strong>sive</strong></span> 
     </span>
     <span class='ocr_line' id='line_1_20' title="bbox 318 2070 2327 2148; baseline -0 -19"><span class='ocrx_word' id='word_1_174' title='bbox 318 2089 716 2148; x_wconf 88' lang='lat' dir='ltr'><strong>quemcumque</strong></span> <span class='ocrx_word' id='word_1_175' title='bbox 745 2073 975 2144; x_wconf 78' lang='lat' dir='ltr'><strong>militem</strong></span> <span class='ocrx_word' id='word_1_176' title='bbox 1003 2073 1245 2146; x_wconf 87' lang='lat' dir='ltr'><strong>qui-non</strong></span> <span class='ocrx_word' id='word_1_177' title='bbox 1267 2073 1341 2129; x_wconf 88' lang='lat' dir='ltr'><strong>sit</strong></span> <span class='ocrx_word' id='word_1_178' title='bbox 1363 2072 1523 2130; x_wconf 80' lang='lat' dir='ltr'><strong>sortis</strong></span> <span class='ocrx_word' id='word_1_179' title='bbox 1562 2070 1805 2129; x_wconf 88' lang='lat' dir='ltr'><strong>secunda</strong></span> <span class='ocrx_word' id='word_1_180' title='bbox 1845 2070 2186 2140; x_wconf 79' lang='lat' dir='ltr'><strong>fortitudine,</strong></span> <span class='ocrx_word' id='word_1_181' title='bbox 2216 2084 2327 2128; x_wconf 86' lang='lat' dir='ltr'><strong>non</strong></span> 
     </span>
     <span class='ocr_line' id='line_1_21' title="bbox 320 2156 2328 2235; baseline -0.001 -16"><span class='ocrx_word' id='word_1_182' title='bbox 320 2170 400 2219; x_wconf 83' lang='lat' dir='ltr'><strong>est</strong></span> <span class='ocrx_word' id='word_1_183' title='bbox 425 2161 582 2219; x_wconf 84' lang='lat' dir='ltr'><strong>bonae</strong></span> <span class='ocrx_word' id='word_1_184' title='bbox 607 2161 829 2235; x_wconf 86' lang='lat' dir='ltr'><strong>politiae,</strong></span> <span class='ocrx_word' id='word_1_185' title='bbox 863 2162 991 2234; x_wconf 89' lang='lat' dir='ltr'><strong>quia</strong></span> <span class='ocrx_word' id='word_1_186' title='bbox 1021 2162 1224 2234; x_wconf 82' lang='lat' dir='ltr'><strong>saepius</strong></span> <span class='ocrx_word' id='word_1_187' title='bbox 1242 2156 1390 2218; x_wconf 65' lang='lat' dir='ltr'><strong>&#39;tales</strong></span> <span class='ocrx_word' id='word_1_188' title='bbox 1417 2168 1813 2218; x_wconf 85' lang='lat' dir='ltr'><strong>convertuntur</strong></span> <span class='ocrx_word' id='word_1_189' title='bbox 1838 2160 1895 2217; x_wconf 86' lang='lat' dir='ltr'><strong>in</strong></span> <span class='ocrx_word' id='word_1_190' title='bbox 1923 2166 2207 2235; x_wconf 79' lang='lat' dir='ltr'><strong>tyrannoS,</strong></span> <span class='ocrx_word' id='word_1_191' title='bbox 2234 2160 2328 2218; x_wconf 83' lang='lat' dir='ltr'><strong>vel</strong></span> 
     </span>
     <span class='ocr_line' id='line_1_22' title="bbox 319 2249 2326 2325; baseline 0 -18"><span class='ocrx_word' id='word_1_192' title='bbox 319 2251 572 2325; x_wconf 85' lang='lat' dir='ltr'><strong>periculis</strong></span> <span class='ocrx_word' id='word_1_193' title='bbox 601 2250 826 2320; x_wconf 87' lang='lat' dir='ltr'><strong>cedunt,</strong></span> <span class='ocrx_word' id='word_1_194' title='bbox 850 2258 912 2307; x_wconf 88' lang='lat' dir='ltr'><strong>ut</strong></span> <span class='ocrx_word' id='word_1_195' title='bbox 935 2251 1256 2325; x_wconf 31' lang='lat' dir='ltr'><strong>dictum-est</strong></span> <span class='ocrx_word' id='word_1_196' title='bbox 1279 2266 1465 2325; x_wconf 87' lang='lat' dir='ltr'><strong>supra.</strong></span> <span class='ocrx_word' id='word_1_197' title='bbox 1490 2250 1647 2318; x_wconf 83' lang='lat' dir='ltr'><strong>Item,</strong></span> <span class='ocrx_word' id='word_1_198' title='bbox 1680 2266 1748 2306; x_wconf 82' lang='lat' dir='ltr'><strong>ex</strong></span> <span class='ocrx_word' id='word_1_199' title='bbox 1775 2249 1965 2306; x_wconf 88' lang='lat' dir='ltr'><strong>eadem</strong></span> <span class='ocrx_word' id='word_1_200' title='bbox 1986 2265 2173 2318; x_wconf 89' lang='lat' dir='ltr'><strong>causa,</strong></span> <span class='ocrx_word' id='word_1_201' title='bbox 2193 2250 2326 2324; x_wconf 87' lang='lat' dir='ltr'><strong>quia</strong></span> 
     </span>
     <span class='ocr_line' id='line_1_23' title="bbox 318 2336 2319 2414; baseline 0.002 -21"><span class='ocrx_word' id='word_1_202' title='bbox 318 2340 574 2396; x_wconf 89' lang='lat' dir='ltr'><strong>videlicet</strong></span> <span class='ocrx_word' id='word_1_203' title='bbox 601 2340 852 2412; x_wconf 88' lang='lat' dir='ltr'><strong>princeps</strong></span> <span class='ocrx_word' id='word_1_204' title='bbox 870 2353 992 2395; x_wconf 89' lang='lat' dir='ltr'><strong>-non</strong></span> <span class='ocrx_word' id='word_1_205' title='bbox 1021 2345 1316 2414; x_wconf 88' lang='lat' dir='ltr'><strong>perpetuus</strong></span> <span class='ocrx_word' id='word_1_206' title='bbox 1345 2346 1485 2404; x_wconf 87' lang='lat' dir='ltr'><strong>erat,</strong></span> <span class='ocrx_word' id='word_1_207' title='bbox 1512 2353 1617 2395; x_wconf 89' lang='lat' dir='ltr'><strong>nec</strong></span> <span class='ocrx_word' id='word_1_208' title='bbox 1646 2336 1719 2395; x_wconf 91' lang='lat' dir='ltr'><strong>ad</strong></span> <span class='ocrx_word' id='word_1_209' title='bbox 1744 2338 1917 2395; x_wconf 88' lang='lat' dir='ltr'><strong>vitam</strong></span> <span class='ocrx_word' id='word_1_210' title='bbox 1945 2338 2319 2411; x_wconf 85' lang='lat' dir='ltr'><strong>contingebat,</strong></span> 
     </span>
     <span class='ocr_line' id='line_1_24' title="bbox 240 2418 2321 2503; baseline 0 -19"><span class='ocrx_word' id='word_1_211' title='bbox 240 2464 246 2470; x_wconf 93' lang='lat'><em>-</em></span> <span class='ocrx_word' id='word_1_212' title='bbox 317 2428 464 2503; x_wconf 88' lang='lat' dir='ltr'><strong>quod</strong></span> <span class='ocrx_word' id='word_1_213' title='bbox 487 2444 590 2484; x_wconf 89' lang='lat' dir='ltr'><strong>non</strong></span> <span class='ocrx_word' id='word_1_214' title='bbox 607 2436 762 2485; x_wconf 87' lang='lat' dir='ltr'><strong>erant</strong></span> <span class='ocrx_word' id='word_1_215' title='bbox 780 2429 834 2485; x_wconf 90' lang='lat' dir='ltr'><strong>in</strong></span> <span class='ocrx_word' id='word_1_216' title='bbox 859 2426 1050 2503; x_wconf 88' lang='lat' dir='ltr'><strong>politia</strong></span> <span class='ocrx_word' id='word_1_217' title='bbox 1065 2427 1603 2485; x_wconf 68' lang='lat' dir='ltr'><strong>Lacedaemoniorum</strong></span> <span class='ocrx_word' id='word_1_218' title='bbox 1616 2420 1868 2501; x_wconf 77' lang='lat' dir='ltr'><strong>expensae</strong></span> <span class='ocrx_word' id='word_1_219' title='bbox 1888 2418 2203 2484; x_wconf 84' lang='lat' dir='ltr'><strong>communes</strong></span> <span class='ocrx_word' id='word_1_220' title='bbox 2222 2442 2321 2501; x_wconf 90' lang='lat' dir='ltr'><strong>pro</strong></span> 
     </span>
     <span class='ocr_line' id='line_1_25' title="bbox 317 2511 2325 2590; baseline -0.002 -15"><span class='ocrx_word' id='word_1_221' title='bbox 317 2517 689 2585; x_wconf 78' lang='lat' dir='ltr'><strong>bellatoribus,</strong></span> <span class='ocrx_word' id='word_1_222' title='bbox 718 2524 775 2573; x_wconf 88' lang='lat' dir='ltr'><strong>et</strong></span> <span class='ocrx_word' id='word_1_223' title='bbox 811 2514 937 2574; x_wconf 90' lang='lat' dir='ltr'><strong>inde</strong></span> <span class='ocrx_word' id='word_1_224' title='bbox 981 2516 1312 2590; x_wconf 80' lang='lat' dir='ltr'><strong>sequebatur</strong></span> <span class='ocrx_word' id='word_1_225' title='bbox 1341 2516 1488 2590; x_wconf 88' lang='lat' dir='ltr'><strong>quod</strong></span> <span class='ocrx_word' id='word_1_226' title='bbox 1517 2515 1734 2588; x_wconf 83' lang='lat' dir='ltr'><strong>experti</strong></span> <span class='ocrx_word' id='word_1_227' title='bbox 1784 2513 1987 2571; x_wconf 76' lang='lat' dir='ltr'><strong>milites</strong></span> <span class='ocrx_word' id='word_1_228' title='bbox 2027 2511 2325 2587; x_wconf 81' lang='lat' dir='ltr'><strong>non&#39;gere-</strong></span> 
     </span>
     <span class='ocr_line' id='line_1_26' title="bbox 317 2592 2327 2681; baseline -0.001 -17"><span class='ocrx_word' id='word_1_229' title='bbox 317 2607 451 2664; x_wconf 89' lang='lat' dir='ltr'><strong>bant</strong></span> <span class='ocrx_word' id='word_1_230' title='bbox 473 2606 614 2665; x_wconf 82' lang='lat' dir='ltr'><strong>bella</strong></span> <span class='ocrx_word' id='word_1_231' title='bbox 650 2606 834 2681; x_wconf 90' lang='lat' dir='ltr'><strong>populi</strong></span> <span class='ocrx_word' id='word_1_232' title='bbox 883 2612 1105 2681; x_wconf 88' lang='lat' dir='ltr'><strong>propter</strong></span> <span class='ocrx_word' id='word_1_233' title='bbox 1147 2602 1424 2664; x_wconf 82' lang='lat' dir='ltr'><strong>defectum</strong></span> <span class='ocrx_word' id='word_1_234' title='bbox 1463 2602 1876 2676; x_wconf 82' lang='lat' dir='ltr'><strong>stipendiorum,</strong></span> <span class='ocrx_word' id='word_1_235' title='bbox 1907 2592 2103 2675; x_wconf 79' lang='lat' dir='ltr'><strong>quibus</strong></span> <span class='ocrx_word' id='word_1_236' title='bbox 2132 2597 2327 2675; x_wconf 82' lang='lat' dir='ltr'><strong>respu-</strong></span> 
     </span>
     <span class='ocr_line' id='line_1_27' title="bbox 317 2684 2327 2769; baseline -0.003 -16"><span class='ocrx_word' id='word_1_237' title='bbox 317 2696 459 2753; x_wconf 88' lang='lat' dir='ltr'><strong>blica</strong></span> <span class='ocrx_word' id='word_1_238' title='bbox 489 2697 775 2768; x_wconf 70' lang='lat' dir='ltr'><strong>provioere</strong></span> <span class='ocrx_word' id='word_1_239' title='bbox 795 2710 901 2751; x_wconf 92' lang='lat' dir='ltr'><strong>non</strong></span> <span class='ocrx_word' id='word_1_240' title='bbox 927 2690 1284 2769; x_wconf 74' lang='lat' dir='ltr'><strong>poterat‚&#39;sed</strong></span> <span class='ocrx_word' id='word_1_241' title='bbox 1311 2694 1719 2768; x_wconf 85' lang='lat' dir='ltr'><strong>exponebantur</strong></span> <span class='ocrx_word' id='word_1_242' title='bbox 1748 2692 1954 2760; x_wconf 82' lang='lat' dir='ltr'><strong>idiotae,</strong></span> <span class='ocrx_word' id='word_1_243' title='bbox 1978 2691 2033 2748; x_wconf 86' lang='lat' dir='ltr'><strong>id</strong></span> <span class='ocrx_word' id='word_1_244' title='bbox 2058 2684 2143 2749; x_wconf 84' lang='lat' dir='ltr'><strong>est</strong></span> <span class='ocrx_word' id='word_1_245' title='bbox 2172 2687 2327 2747; x_wconf 70' lang='lat' dir='ltr'><strong>inex&#39;-</strong></span> 
     </span>
     <span class='ocr_line' id='line_1_28' title="bbox 320 2774 2323 2860; baseline 0 -23"><span class='ocrx_word' id='word_1_246' title='bbox 320 2784 481 2855; x_wconf 89' lang='lat' dir='ltr'><strong>perti,</strong></span> <span class='ocrx_word' id='word_1_247' title='bbox 516 2783 688 2855; x_wconf 89' lang='lat' dir='ltr'><strong>plebei</strong></span> <span class='ocrx_word' id='word_1_248' title='bbox 711 2785 965 2841; x_wconf 89' lang='lat' dir='ltr'><strong>videlicet</strong></span> <span class='ocrx_word' id='word_1_249' title='bbox 994 2790 1050 2840; x_wconf 88' lang='lat' dir='ltr'><strong>et</strong></span> <span class='ocrx_word' id='word_1_250' title='bbox 1077 2792 1350 2841; x_wconf 87' lang='lat' dir='ltr'><strong>amatores</strong></span> <span class='ocrx_word' id='word_1_251' title='bbox 1377 2783 1753 2857; x_wconf 87' lang='lat' dir='ltr'><strong>pecuniarum,</strong></span> <span class='ocrx_word' id='word_1_252' title='bbox 1786 2788 1844 2839; x_wconf 90' lang='lat' dir='ltr'><strong>et</strong></span> <span class='ocrx_word' id='word_1_253' title='bbox 1871 2774 2323 2860; x_wconf 70' lang='lat' dir='ltr'><strong>boc&#39;Aristoteles</strong></span> 
     </span>
     <span class='ocr_line' id='line_1_29' title="bbox 320 2868 2318 2947; baseline -0.001 -20"><span class='ocrx_word' id='word_1_254' title='bbox 320 2870 576 2941; x_wconf 85' lang='lat' dir='ltr'><strong>reprobat</strong></span> <span class='ocrx_word' id='word_1_255' title='bbox 603 2873 658 2927; x_wconf 90' lang='lat' dir='ltr'><strong>in</strong></span> <span class='ocrx_word' id='word_1_256' title='bbox 700 2872 848 2929; x_wconf 89' lang='lat' dir='ltr'><strong>dicto</strong></span> <span class='ocrx_word' id='word_1_257' title='bbox 891 2872 1047 2941; x_wconf 85' lang='lat' dir='ltr'><strong>libro,</strong></span> <span class='ocrx_word' id='word_1_258' title='bbox 1081 2874 1211 2947; x_wconf 87' lang='lat' dir='ltr'><strong>quia</strong></span> <span class='ocrx_word' id='word_1_259' title='bbox 1243 2874 1444 2946; x_wconf 70' lang='lat' dir='ltr'><strong>saepius</strong></span> <span class='ocrx_word' id='word_1_260' title='bbox 1486 2878 1643 2929; x_wconf 86' lang='lat' dir='ltr'><strong>erant</strong></span> <span class='ocrx_word' id='word_1_261' title='bbox 1684 2886 1849 2929; x_wconf 89' lang='lat' dir='ltr'><strong>causa</strong></span> <span class='ocrx_word' id='word_1_262' title='bbox 1899 2872 2075 2929; x_wconf 84' lang='lat' dir='ltr'><strong>ruinae</strong></span> <span class='ocrx_word' id='word_1_263' title='bbox 2112 2868 2318 2945; x_wconf 86' lang='lat' dir='ltr'><strong>populi.</strong></span> 
     </span>
     <span class='ocr_line' id='line_1_30' title="bbox 301 2950 2285 3033; baseline 0.001 -17"><span class='ocrx_word' id='word_1_264' title='bbox 301 2950 450 3017; x_wconf 69' lang='lat' dir='ltr'><strong>&#39;Haec</strong></span> <span class='ocrx_word' id='word_1_265' title='bbox 474 2960 638 3031; x_wconf 86' lang='lat' dir='ltr'><strong>igitur</strong></span> <span class='ocrx_word' id='word_1_266' title='bbox 661 2960 730 3016; x_wconf 88' lang='lat' dir='ltr'><strong>de</strong></span> <span class='ocrx_word' id='word_1_267' title='bbox 758 2959 949 3033; x_wconf 83' lang='lat' dir='ltr'><strong>politia</strong></span> <span class='ocrx_word' id='word_1_268' title='bbox 975 2960 1393 3020; x_wconf 87' lang='lat' dir='ltr'><strong>lacedaemonica</strong></span> <span class='ocrx_word' id='word_1_269' title='bbox 1422 2961 1475 3017; x_wconf 89' lang='lat' dir='ltr'><strong>in</strong></span> <span class='ocrx_word' id='word_1_270' title='bbox 1500 2968 1715 3019; x_wconf 88' lang='lat' dir='ltr'><strong>tantum</strong></span> <span class='ocrx_word' id='word_1_271' title='bbox 1742 2960 1891 3018; x_wconf 91' lang='lat' dir='ltr'><strong>dicta</strong></span> <span class='ocrx_word' id='word_1_272' title='bbox 1918 2958 2213 3025; x_wconf 84' lang='lat' dir='ltr'><strong>sufficiant.</strong></span> <span class='ocrx_word' id='word_1_273' title='bbox 2278 3000 2285 3006; x_wconf 91' lang='lat'>-</span> 
     </span>
    </p>
   </div>
   <div class='ocr_carea' id='block_1_3' title="bbox 1023 3134 1611 3207">
    <p class='ocr_par' dir='ltr' id='par_1_5' title="bbox 1023 3134 1611 3207">
     <span class='ocr_line' id='line_1_31' title="bbox 1023 3134 1611 3207; baseline -0.007 0"><span class='ocrx_word' id='word_1_274' title='bbox 1023 3134 1306 3207; x_wconf 85' lang='lat' dir='ltr'><strong>CAPUT</strong></span> <span class='ocrx_word' id='word_1_275' title='bbox 1366 3136 1611 3207; x_wconf 87' lang='lat' dir='ltr'><strong>XVIII.</strong></span> 
     </span>
    </p>
   </div>
   <div class='ocr_carea' id='block_1_4' title="bbox 319 3217 2324 3493">
    <p class='ocr_par' dir='ltr' id='par_1_6' title="bbox 319 3217 2324 3443">
     <span class='ocr_line' id='line_1_32' title="bbox 319 3217 2319 3351; baseline -0.004 -13"><span class='ocrx_word' id='word_1_276' title='bbox 319 3272 450 3338; x_wconf 74' lang='lat' dir='ltr'><strong>Hic</strong></span> <span class='ocrx_word' id='word_1_277' title='bbox 471 3272 744 3335; x_wconf 78' lang='lat' dir='ltr'><strong>declarat</strong></span> <span class='ocrx_word' id='word_1_278' title='bbox 769 3271 840 3336; x_wconf 78' lang='lat' dir='ltr'><strong>de</strong></span> <span class='ocrx_word' id='word_1_279' title='bbox 878 3270 1104 3351; x_wconf 76' lang='lat' dir='ltr'><strong>politia</strong></span> <span class='ocrx_word' id='word_1_280' title='bbox 1129 3268 1405 3343; x_wconf 57' lang='lat' dir='ltr'><strong>metensi,</strong></span> <span class='ocrx_word' id='word_1_281' title='bbox 1432 3273 1495 3333; x_wconf 74' lang='lat' dir='ltr'><strong>et</strong></span> <span class='ocrx_word' id='word_1_282' title='bbox 1516 3266 1867 3351; x_wconf 61' lang='lat' dir='ltr'><strong>diffamatia</strong></span> <span class='ocrx_word' id='word_1_283' title='bbox 1890 3268 2031 3349; x_wconf 66' lang='lat' dir='ltr'><strong>ejus</strong></span> <span class='ocrx_word' id='word_1_284' title='bbox 2047 3266 2133 3333; x_wconf 74' lang='lat' dir='ltr'><strong>ad</strong></span> <span class='ocrx_word' id='word_1_285' title='bbox 2151 3217 2319 3337; x_wconf 54' lang='lat' dir='ltr'><strong>laeci-</strong></span> 
     </span>
     <span class='ocr_line' id='line_1_33' title="bbox 398 3354 2324 3493; baseline 0.001 -68"><span class='ocrx_word' id='word_1_286' title='bbox 398 3362 802 3437; x_wconf 59' lang='lat' dir='ltr'><strong>damniticam,</strong></span> <span class='ocrx_word' id='word_1_287' title='bbox 849 3360 928 3425; x_wconf 74' lang='lat' dir='ltr'><strong>do-</strong></span> <span class='ocrx_word' id='word_1_288' title='bbox 961 3358 1306 3434; x_wconf 54' lang='lat' dir='ltr'><strong>aenatoribus</strong></span> <span class='ocrx_word' id='word_1_289' title='bbox 1353 3358 1533 3493; x_wconf 65' lang='lat' dir='ltr'><strong>dicta</strong></span> <span class='ocrx_word' id='word_1_290' title='bbox 1564 3358 1819 3441; x_wconf 72' lang='lat' dir='ltr'><strong>politia,</strong></span> <span class='ocrx_word' id='word_1_291' title='bbox 1862 3362 1923 3422; x_wconf 77' lang='lat' dir='ltr'><strong>et</strong></span> <span class='ocrx_word' id='word_1_292' title='bbox 1968 3358 2041 3423; x_wconf 73' lang='lat' dir='ltr'><strong>dc</strong></span> <span class='ocrx_word' id='word_1_293' title='bbox 2092 3354 2324 3443; x_wconf 66' lang='lat' dir='ltr'><strong>leyilma</strong></span> 
     </span>
    </p>
   </div>
   <div class='ocr_carea' id='block_1_5' title="bbox 397 3452 699 3532">
    <p class='ocr_par' dir='ltr' id='par_1_7' title="bbox 397 3452 699 3532">
     <span class='ocr_line' id='line_1_34' title="bbox 397 3452 699 3532; baseline 0.003 -1"><span class='ocrx_word' id='word_1_294' title='bbox 397 3452 699 3532; x_wconf 63' lang='lat' dir='ltr'><strong>Discurri-</strong></span> 
     </span>
    </p>
   </div>
   <div class='ocr_carea' id='block_1_6' title="bbox 303 3576 2333 4048">
    <p class='ocr_par' dir='ltr' id='par_1_8' title="bbox 303 3576 2333 4023">
     <span class='ocr_line' id='line_1_35' title="bbox 303 3576 2325 3657; baseline -0.001 -15"><span class='ocrx_word' id='word_1_295' title='bbox 303 3648 310 3655; x_wconf 86' lang='lat'>.</span> <span class='ocrx_word' id='word_1_296' title='bbox 387 3584 694 3645; x_wconf 75' lang='lat' dir='ltr'><strong>Per-tractat</strong></span> <span class='ocrx_word' id='word_1_297' title='bbox 713 3582 881 3643; x_wconf 80' lang='lat' dir='ltr'><strong>etiam</strong></span> <span class='ocrx_word' id='word_1_298' title='bbox 898 3582 1082 3643; x_wconf 74' lang='lat' dir='ltr'><strong>dictus</strong></span> <span class='ocrx_word' id='word_1_299' title='bbox 1097 3576 1456 3643; x_wconf 79' lang='lat' dir='ltr'><strong>Aristoteles</strong></span> <span class='ocrx_word' id='word_1_300' title='bbox 1443 3599 1499 3641; x_wconf 88' lang='grc' dir='ltr'><strong>ιιι</strong></span> <span class='ocrx_word' id='word_1_301' title='bbox 1526 3582 1677 3642; x_wconf 84' lang='lat' dir='ltr'><strong>dicto</strong></span> <span class='ocrx_word' id='word_1_302' title='bbox 1700 3581 1839 3639; x_wconf 87' lang='lat' dir='ltr'><strong>libro</strong></span> <span class='ocrx_word' id='word_1_303' title='bbox 1866 3582 1937 3639; x_wconf 85' lang='lat' dir='ltr'><strong>de</strong></span> <span class='ocrx_word' id='word_1_304' title='bbox 1964 3582 2155 3657; x_wconf 81' lang='lat' dir='ltr'><strong>politia</strong></span> <span class='ocrx_word' id='word_1_305' title='bbox 2182 3579 2325 3649; x_wconf 80' lang='lat' dir='ltr'><strong>Cre·</strong></span> 
     </span>
     <span class='ocr_line' id='line_1_36' title="bbox 319 3670 2297 3749; baseline -0.001 -19"><span class='ocrx_word' id='word_1_306' title='bbox 319 3674 574 3744; x_wconf 82' lang='lat' dir='ltr'><strong>tensium,</strong></span> <span class='ocrx_word' id='word_1_307' title='bbox 607 3688 776 3749; x_wconf 83' lang='lat' dir='ltr'><strong>quam</strong></span> <span class='ocrx_word' id='word_1_308' title='bbox 801 3672 938 3733; x_wconf 77' lang='lat' dir='ltr'><strong>dicit</strong></span> <span class='ocrx_word' id='word_1_309' title='bbox 962 3672 1218 3731; x_wconf 69' lang='lat' dir='ltr'><strong>traditam</strong></span> <span class='ocrx_word' id='word_1_310' title='bbox 1249 3688 1286 3730; x_wconf 89' lang='lat' dir='ltr'><strong>a</strong></span> <span class='ocrx_word' id='word_1_311' title='bbox 1307 3673 1559 3747; x_wconf 81' lang='lat' dir='ltr'><strong>Lycurgo</strong></span> <span class='ocrx_word' id='word_1_312' title='bbox 1588 3670 1757 3729; x_wconf 82' lang='lat' dir='ltr'><strong>fratre</strong></span> <span class='ocrx_word' id='word_1_313' title='bbox 1790 3671 1939 3744; x_wconf 79' lang='lat' dir='ltr'><strong>regis</strong></span> <span class='ocrx_word' id='word_1_314' title='bbox 1960 3670 2297 3733; x_wconf 77' lang='lat' dir='ltr'><strong>Lacedaemo·</strong></span> 
     </span>
     <span class='ocr_line' id='line_1_37' title="bbox 317 3743 2331 3837; baseline -0 -18"><span class='ocrx_word' id='word_1_315' title='bbox 317 3764 554 3830; x_wconf 82' lang='lat' dir='ltr'><strong>nicrum,</strong></span> <span class='ocrx_word' id='word_1_316' title='bbox 578 3762 670 3819; x_wconf 81' lang='lat' dir='ltr'><strong>cni</strong></span> <span class='ocrx_word' id='word_1_317' title='bbox 693 3776 886 3821; x_wconf 84' lang='lat' dir='ltr'><strong>nomen</strong></span> <span class='ocrx_word' id='word_1_318' title='bbox 911 3760 1178 3837; x_wconf 76' lang='lat' dir='ltr'><strong>Polybita,</strong></span> <span class='ocrx_word' id='word_1_319' title='bbox 1203 3768 1358 3835; x_wconf 81' lang='lat' dir='ltr'><strong>patre</strong></span> <span class='ocrx_word' id='word_1_320' title='bbox 1385 3760 1585 3828; x_wconf 83' lang='lat' dir='ltr'><strong>Catilli,</strong></span> <span class='ocrx_word' id='word_1_321' title='bbox 1602 3761 1921 3820; x_wconf 74' lang='lat' dir='ltr'><strong>ntlustinus</strong></span> <span class='ocrx_word' id='word_1_322' title='bbox 1944 3761 2141 3831; x_wconf 80' lang='lat' dir='ltr'><strong>refert3</strong></span> <span class='ocrx_word' id='word_1_323' title='bbox 2160 3762 2267 3819; x_wconf 80' lang='lat' dir='ltr'><strong>iter.</strong></span> <span class='ocrx_word' id='word_1_324' title='bbox 2321 3743 2331 3784; x_wconf 85' lang='grc'><strong>·’</strong></span> 
     </span>
     <span class='ocr_line' id='line_1_38' title="bbox 317 3848 2325 3933; baseline -0.001 -22.999"><span class='ocrx_word' id='word_1_325' title='bbox 317 3868 351 3922; x_wconf 76' lang='lat' dir='ltr'><strong>a</strong></span> <span class='ocrx_word' id='word_1_326' title='bbox 378 3854 556 3910; x_wconf 83' lang='lat' dir='ltr'><strong>Minoe</strong></span> <span class='ocrx_word' id='word_1_327' title='bbox 577 3867 710 3927; x_wconf 81' lang='lat' dir='ltr'><strong>rege</strong></span> <span class='ocrx_word' id='word_1_328' title='bbox 731 3851 977 3933; x_wconf 74' lang='lat' dir='ltr'><strong>ejusdem</strong></span> <span class='ocrx_word' id='word_1_329' title='bbox 1002 3850 1212 3922; x_wconf 83' lang='lat' dir='ltr'><strong>insulae,</strong></span> <span class='ocrx_word' id='word_1_330' title='bbox 1239 3852 1334 3927; x_wconf 85' lang='lat' dir='ltr'><strong>qui</strong></span> <span class='ocrx_word' id='word_1_331' title='bbox 1373 3848 1595 3913; x_wconf 77' lang='lat' dir='ltr'><strong>fuerunt</strong></span> <span class='ocrx_word' id='word_1_332' title='bbox 1618 3846 1777 3924; x_wconf 82' lang='lat' dir='ltr'><strong>primi</strong></span> <span class='ocrx_word' id='word_1_333' title='bbox 1803 3850 1981 3925; x_wconf 81' lang='lat' dir='ltr'><strong>legum</strong></span> <span class='ocrx_word' id='word_1_334' title='bbox 2005 3850 2325 3913; x_wconf 70' lang='lat' dir='ltr'><strong>inventore.</strong></span> 
     </span>
     <span class='ocr_line' id='line_1_39' title="bbox 317 3932 2333 4048; baseline 0.001 -49"><span class='ocrx_word' id='word_1_335' title='bbox 317 3940 378 3999; x_wconf 83' lang='lat' dir='ltr'><strong>in</strong></span> <span class='ocrx_word' id='word_1_336' title='bbox 403 3937 642 4013; x_wconf 73' lang='lat' dir='ltr'><strong>Graecia,</strong></span> <span class='ocrx_word' id='word_1_337' title='bbox 676 3938 746 4000; x_wconf 89' lang='lat' dir='ltr'><strong>ad</strong></span> <span class='ocrx_word' id='word_1_338' title='bbox 773 3955 914 4018; x_wconf 82' lang='lat' dir='ltr'><strong>quas</strong></span> <span class='ocrx_word' id='word_1_339' title='bbox 938 3939 1228 4048; x_wconf 80' lang='lat' dir='ltr'><strong>discendas</strong></span> <span class='ocrx_word' id='word_1_340' title='bbox 1251 3939 1533 4044; x_wconf 70' lang='lat' dir='ltr'><strong>profectus</strong></span> <span class='ocrx_word' id='word_1_341' title='bbox 1560 3947 1647 4001; x_wconf 82' lang='lat' dir='ltr'><strong>est</strong></span> <span class='ocrx_word' id='word_1_342' title='bbox 1672 3939 2075 4018; x_wconf 73' lang='lat' dir='ltr'><strong>Pythagoras²</strong></span> <span class='ocrx_word' id='word_1_343' title='bbox 2060 3932 2333 4023; x_wconf 36' lang='lat' dir='ltr'><strong>ipsasque.</strong></span> 
     </span>
    </p>
   </div>
  </div>
 </body>
</html>
