2784 4392
674 334 806 383 xvx.
835 348 919 365 —-
939 334 1011 385 ιιι
1051 334 1467 387 bacan-ranem
1504 336 1529 385 1
1568 336 1881 389 nxrosrno
2162 328 2278 393 441

279 451 382 510 viri
403 458 792 527 apparuerunt,
810 459 874 511 ut
900 449 1100 525 legitur
1111 452 1280 529 Gen„
1299 468 1473 513 xvm.
1491 454 1871 529 Cataphryges
1896 456 2062 517 etiam
2087 472 2287 531 posue-

277 549 406 599 runt
449 541 741 615 prophetas
771 542 977 601 veteris
1003 542 1341 601 Testamenti
1367 542 1525 619 quasi
1556 544 1871 619 arreptitios
1914 562 2033 607 esse
2069 547 2279 607 locutos

276 646 384 687 non
412 630 778 703 intelligentes
799 647 924 707 quae
949 630 1334 705 loquebantur,
1359 638 1553 693 contra
1580 632 1639 712 id
1664 634 1813 710 quod
1836 634 2039 697 dicitur
2066 638 2281 697 Daniel.

276 736 336 787 x,
370 722 391 774 ⁴
429 737 443 777 z
474 720 840 793 Intelligentia
865 738 994 795 opus
1016 727 1090 779 est
1117 720 1178 779 in
1197 721 1419 780 visione.

346 810 428 866 Ad
457 809 556 867 hos
601 810 768 883 igitur
809 826 1023 869 errores
1067 810 1437 869 excludendos
1468 811 1625 879 dicit,
1652 812 1799 885 quod
1829 813 1947 873 baec
1968 820 2054 873 est
2091 823 2283 875 sancta

275 898 534 965 Trinitas,
561 899 628 955 de
652 914 760 971 qua
801 900 1010 957 dictum
1038 907 1142 967 est,
1171 916 1295 973 quae
1318 900 1533 959 scilicet
1565 906 1651 959 est
1692 904 1994 961 secundum
2030 920 2285 964 commu·-

273 1003 400 1043 nem
446 988 739 1043 essentiam
781 988 1084 1054 individua,
1114 996 1172 1045 et
1211 989 1515 1047 secundum
1558 991 1923 1065 proprietates
1968 996 2284 1069 personales

201 1124 209 1133 .
273 1076 512 1133 discreta
540 1092 636 1149 per
661 1076 884 1151 Moysen
913 1081 969 1133 et
997 1083 1218 1135 sanctos
1247 1076 1566 1152 Prophetas,
1595 1068 1841 1153 aliosque
1870 1080 2105 1140 famulos
2130 1100 2281 1141 suos.

273 1164 375 1223 Ubi
403 1165 620 1221 videtur
644 1165 982 1237 distinguere
1008 1170 1168 1224 vetus
1193 1166 1624 1235 Testamentum,
1640 1168 1890 1227 scilicet
1876 1187 1935 1229 ιιι
1953 1171 2129 1245 legem
2156 1190 2283 1249 quae

188 1290 194 1293 -
273 1270 369 1327 per
384 1254 606 1329 Moysen
621 1254 752 1311 data
775 1262 882 1321 est,
903 1261 959 1311 et
979 1254 1296 1329 Prophetae,
1315 1254 1461 1311 sicut
1476 1255 1577 1315 fuit
1592 1257 1782 1325 Isaias,
1803 1260 2129 1329 Hieremiae,
2146 1270 2279 1331 etc„

273 1349 330 1399 et
357 1342 412 1398 in
442 1358 536 1399 eos
564 1343 658 1419 qui
687 1342 1022 1417 agiographa
1062 1343 1523 1418 conscripserunt,
1553 1346 1702 1405 sicut
1741 1346 1847 1404 fuit
1881 1350 2157 1421 Salomon,
2181 1354 2285 1411 Job

193 1441 200 1447 '
273 1430 444 1490 etalii
473 1431 803 1503 hujusmodi,
821 1448 960 1507 quos
987 1431 1222 1489 famulos
1248 1432 1348 1487 Dei
1376 1432 1469 1489 hic
1492 1432 1759 1491 nominat.
1781 1437 2092 1497 Secundum
2116 1458 2282 1512 quam

273 1518 678 1577 distinctionem
703 1520 968 1575 Dominus
989 1518 1124 1576 dicit
1151 1520 1316 1576 Lucae
1340 1520 1410 1575 44
1430 1535 1447 1573 ε
1471 1520 1691 1593 Oportet
1719 1520 1936 1597 impleri
1958 1528 2139 1583 omnia
2166 1546 2281 1601 quoe

270 1605 478 1681 scripta
497 1612 623 1683 sunt
645 1604 706 1662 in
729 1604 884 1679 Lege,
906 1612 956 1663 et
984 1605 1046 1663 in
1065 1605 1373 1679 Prophetis,
1390 1612 1441 1663 et
1464 1606 1523 1661 in
1546 1606 1778 1665 Psalmis
1806 1610 1868 1667 de
1886 1628 1987 1681 me,
2006 1614 2167 1685 juxta
2186 1634 2282 1673 or..

271 1695 674 1753 dinatissimam
714 1691 1128 1767 dispositionem
1158 1700 1485 1769 temporum,
1513 1697 1659 1771 quod
1710 1698 1927 1770 ponitur
1972 1703 2045 1759 ad
2091 1706 2282 1763 exelu-

272 1785 512 1843 dendum
533 1800 772 1843 errorem
797 1783 1102 1857 gentilium,
1135 1784 1230 1857 qui
1274 1783 1581 1843 irridebant
1612 1785 1777 1844 fidem
1817 1788 2171 1851 christianam
2213 1813 2279 1855 ex

271 1876 376 1933 hoc
403 1874 548 1949 quod
579 1880 704 1949 post
745 1873 916 1931 multa
966 1879 1212 1945 tempora
1240 1873 1401 1945 quasi
1435 1873 1619 1932 subito
1648 1876 1761 1933 Deo
1804 1877 1859 1933 in
1901 1886 2137 1939 mentem
2180 1902 2279 1941 vc·-

271 1964 418 2019 nerit
455 1963 630 2035 legem
657 1962 938 2033 Evangelii
967 1961 1279 2021 hominibus
1299 1961 1456 2021 dare.
1480 1964 1601 2020 Non
1626 1970 1811 2023 autem
1848 1966 1953 2025 fuit
1975 1970 2275 2042 subditum,

271 2053 369 2111 sed
396 2051 742 2109 convenienti
770 2052 1118 2107 ordinatione
1154 2052 1501 2127 dispositum,
1534 2059 1596 2111 ut
1638 2054 1791 2127 prius
1826 2055 2065 2117 humano
2091 2064 2277 2133 generi

273 2158 370 2219 per
399 2140 576 2213 legem
611 2148 668 2195 et
693 2138 992 2214 prophetas
1019 2138 1173 2197 fieret
1201 2141 1589 2214 praenuntiatio
1631 2142 1701 2199 de
1743 2144 1979 2215 Christe,
2016 2156 2277 2225 tanquam

273 2228 582 2285 hominihus
601 2233 734 2283 tunc
757 2226 1004 2300 parvulis
1025 2234 1082 2281 et
1105 2227 1288 2285 minus
1313 2229 1561 2296 eruditis,
1585 2232 1885 2289 secundum
1910 2234 2043 2291 illud
2065 2240 2273 2311 Galat„

273 2334 362 2387 ιιι,
389 2320 458 2375 24
489 2333 504 2373 z
535 2315 982 2390 Lexpoedaqoym
1008 2322 1190 2379 noster
1209 2314 1324 2387 suit
1350 2315 1413 2373 in
1441 2316 1657 2374 Christo·
1673 2334 1693 2387 ,·
1722 2325 1779 2375 et
1802 2319 1907 2377 hoc
1932 2325 2081 2395 quod
2118 2327 2273 2399 dicit,

273 2403 420 2479 quod
455 2406 614 2477 juxta
665 2404 1130 2460 ordinatissimam
1165 2402 1581 2479 dispositionem
1626 2410 1931 2481 temporum
1971 2411 2274 2475 doctrinam

273 2495 510 2551 humano
549 2494 738 2565 generi
782 2492 976 2553 tribuit
1013 2492 1330 2561 salutarem,
1361 2508 1471 2551 non
1509 2494 1865 2567 mortiferam,
1899 2504 1961 2557 ut
1992 2502 2272 2569 Manichaei

272 2583 552 2644 dicebant.

342 2674 440 2731 His
458 2673 625 2745 igitur
649 2668 969 2746 praemissiS,
986 2668 1202 2727 accedit
1227 2668 1298 2731 ad
1321 2670 1505 2745 ipsum
1526 2670 1924 2731 Incarnationis
1952 2680 2275 2751 mysterium

271 2762 672 2837 explicandum,
699 2762 758 2817 in
783 2777 893 2835 quo
939 2760 1108 2818 etiam
1143 2758 1391 2819 diversos
1427 2776 1641 2819 errores
1679 2762 1941 2821 excludit.
1970 2766 2072 2827 Ubi
2102 2772 2276 2844 primo

271 2851 555 2911 sciendum
599 2856 704 2917 est,
751 2850 898 2925 quod
949 2849 1244 2909 Sabelliani
1299 2849 1693 2909 confundentes
1747 2852 1963 2913 divinas
2014 2874 2278 2931 personas

271 2938 646 2997 concedebant
673 2939 889 2994 Patrem
930 2952 1052 2995 esse
1079 2940 1445 3007 incarnatum,
1478 2939 1609 3013 quia
1642 2939 1901 2999 dicebant
1941 2949 2197 3007 >eumdem
2222 2952 2275 3010 in

270 3042 504 3105 persona
532 3042 654 3083 esse
689 3027 908 3083 Patrem
946 3032 1004 3081 et
1033 3024 1250 3083 Filium.
1281 3026 1326 3081 E
1369 3024 1646 3085 contrario
1689 3037 1873 3087 autem
1899 3035 2089 3093 Ariani
2131 3040 2279 3097 divi-

273 3119 466 3179 dentes
495 3116 858 3173 substantiam
886 3108 1194 3173 divinitatis
1220 3130 1288 3171 ex
1315 3113 1420 3169 hoc
1446 3115 1594 3189 quod
1621 3116 1790 3173 Filius
1826 3124 1913 3175 est
1940 3122 2273 3196 incarnatust,

274 3214 330 3266 et
353 3223 460 3263 non
483 3208 664 3271 Pater,
689 3203 948 3263 volebant
974 3202 1300 3261 concludere
1325 3202 1490 3259 aliam
1512 3218 1631 3261 esse
1669 3207 1963 3265 essentiam
1992 3212 2191 3284 Patris,
2223 3224 2278 3275 et

273 3296 436 3353 aliam
460 3293 602 3361 Filii,
629 3299 686 3349 et
711 3292 877 3351 aliam
912 3292 1287 3365 operationem
1318 3290 1625 3365 utriusque.
1657 3293 1818 3351 Fides
1854 3304 2041 3359 autem
2082 3303 2277 3361 catho-

273 3384 379 3443 lica
405 3382 586 3441 media
610 3382 702 3439 via
747 3382 889 3437 inter
928 3386 1224 3453 utrumque
1264 3380 1541 3449 incedens,
1596 3390 1818 3455 propter
1868 3386 2275 3449 distinctionem

272 3486 626 3547 personarum
650 3470 786 3526 dicit
812 3468 1009 3527 Filium
1046 3469 1223 3525 solum
1267 3484 1388 3527 esse
1426 3470 1796 3533 incarnatum.
1820 3473 1919 3531 Est
1957 3479 2104 3536 enim
2132 3480 2279 3541 sacta

273 3560 582 3619 iucarnatio
609 3575 704 3634 per
727 3558 984 3617 unionem
1021 3558 1078 3616 in
1109 3573 1359 3631 persona,
1389 3575 1498 3619 non
1525 3560 1582 3615 in
1610 3567 1825 3631 natura,
1859 3572 1921 3622 ut
1948 3566 2090 3625 infra
2126 3570 2283 3626 dice-

274 3655 384 3707 tur.
408 3650 634 3723 Propter
659 3647 928 3707 unitatem
952 3652 1136 3707 autem
1161 3652 1374 3707 naturas
1395 3653 1453 3704 et
1485 3651 1823 3722 operationis
1849 3653 1905 3709 in
1936 3655 2111 3713 tribus
2150 3674 2283 3731 per-

271 3739 441 3807 sonia,
469 3738 605 3797 dicit
642 3736 995 3811 Trinitatem
1010 3741 1184 3795 totam
1224 3742 1507 3809 operatam
1536 3738 1703 3795 fuisse
1740 3742 2197 3815 lncarnationem,
2226 3755 2281 3806 et

272 3828 377 3889 hoc
403 3835 488 3885 est
517 3827 662 3901 quod
685 3824 849 3884 dicit:
864 3824 933 3883 Et
958 3824 1180 3883 tandem
1206 3824 1509 3897 Unigentus
1534 3827 1633 3885 Dei
1657 3828 1829 3891 Filius
1850 3832 2007 3893 Jesus
2030 3835 2277 3904 Christus

271 3929 310 3983 a
333 3922 452 3977 tota
479 3918 552 3979 Tr
557 3916 751 3979 initate
769 3913 1132 4009 communiter
1155 3914 1475 3977 incarnatus
1494 3914 1623 3977 fuit.
