2784 4392
558 300 691 344 nv·
721 313 802 328 -
829 296 1068 345 comm
1109 293 1322 345 meve.
1371 300 1480 344 nm
1517 296 1689 345 cunr.
1738 297 1815 344 m·
1855 302 2060 347 nnus.
2240 284 2319 345 89

301 412 389 473 vel
430 412 778 487 praesidendi,
807 412 890 470 vel
931 414 1187 485 pascendi
1226 414 1381 481 alios,
1414 414 1715 488 praedicare
1753 424 1938 472 autem
1966 422 2050 471 est
2094 430 2319 489 pascere

302 504 468 561 verbo
495 503 614 560 Dei.
651 522 677 556 »
707 502 947 571 JoanniS,
975 503 1167 560 ultimo
1198 504 1267 559 ⁴7
1293 518 1306 559 t
1333 496 1495 560 Pasce
1519 514 1636 560 oves
1658 520 1816 571 meas,
1847 506 2044 562 Glossa
2078 522 2090 560 ε
2126 526 2153 559 «
2182 506 2318 561 Pas-

301 608 428 650 cere
466 608 614 660 oves,
661 602 745 650 est
770 594 1152 650 credentes'ne
1178 592 1438 651 deficiant
1467 594 1793 651 confortare.
1831 616 1857 648 »
1887 596 2029 667 Ergo
2069 594 2316 651 monachi

302 690 358 739 et
383 682 472 739 alii
498 682 754 755 religiosi,
781 684 873 757 qui
897 700 1084 739 omnes
1113 685 1499 740 monachorum
1524 684 1648 757 jure
1673 691 1982 751 censentur,
2019 682 2318 758 praedicare

302 786 408 828 non
451 781 698 845 possunt.
731 772 846 829 Hoc
885 770 1192 847 expressius
1222 769 1411 829 haberi
1440 775 1657 830 videtur
1684 788 1806 831 xvi.
1856 780 2050 847 quaest.
2076 764 2147 829 'l.
2192 787 2313 848 cap.

300 860 622 934 Adjicimus,
649 862 742 917 ubi
773 862 974 919 dicitur
1000 879 1012 917 ε
1044 882 1068 915 α
1098 862 1419 931 Statuimus‚
1451 870 1509 919 ut
1536 871 1733 937 praeter
1758 862 1974 919 Domini
2004 862 2319 921 sacerdotes

301 950 433 1006 nulli
474 952 636 1007 liceat
671 951 991 1024 praedicare,
1023 950 1139 1007 sive
1169 951 1360 1020 laicuS,
1404 952 1520 1008 sive
1551 952 1847 1009 monachus
1876 952 1966 1008 ille
2000 954 2091 1022 sit,
2129 954 2320 1024 cujus-

301 1052 536 1114 cumque
575 1038 822 1097 scientlae
850 1040 1067 1096 nomine
1091 1038 1373 1113 glorietur.
1409 1061 1433 1094 »
1466 1042 1620 1108 item,
1661 1055 1783 1115 cap.
1809 1042 1983 1097 Juxta
2015 1059 2035 1099 .·
2063 1062 2090 1096 α
2126 1040 2318 1100 Mona-

301 1131 432 1187 chos
463 1147 494 1185 a
524 1128 841 1204 populorum
873 1126 1262 1203 praedicatione
1287 1130 1507 1186 omnino
1531 1146 1747 1187 cessare
1776 1132 2108 1189 censuimus.
2146 1152 2172 1184 n

371 1216 641 1276 inducunt
667 1226 850 1277 autem
883 1220 1268 1277 auctoritatem
1296 1220 1579 1287 Bernardi,
1620 1235 1781 1293 super
1813 1216 1997 1287 Cant„
2026 1219 2117 1292 qui
2160 1220 2313 1291 dicit,

302 1302 446 1383 quod
477 1330 502 1363 α
532 1306 831 1382 praedicare
857 1303 1122 1366 monacho
1147 1322 1250 1365 non
1278 1296 1554 1380 convenit,
1581 1309 1788 1365 novitio
1816 1324 1919 1365 non
1946 1308 2183 1383 expedit,
2209 1326 2313 1367 non

300 1400 468 1456 misso
499 1412 604 1455 non
635 1396 782 1455 licet.
817 1416 844 1452 »

372 1486 529 1545 Item.
557 1483 637 1544 Illi
661 1486 750 1561 qui
779 1490 1008 1561 pascunt
1037 1485 1296 1563 populum
1321 1478 1490 1543 verbo·
1518 1480 1637 1554 Dei,
1668 1483 1867 1545 debent
1893 1486 2061 1544 etiam
2090 1502 2313 1561 pascere

301 1578 607 1634 necessaria
629 1576 1110 1644 subministrandO,
1131 1579 1190 1630 ut
1207 1582 1357 1649 patet
1379 1591 1541 1649 super
1569 1574 1699 1631 illud
1721 1576 1965 1645 somnis,
1992 1577 2181 1633 ultimo
2207 1578 2308 1632 ⁴7:

299 1666 464 1724 Pasce
488 1680 603 1723 oves
625 1678 783 1732 meas,
812 1664 903 1722 ubi
929 1666 1062 1721 dicit
1086 1664 1281 1721 Glossa
1312 1677 1324 1717 t
1355 1682 1380 1716 α
1412 1659 1577 1719 Pasce
1604 1677 1752 1732 evae,
1783 1669 1836 1719 et
1866 1664 2150 1721 credentes
2177 1681 2313 1721 con-

301 1751 523 1823 fortare,
577 1767 646 1811 ne
683 1754 958 1821 defidant,
992 1758 1211 1809 terrena
1253 1751 1514 1818 subsidia,
1564 1750 1608 1807 si
1660 1762 1878 1809 necesse
1927 1758 2029 1821 est,
2080 1754 2314 1812 subditis

301 1846 609 1920 providere.
655 1864 682 1897 »
711 1842 815 1901 Sed
852 1842 1091 1915 religiosi
1132 1857 1236 1899 non
1267 1846 1492 1913 possunt
1524 1840 1831 1897 necessaria
1868 1842 2155 1913 providere
2189 1859 2311 1899 cum

302 1930 682 2009 paupertatem
714 1932 1089 2007 profiteantur,
1123 1946 1251 2005 ergo
1293 1948 1397 1987 non
1432 1936 1660 2005 possunt
1688 1946 1914 2004 pascere
1950 1931 2176 1989 verbum
2212 1930 2312 1989 Dei

302 2023 672 2101 praedicande.

372 2114 529 2169 Item.
562 2110 756 2167 Ezech.
781 2119 988 2178 xxxiv,
1021 2112 1072 2178 2,
1103 2105 1306 2165 dicitur
1338 2126 1350 2164 :
1377 2100 1569 2167 Nonne
1598 2121 1777 2181 yreqes
1802 2124 1835 2163 a
1861 2108 2161 2181 pastoribus
2178 2128 2311 2183 pas-

301 2197 546 2278 cuntur?
569 2202 666 2259 Per
693 2204 938 2273 pastores
968 2206 1170 2265 autem,
1205 2206 1265 2254 ut
1290 2195 1427 2254 dicit
1455 2196 1650 2253 Glossa
1679 2195 1902 2263 ibidem,
1933 2197 2311 2269 significantur
2380 2259 2385 2263 ⁵
2490 2206 2504 2220 ⁸

300 2292 574 2366 Episcopi,
609 2288 934 2364 presbyteri,
959 2286 1193 2356 diaconi,
1223 2285 1421 2361 quibus
1450 2302 1582 2358 grex
1608 2286 2147 2358 committitur.Ergo
2178 2289 2313 2344 reli-

302 2382 437 2453 giesi
469 2380 698 2453 quinon
729 2384 858 2436 sunt
892 2376 1166 2450 Episcopi,
1201 2376 1286 2431 vel
1317 2374 1641 2449 presbyteri,
1670 2375 1755 2432 vel
1786 2374 2000 2432 diaconi
2044 2374 2311 2433 habentes

302 2459 523 2543 'gregem
552 2469 921 2534 commissum,
956 2463 1256 2539 praedicare
1283 2480 1391 2519 non
1417 2468 1663 2535 possunt.

271 2594 280 2603 ·
374 2562 530 2617 Item.
563 2561 792 2616 Roman.
827 2572 888 2625 x,
922 2554 1008 2625 45,
1043 2554 1286 2611 dicitur:
1323 2550 1585 2619 Quomodo
1616 2548 2011 2624 praedicabunt,
2036 2550 2144 2608 nisi
2181 2552 2311 2609 mit·-

305 2646 539 2708 tantur?
568 2650 670 2705 Sed
698 2664 804 2703 non
834 2646 1064 2717 legimus
1091 2643 1288 2700 missos
1313 2659 1345 2699 a
1369 2641 1602 2697 Domino
1633 2640 1735 2696 nisi
1762 2638 2047 2696 duodecim
2075 2641 2311 2713 Aposto-

303 2736 404 2806 los,
452 2736 585 2793 Luc.
626 2748 708 2801 rx,
738 2742 793 2807 et
836 2732 1182 2806 septuaginta
1220 2728 1359 2786 duos
1399 2727 1715 2801 discipulos,
1743 2728 1875 2783 Luc.
1926 2744 1985 2783 x.
2028 2726 2131 2785 Ubi
2176 2728 2308 2785 dicit

303 2818 518 2891 Glossa,
567 2824 710 2897 quod
751 2842 776 2875 α
808 2824 949 2877 sicut
995 2818 1048 2877 in
1075 2818 1350 2893 Apostolis
1379 2818 1553 2874 forma
1583 2826 1666 2873 est
1695 2816 2107 2890 Episcoporum,
2136 2818 2217 2875 sic
2255 2820 2308 2873 in

304 2910 868 2987 septuagintaduobus
891 2910 1060 2965 forma
1089 2908 1532 2982 presbyterorum
1557 2904 1780 2962 secundi
1808 2905 2033 2971 ordinis,
2068 2906 2161 2979 qui
2198 2906 2309 2963 sci-

305 3004 434 3059 licet
457 3006 586 3057 sunt
608 2998 907 3072 presbyteri
937 2995 1293 3071 parochiales.
1318 3017 1342 3049 u
1375 2994 1638 3068 Adjungit
1666 3000 1850 3049 autem
1881 2992 2173 3066 Apostolus
2196 2994 2220 3051 1
2244 2992 2309 3051 ad

306 3091 549 3151 Corinth.
584 3106 670 3147 xn
691 3107 704 3144 ι
729 3086 1137 3162 Opitulationes,
1165 3086 1220 3143 id
1247 3094 1350 3155 est,
1369 3102 1463 3142 eos
1489 3084 1581 3157 qui
1610 3082 1907 3155 majoribus
1932 3080 2309 3156 seruntopem‚

309 3188 368 3238 ut
407 3180 564 3237 Titus
604 3178 884 3252 Apostolo,
916 3177 1000 3234 vel
1033 3174 1401 3233 archidiaconi
1438 3172 1739 3245 EpiscopiS,
1772 3178 1833 3226 ut
1870 3170 2065 3227 Glossa
2112 3168 2315 3225 ibidem

306 3270 462 3325 dicit.
485 3266 627 3339 Ergo
656 3267 895 3338 religiosi
925 3268 1015 3338 qui
1055 3280 1158 3319 nec
1197 3262 1452 3335 Episcopi
1487 3268 1634 3328 sunt,
1663 3274 1766 3316 nec
1803 3257 2109 3333 presbyteri
2147 3273 2316 3333 paro-

307 3356 532 3423 chiales,
567 3372 665 3411 nec
695 3354 1059 3411 archidiaconi
1093 3353 1392 3424 praedicare
1417 3366 1524 3406 non
1548 3348 1769 3405 debent.

379 3446 538 3509 Item,
572 3444 626 3498 in
653 3430 892 3507 decretis,
919 3443 1121 3498 dicitur
1149 3440 1278 3497 dist.
1306 3454 1491 3521 nyiii
1522 3455 1535 3494 :
1566 3456 1592 3490 α
1620 3434 1939 3509 coepiscopi
1969 3440 2082 3491 tam
2117 3432 2185 3491 ab
2212 3430 2316 3491 hac

307 3552 466 3595 sacra
502 3532 641 3591 Sede
668 3546 834 3605 quam
865 3528 933 3585 ab
956 3526 1241 3599 Episcopis
1282 3529 1453 3582 totius
1481 3525 1627 3581 orbis
1666 3523 1922 3597 prohibiti
1964 3530 2111 3578 sunt.
2142 3523 2319 3578 Nimis

309 3625 456 3682 enim
490 3619 738 3693 improba
785 3632 972 3672 eorum
1014 3612 1285 3670 institutio
1310 3618 1413 3677 est,
1448 3619 1502 3667 et
1545 3626 1732 3683 prava.
1765 3629 1791 3662 n
1819 3610 1887 3664 Et
1913 3608 2054 3664 infra
2084 3625 2096 3663 :
2124 3629 2149 3662 α
2179 3610 2319 3665 Nam

312 3728 416 3767 non
448 3708 682 3782 amplius
705 3718 872 3779 quam
897 3700 1034 3758 duos
1063 3700 1282 3785 ordines
1305 3699 1447 3754 inter
1474 3696 1771 3770 discipulos
1796 3695 2012 3752 Domini
2044 3710 2162 3751 esse
2186 3712 2323 3768 cog-

313 3801 582 3865 novimus,
628 3796 682 3852 id
730 3803 815 3851 est
857 3790 1149 3849 duodecim
1194 3786 1600 3863 Apostolorum,
1632 3793 1687 3843 et
1738 3784 2323 3860 septuagintaduorum

313 3886 721 3961 discipulorum.
764 3882 920 3942 Unde
955 3882 1063 3939 iste
1102 3878 1298 3938 tertius
1341 3871 1687 3952 processerit,
1718 3874 2054 3949 ignoramuS,
2082 3880 2137 3933 et
2177 3874 2321 3947 quod
