2784 4392
525 205 646 263 452
1004 220 1057 263 ε.
1102 219 1334 262 ‘rnoMAE
1374 218 1709 266 Aomm‘rxs
1747 217 2061 265 oruscumt

527 336 731 399 dicere,
760 334 908 407 quod
933 336 1095 390 Pater
1113 342 1198 389 est
1223 334 1551 405 principium
1577 334 1973 398 universorum,
1997 346 2053 387 ει
2076 334 2333 391 similiter
2351 338 2541 403 Filius,

526 433 582 479 ει
624 424 864 495 Spiritus
905 429 1148 478 sanctus,
1190 423 1344 479 Unde
1387 421 1737 477 manifestum
1785 430 1867 476 est
1907 422 2054 493 quod
2090 423 2275 480 divina
2307 413 2541 483 essentia

527 528 638 566 non
667 519 752 567 est
775 512 980 585 aliquid
1011 511 1158 565 aliud
1198 526 1228 566 a
1266 511 1443 566 tribus
1481 511 1743 583 personiS‚
1775 510 1919 565 unde
1944 526 2051 567 non
2084 518 2169 567 est
2200 516 2539 585 quaternitas

525 600 583 655 in
611 600 832 666 divinis,
865 600 958 655 sed
985 600 1250 655 Trinitas.

595 689 702 745 Sed
727 690 858 761 quia
885 688 1132 743 Joachim
1159 686 1437 753 credebat,
1482 686 1627 759 quod
1657 701 1724 741 ex
1752 684 1917 741 dictis
1943 685 2188 757 Magistri
2218 695 2542 761 sequeretur

527 778 672 849 quod
703 783 847 831 esset
878 775 1116 831 essentia
1157 774 1417 830 distincta
1460 775 1513 828 in
1544 774 1719 829 tribus
1753 775 2018 846 personis,
2062 775 2186 830 ideo
2224 779 2389 834 tertio
2418 796 2543 834 cum

525 867 661 921 dicit
692 882 705 918 :
729 885 756 917 ot
781 865 850 919 Et
871 864 992 919 illas
1011 880 1098 925 res
1115 880 1218 918 non
1246 872 1328 919 est
1349 879 1634 934 generans,
1660 870 1789 929 etc.,
1821 881 1847 913 n
1878 864 2118 917 ostendit
2138 872 2283 935 quod
2301 866 2406 921 hoc
2438 885 2540 923 non

525 955 796 1025 sequitur.
845 953 1046 1009 Verum
1085 959 1168 1007 est
1210 953 1373 1017 enim,
1423 952 1567 1023 quod
1602 966 1885 1021 possumus
1915 951 2117 1016 dicere,
2165 954 2311 1024 quod
2354 956 2541 1011 divina

527 1042 766 1097 essentia
793 1058 902 1097 non
939 1046 1023 1095 est
1050 1039 1310 1096 distincta
1339 1039 1394 1093 in
1427 1039 1599 1094 tribus
1623 1040 1888 1110 personis·
1921 1040 1997 1093 Ex
2026 1040 2128 1093 hoc
2155 1041 2298 1095 enim
2330 1041 2537 1115 aliquid

527 1136 615 1183 est
653 1130 974 1185 distinctum
1023 1128 1079 1183 in
1126 1129 1346 1193 diviniS,
1381 1128 1524 1199 quod
1570 1134 1654 1181 est
1695 1142 1979 1196 generans,
2026 1128 2109 1182 vel
2140 1130 2405 1199 genitum,
2453 1133 2541 1187 ve}

529 1218 845 1287 procedenS,
893 1226 952 1271 ut
985 1216 1194 1291 dictum
1229 1222 1332 1270 est.
1366 1218 1657 1271 Possumus
1688 1224 1870 1269 tamen
1913 1214 2093 1269 dicere
2124 1218 2267 1288 quod
2298 1222 2538 1276 essentia

527 1305 710 1360 divina
753 1312 836 1359 est
879 1304 969 1357 ille
1015 1304 1108 1375 qui
1139 1303 1517 1373 distinguitur,
1561 1303 1617 1356 id
1650 1309 1735 1357 est
1776 1305 1935 1358 Pater
1965 1304 2058 1375 qui
2104 1304 2463 1375 distinguitur
2505 1325 2535 1364 a

529 1392 695 1461 Filio;
727 1399 783 1447 et
805 1391 1059 1457 similiter
1080 1407 1370 1463 possumus
1393 1392 1577 1445 dicere
1603 1390 1749 1461 quod
1775 1391 2009 1445 essentia
2035 1391 2221 1450 divina
2246 1402 2329 1447 est
2352 1396 2530 1463 Pater,

529 1482 621 1553 qui
654 1487 898 1552 generat,
943 1487 998 1535 et
1027 1489 1109 1535 est
1157 1479 1345 1545 FiliuS,
1390 1480 1497 1550 qui¹
1524 1480 1787 1549 gignitur,
1828 1486 1883 1532 et
1914 1485 1997 1534 est
2042 1480 2279 1551 Spiritus
2312 1495 2537 1541 sanctus

527 1570 619 1641 qui
665 1569 932 1641 procedit.
972 1569 1056 1624 Ita
1102 1567 1314 1623 scilicet
1341 1568 1486 1640 quod
1518 1566 1901 1621 distinctiones
1930 1568 2234 1635 importatae
2278 1586 2375 1640 per
2420 1570 2537 1628 haec

530 1657 634 1713 tria
661 1658 952 1730 adjectiva,
985 1672 1270 1727 generanS,
1295 1656 1541 1725 genitum
1570 1664 1624 1709 et
1653 1655 1966 1725 procedenS,
2000 1656 2367 1712 determinant
2392 1660 2539 1731 ipsas

526 1760 806 1817 personae,
849 1746 916 1799 de
945 1744 1141 1817 quibus
1170 1744 1539 1815 praedicantur
1580 1743 1841 1813 praedicta
1880 1742 2169 1813 adjectiva,
2214 1759 2323 1800 non
2351 1756 2535 1802 autem

526 1834 818 1888 essentiam
853 1833 938 1888 vel
970 1838 1242 1897 naturam,
1275 1847 1401 1902 quae
1429 1848 1534 1885 non
1561 1831 1935 1901 distinguitur.
1978 1832 2095 1886 Non
2132 1848 2258 1903 ergo
2288 1836 2537 1905 sequitur

527 1921 674 1990 quod
712 1919 954 1975 Joachim
994 1918 1241 1990 putabat.
1285 1918 1531 1971 Essentia
1574 1933 1679 1972 non
1710 1925 1792 1973 est
1816 1934 2103 1989 generans»,
2135 1921 2295 1975 Pater
2325 1930 2409 1975 est
2437 1939 2541 1993 ge-

524 2022 744 2063 nerans.
781 2010 922 2077 Ergo
951 2009 1190 2061 essentia
1219 2021 1328 2060 non
1352 2012 1434 2059 est
1464 2007 1641 2073 Pater,
1675 2008 1804 2078 quia
1837 2008 1939 2061 etsi
1967 2008 2203 2062 essentia
2234 2024 2338 2063 non
2364 2026 2538 2081 gene-

525 2101 627 2161 ret,
661 2101 742 2149 est
773 2101 953 2149 tamen
988 2093 1078 2147 ille
1102 2094 1195 2165 qui
1236 2102 1479 2165 generat,
1515 2094 1570 2149 id
1610 2104 1691 2149 est
1723 2096 1901 2160 Pater,
1930 2101 1986 2149 et
2010 2096 2261 2150 similiter
2297 2100 2541 2155 essentia

523 2198 630 2239 non
663 2184 920 2251 nascitur,
955 2184 1049 2239 sed
1081 2191 1164 2239 εει
1191 2184 1279 2238 ille
1305 2186 1398 2255 qui
1428 2184 1690 2249 nascitur,
1722 2184 1778 2237 id
1802 2188 1885 2237 est
1910 2183 2105 2250 Filius;
2138 2200 2317 2257 neque
2344 2200 2539 2243 essen·-

524 2274 601 2329 tia
633 2274 896 2349 procedit,
927 2273 1020 2327 sed
1049 2281 1130 2327 est
1162 2272 1251 2327 ille
1278 2273 1370 2344 qui
1398 2272 1664 2343 procedit,
1698 2271 1754 2325 id
1783 2278 1867 2325 εει
1895 2272 2132 2343 Spiritus
2158 2282 2405 2329 sanctus.

594 2361 802 2431 Quarto
819 2377 942 2416 cum
971 2362 1139 2416 dicit:
1175 2381 1200 2413 α
1223 2360 1374 2415 Licet
1406 2361 1571 2431 igitur
1589 2358 1747 2426 aliuS,
1780 2366 1909 2425 etc.,
1949 2378 1975 2410 ι
1996 2360 2273 2416 concludit
2298 2362 2541 2434 qualiter

522 2450 826 2506 secundum
853 2450 1015 2504 fidem
1035 2449 1364 2505 catholicam
1383 2450 1453 2505 sit
1480 2447 1837 2518 significanda
1858 2447 2135 2503 distinctio
2156 2464 2542 2519 personarum,

522 2539 680 2594 Circa
711 2537 856 2610 quod
887 2538 1348 2594 considerandum
1373 2541 1455 2593 εει
1484 2536 1631 2607 quod
1663 2536 1717 2590 in
1743 2536 1943 2591 divinis
1974 2537 2334 2592 masculinum
2364 2554 2543 2609 genus

522 2626 756 2680 refertur
777 2626 842 2681 ad
871 2642 1178 2697 personam,
1207 2632 1465 2681 neutrum
1489 2630 1675 2679 autem
1700 2639 1872 2693 genus
1892 2622 2125 2678 refertur
2146 2625 2215 2679 ad
2238 2627 2545 2684 essentiam

523 2714 610 2768 vel
634 2722 910 2769 naturam.
937 2712 1089 2769 Sicut
1112 2713 1278 2767 etiam
1308 2714 1360 2765 in
1389 2712 1551 2765 rebus
1576 2711 1829 2767 humanis
1856 2726 1951 2782 per
1974 2712 2337 2767 masculinum
2365 2730 2545 2785 genus

522 2800 823 2871 quaerimus
864 2800 934 2852 de
974 2816 1222 2869 persona,
1253 2801 1435 2854 sicut:
1479 2798 1613 2867 Quis
1654 2799 1863 2853 currit?
1900 2801 2123 2867 Petrus;
2153 2816 2249 2871 per
2279 2809 2549 2859 neutrum

523 2900 696 2957 genus
725 2886 1023 2956 quaerimus
1052 2886 1120 2941 de
1143 2891 1363 2954 natura,
1395 2886 1543 2941 sicut
1568 2903 1585 2943 z
1616 2886 1756 2958 ‘Quid
1786 2891 1871 2942 est
1892 2886 2097 2942 homo?
2122 2888 2338 2945 Animal
2362 2892 2549 2947 ratio-

523 2974 667 3031 nale.
695 2973 834 3043 Quia
876 2973 1038 3045 igitur
1070 2974 1122 3029 in
1153 2974 1356 3030 divinis
1389 2976 1631 3051 essentia¹
1656 2983 1735 3030 est
1762 2974 2099 3043 indistincta,
2130 2991 2381 3047 personae
2410 2993 2559 3035 vero-

523 3064 818 3131 distinctae‚
851 3064 976 3119 ideo
1001 3062 1308 3119 nominibus
1328 3062 1663 3119 distinctivis
1692 3063 1898 3116 utimur
1924 3064 1980 3117 in
2005 3062 2209 3118 divinis
2230 3064 2287 3117 in
2315 3080 2553 3122 mascu-

522 3152 636 3208 lino
677 3168 894 3223 genere,
937 3168 1045 3209 non
1087 3158 1272 3209 autem
1301 3152 1355 3205 in
1410 3156 1619 3209 neutro.
1658 3148 1901 3207 Dicimus
1928 3151 2075 3205 enim
2104 3152 2249 3223 quod
2288 3152 2420 3209 licet
2474 3154 2557 3212 sit

524 3240 666 3296 alius
691 3242 868 3304 Pater,
911 3246 966 3293 et
1006 3240 1146 3295 alius
1185 3240 1372 3305 Filius„
1410 3245 1467 3293 ει
1496 3238 1639 3305 alius
1660 3236 1898 3309 Spiritus
1927 3229 2168 3305 sanctus,
2204 3254 2309 3295 non
2352 3248 2560 3299 tamen

523 3336 651 3383 sunt
679 3328 824 3383 aliud
851 3327 981 3398 quia
1008 3342 1114 3383 non
1142 3332 1226 3382 est
1251 3326 1445 3382 alietas
1479 3327 1543 3396 in,
1566 3326 1829 3395 ‚essentiffi
1856 3326 1959 3381 etsi
1984 3328 2059 3381 sit
2086 3326 2281 3383 alietas
2305 3322 2363 3383 in
2394 3346 2561 3402 per-

524 3416 690 3481 sonis,
721 3415 816 3469 sed
857 3414 910 3468 id
937 3415 1112 3486 ipsum
1133 3414 1284 3487 quod
1313 3420 1394 3469 est
1418 3414 1602 3480 Pater,
1636 3420 1691 3468 et
1715 3413 1906 3480 Filius,
1938 3422 1991 3469 et
2019 3414 2257 3485 Spiritus
2286 3426 2555 3488 sanctim,

478 3529 484 3533 ·
525 3502 654 3574 quia
679 3510 766 3557 est
791 3503 984 3557 eadem
1006 3498 1252 3557 'essentia
1279 3501 1465 3557 trium.
1487 3501 1557 3557 Et
1587 3510 1814 3573 propter
1837 3501 1941 3557 hoc
1964 3511 2095 3557 sunt
2114 3502 2338 3557 omnino
2366 3504 2555 3572 idem,

522 3592 570 3646 si
608 3588 754 3644 idem
782 3589 854 3643 sit
900 3591 1078 3645 neutri
1119 3590 1355 3661 generis,
1386 3589 1519 3660 quia
1560 3588 1663 3645 hoc
1693 3588 1928 3660 pertin-et
1956 3589 2029 3644 ad
2058 3590 2413 3646 identitatem
2450 3608 2563 3651 es-

523 3677 737 3743 sentiae,
777 3692 886 3733 non
927 3686 1112 3733 autem
1149 3683 1277 3733 sunt
1319 3677 1466 3732 idem
1507 3674 1815 3743 masculini,
1847 3676 1979 3749 quia
2019 3677 2123 3732 hoc
2164 3676 2383 3735 tolleret
2420 3679 2569 3740 dis-

523 3762 846 3819 tinctionem
867 3778 1246 3836 personarum.
1273 3762 1401 3837 Ideo
1430 3771 1616 3821 autem
1644 3769 1865 3837 oportet
1889 3764 2039 3839 quod
2066 3764 2179 3823 sint
2202 3766 2355 3823 idem
2396 3782 2571 3828 nen-
