2784 4392
576 301 708 345 xxv.
740 316 822 330 —
846 301 1086 345 com-na
1128 301 1341 345 mene.
1391 300 1495 344 nm
1537 302 1713 347 cunr.
1758 303 1833 347 m·
1874 305 2080 350 neue.
2254 286 2333 350 69

319 417 469 491 cipui
514 417 774 475 Ecclesiae
801 417 1236 497 doctores.3Hoc
1277 418 1445 474 etiam
1488 418 1791 475 rationibus
1834 422 2122 479 ostendere
2173 421 2334 479 facile

318 514 425 563 est.
466 507 726 565 Doctrina
768 507 913 563 enim
947 523 1119 565 sacrae
1155 508 1453 579 Scripturae
1490 506 1745 579 operibus
1781 510 2187 582 comprobatur,
2222 515 2335 567 Ac-

321 605 496 663 tuum,
531 612 570 663 1,
605 598 626 651 l
674 614 688 651 ε
721 596 894 669 Coepit
927 597 1076 653 Jesus
1101 596 1278 668 facere
1317 603 1366 652 et
1394 595 1595 661 docere,
1632 593 1828 655 Glossa
1862 615 1875 653 t
1909 600 2123 670 «ssQuod
2164 601 2333 674 coepit

319 686 500 741 facere
521 691 575 740 et
593 685 1017 741 docere-bonum
1043 686 1324 741 doctorem
1346 684 1585 749 instruit,
1621 686 1713 756 qui
1741 686 1886 759 quod
1908 688 2087 757 docet,
2123 688 2274 745 facit.
2304 710 2329 741 n

319 774 580 830 Doctrina
606 780 790 829 autem
815 789 942 829 eum
964 773 1210 845 angelica
1237 786 1342 828 non
1369 771 1545 828 solum
1570 783 1865 846 praecepta,
1894 775 1991 831 sed
2021 784 2077 831 et
2106 777 2333 834 consilia

318 862 580 918 continet.
641 861 1164 919 convenientissime
1211 876 1339 933 ergo
1384 861 1692 917 doctrinam
1735 862 2105 935 evangelicam
2149 865 2328 933 docet,

318 952 414 1024 qui
461 966 565 1007 non
596 950 772 1009 solum
817 958 1111 1025 praecepta,
1153 950 1250 1009 sed
1293 952 1461 1007 etiam
1504 950 1730 1008 consilia
1778 959 1980 1021 servat,
2026 954 2329 1027 cujusmodi

317 1048 445 1095 sunt
476 1040 733 1112 religiosi.

387 1130 544 1185 Item.
572 1129 673 1196 Oui
705 1129 937 1185 moritur
961 1128 1123 1185 alicui
1155 1129 1282 1185 vitae
1308 1128 1377 1184 ab
1407 1127 1513 1185 illis
1540 1129 1794 1201 operibus
1823 1130 2047 1199 decidit,
2095 1148 2220 1205 quae
2252 1132 2328 1189 illi

319 1218 446 1274 vitae
479 1224 804 1290 congruunt,
843 1224 898 1273 et
919 1218 1020 1290 qui
1059 1216 1242 1273 vivere
1281 1217 1472 1289 incipit
1504 1217 1687 1291 aliqua
1718 1218 1849 1286 vita,
1882 1219 1975 1276 illa
2004 1235 2169 1293 opera
2201 1227 2330 1277 tune

316 1306 419 1361 sibi
458 1307 595 1362 fiunt
641 1307 875 1363 maxime
909 1306 1312 1372 convenientia,
1363 1321 1489 1377 quae
1520 1306 1593 1361 illi
1638 1307 1767 1363 vitae
1798 1314 2134 1379 competunt,
2183 1310 2327 1365 unde

316 1395 612 1469 Dionysius
641 1412 704 1463 11,
750 1410 874 1467 cap.
905 1394 1103 1451 Erotes.
1135 1393 1428 1457 hierarch„
1476 1396 1733 1461 ostendit,
1780 1396 1925 1467 quod
1957 1404 2084 1452 ante
2112 1396 2325 1468 baptis-

315 1502 463 1541 mum
492 1502 587 1558 per
612 1500 775 1557 quem
803 1483 964 1540 homo
998 1483 1240 1539 divinam
1264 1483 1435 1539 vitam
1471 1482 1689 1555 accipit,
1726 1500 1829 1540 non
1860 1491 2041 1556 potest
2069 1501 2323 1542 exercere

315 1576 529 1629 divinas
553 1573 915 1646 operationeS‚
944 1571 1072 1643 quia
1098 1571 1378 1643 sicutipse
1402 1571 1555 1637 dicit,
1584 1577 1801 1641 oportet
1830 1572 2063 1642 primum
2088 1573 2323 1629 existere

315 1669 371 1718 et
413 1662 608 1717 deinde
651 1661 864 1733 operari
915 1677 928 1715 ε
976 1660 1071 1715 sed
1118 1658 1405 1730 religiosus
1444 1674 1541 1731 per
1573 1663 1759 1716 votum
1798 1657 2074 1730 religionis
2123 1662 2324 1717 saeculo

317 1752 548 1806 moritur
593 1752 706 1805 Deo
744 1750 948 1815 vivenS,
998 1763 1127 1820 ergo
1157 1764 1252 1820 per
1299 1747 1404 1802 hoe
1442 1746 1587 1817 quod
1618 1746 1902 1818 religiosus
1940 1756 2042 1815 est,
2088 1749 2324 1805 interdi-

314 1848 514 1896 cuntur
543 1838 642 1895 sibi
687 1829 1028 1909 operationes
1064 1836 1376 1902 saeculares,
1410 1836 1552 1891 sleut
1583 1836 1962 1903 mercationeS,
1996 1845 2051 1893 et
2087 1836 2193 1894 alia
2224 1855 2325 1894 ne-

315 1930 464 2001 gotia
492 1928 794 1993 saecularia‚
827 1943 934 1982 non
961 1934 1142 1983 autem
1169 1926 1413 1981 actiones
1437 1925 1638 1981 divinae
1660 1941 1785 1998 quae
1810 1925 2019 1981 scilicet
2048 1926 2322 1983 hominem

316 2020 368 2073 in
397 2017 507 2073 Deo
538 2018 808 2073 viventem
840 2016 1145 2087 requirunt.
1171 2013 1318 2070 Talis
1343 2020 1528 2069 autem
1560 2020 1643 2069 est
1669 2013 1854 2070 divina
1884 2014 2176 2085 confessio,
2198 2031 2323 2089 quae

316 2108 374 2162 fit
405 2122 498 2179 per
523 2105 846 2172 doctrinam,
872 2103 1012 2159 Psal.
1044 2118 1207 2169 extu,
1242 2104 1311 2157 ⁴7
1343 2092 1354 2157 ὲ
1387 2104 1515 2161 Nou
1543 2103 1746 2158 mortui
1778 2104 2070 2159 laudabunt
2106 2110 2175 2171 te,
2208 2106 2323 2160 Do·

313 2195 558 2262 mine...,·
591 2193 678 2249 sed
706 2209 800 2248 nos
828 2192 922 2263 qui
946 2191 1194 2257 vivimus,
1222 2191 1572 2247 benedicimus
1600 2192 1849 2247 Domino.
1880 2192 1948 2247 Et
1976 2194 2050 2248 ita
2084 2194 2321 2265 religiosi

249 2322 260 2329 -
315 2302 409 2357 per
439 2290 624 2339 votum
644 2282 920 2352 religionis
947 2297 978 2336 a
998 2280 1261 2336 doctrinae
1286 2280 1464 2335 officio
1490 2295 1595 2336 non
1616 2280 1999 2342 excluduntur.
2028 2283 2318 2350 Praeterea,

314 2373 389 2429 illi
433 2373 666 2429 maxime
704 2378 834 2427 sunt
880 2370 1059 2425 idonei
1099 2369 1168 2425 ad
1207 2370 1533 2436 docendum,
1582 2370 1676 2440 qui
1727 2371 1960 2426 maxime
1998 2370 2183 2426 divina
2228 2388 2323 2443 per

313 2461 826 2534 contemplationem
864 2474 1058 2531 capere
1105 2465 1348 2531 possunt,
1385 2456 1527 2512 unde
1581 2458 1879 2528 Gregorius
1919 2459 1971 2513 in
2017 2474 2075 2514 v1
2128 2458 2322 2517 Mora-

313 2552 444 2608 lium
469 2568 486 2607 .·
519 2571 545 2603 t(
569 2549 751 2619 Quieti
777 2546 1208 2620 contemplantes
1229 2545 1504 2612 sorbeant,
1534 2546 1678 2618 quod
1705 2546 1956 2618 occupati
1982 2561 2112 2621 erga
2133 2548 2322 2618 proxi-

315 2656 430 2696 mos
455 2640 738 2713 loquentes
753 2636 1042 2693 refundant
1071 2656 1096 2688 n
1124 2654 1137 2691 :
1165 2636 1259 2691 sed
1284 2636 1350 2692 ad
1374 2634 1679 2693 vocandum
1706 2634 2151 2706 contemplationi
2176 2650 2321 2707 prae-

311 2730 469 2800 cipue
504 2726 743 2798 religiosi
772 2732 901 2783 sunt
929 2724 1195 2798 deputati.
1232 2724 1371 2795 Ergo
1410 2739 1504 2797 per
1548 2723 1652 2779 hoc
1693 2722 1837 2797 quod
1883 2731 2009 2779 sunt
2055 2721 2317 2795 religiosi,

312 2816 612 2872 redduntur
637 2815 810 2885 magis
838 2816 904 2869 ad
935 2812 1239 2869 docendum
1266 2812 1447 2868 idonei
1472 2828 1639 2886 quarn
1666 2812 2053 2885 impediantur.

383 2907 539 2961 Item.
565 2902 872 2959 Ridiculum
901 2907 983 2957 est
1009 2901 1208 2968 dicere,
1249 2901 1394 2974 quod
1424 2897 1490 2957 e'x
1520 2900 1622 2957 hoc
1651 2900 1851 2974 aliquis
1890 2917 1923 2958 a
1948 2902 2197 2961 doctrina·
2229 2920 2320 2959 re·

263 3044 270 3049 .
311 2993 565 3067 pellatur,
596 3007 689 3063 per
715 2989 859 3063 quod
890 2991 1064 3062 magis
1090 2991 1310 3063 quietus
1334 2989 1403 3045 ad
1430 2990 1735 3046 vacandum
1760 2989 1942 3046 studio
1972 2999 2027 3046 et
2056 2991 2321 3048 doctrinae

311 3083 578 3149 redditur,
612 3082 752 3136 sicut
776 3078 1063 3136 ridiculum
1092 3085 1253 3145 esset,
1285 3079 1495 3158 quod-a
1524 3080 1791 3135 currendo
1818 3079 2192 3153 impediretur,
2225 3082 2317 3152 qui

312 3171 666 3243 impedientia
707 3185 927 3226 cursum
967 3168 1225 3241 relinquit
1272 3186 1285 3222 :
1335 3168 1431 3224 sed
1475 3166 1711 3239 religiosi
1758 3184 1853 3240 per
1892 3167 2090 3238 triplex
2133 3174 2319 3224 votum

310 3260 650 3330 reliquerunt
692 3259 803 3324 illa,
846 3258 1045 3330 quibus
1075 3258 1288 3313 animus
1327 3256 1562 3311 maxime
1592 3256 1949 3327 inquietatur,
1990 3261 2048 3310 ut
2078 3270 2144 3310 ex
2175 3270 2321 3326 prae-

311 3348 475 3403 dictis
518 3356 687 3417 patet.
729 3346 872 3417 Ergo
917 3347 997 3401 eis
1041 3345 1280 3401 ⁴maxime
1321 3344 1519 3400 docere
1560 3351 1615 3399 et
1643 3344 1865 3399 studere
1908 3344 2171 3415 competit
2216 3344 2322 3398 Ee-

310 3437 404 3493 cli.
451 3449 703 3498 xxxvm,
736 3436 804 3490 25
850 3434 1243 3513 :Sapientiam
1269 3433 1485 3499 Glossa,
1530 3432 1792 3499 divinam,
1823 3431 1991 3488 scribe
2033 3430 2092 3485 in
2128 3429 2321 3486 tabulis

310 3524 506 3587 eor-dis,
539 3522 699 3587 idest,
728 3522 876 3591 disee
905 3523 959 3576 in
1005 3528 1245 3592 tempore
1270 3520 1583 3588 vacuitatiS,
1611 3529 1661 3578 et
1703 3520 1793 3591 qui
1834 3520 2145 3576 minoratur
2173 3526 2324 3591 actu,

309 3611 567 3685 percipiet
593 3609 930 3681 sapientiam.
2326 3597 2331 3603 '

381 3702 538 3757 Item.
567 3698 902 3770 Pauperibus
930 3696 1126 3753 Christi
1159 3695 1393 3753 maxime
1419 3697 1679 3767 competit
1712 3693 1962 3751 notitiam
2004 3695 2320 3768 Scriptura·-

313 3804 434 3845 rum
480 3788 709 3856 habere,
756 3796 814 3843 ut
859 3792 1010 3860 patet
1050 3802 1146 3859 per
1184 3786 1596 3857 Hieronymum,
1644 3784 1697 3839 in
1743 3783 1879 3855 prol.
1927 3782 2317 3841 Hebraiearum

312 3878 681 3953 quaestionum,
717 3893 878 3951 super
907 3876 1047 3934 Gen.
1085 3893 1098 3931 z
1133 3896 1160 3930 α
1194 3874 1266 3932 Ut
1304 3888 1402 3930 nos
1432 3873 1663 3931 humiles
1686 3879 1741 3931 et
1770 3888 2053 3948 pauperes,
2089 3889 2188 3930 nec
2221 3874 2323 3930 ha-
