2784 4392
493 264 620 331 ,408
979 280 1033 329 s.
1075 278 1312 326 mona
1346 276 1681 330 momnis
1722 275 2033 325 oruscum

501 401 788 463 Cretenses
807 360 1110 475 perdocuit,
1143 366 1308 461 sicut
1313 395 1460 454 idem
1490 395 1660 453 tradit
1694 394 1968 465 ³Iustinus,
1994 392 2065 455 de
2109 390 2315 474 qulbus
2345 394 2537 453 etiam
2710 8 2721 397 ι

500 489 712 547 duobus
741 486 1132 561 Philosophus
1119 502 1174 543 in
1201 484 1433 563 praefato
1461 484 1602 545 libro
1620 484 1955 542 mentionem
1978 468 2133 541 facit.
2162 483 2233 546 Et
2252 482 2399 541 licet
2434 483 2539 539 di·-

501 592 674 639 versae
699 578 944 637 historiae
971 576 1041 633 de
1067 576 1318 651 Lycurgo
1347 572 1713 633 diversimode
1733 572 2051 675 loquantur,
2084 589 2184 633 nos
2208 581 2403 635 tamen
2430 588 2539 631 re-

483 666 691 726 lationi
711 666 954 743 ejusdem
982 664 1180 725 Justini
1210 664 1385 737 magis
1416 663 1740 731 insistimus,
1771 663 1901 737 quia
1931 662 2393 738 praeclarissimus
2420 662 2536 721 suit

501 755 853 814 historiarum
897 752 1130 828 scriptor
1171 754 1464 829 antiquus;
1488 757 1543 807 et
1574 750 1663 810 bic
1704 750 1846 810 sorte
1892 744 2123 829 contigit
2150 753 2529 811 Lacedaemo-

502 846 622 905 nios
645 861 771 903 cum
798 842 1146 903 Cretensibus
1175 842 1424 901 eamdem
1460 840 1716 899 habuisse
1757 840 2040 916 politiam3
2073 841 2219 903 unde
2262 841 2530 900 Philoso-

501 933 640 1008 phus
669 934 804 991 dicit
826 930 1268 991 Lacedaemonios
1293 930 1351 988 in
1371 930 1475 995 hoc
1498 929 1703 991 imitari
1730 930 2041 1007 Cretenses„
2066 930 2226 1013 quasi
2268 929 2343 989 ab
2378 929 2527 1007 ipsis

503 1022 652 1097 leges
679 1022 991 1083 habuerint.

570 1111 724 1170 Licet
748 1112 917 1185 igitur
939 1112 998 1171 in
1038 1110 1229 1169 multis
1265 1111 1615 1183 conveniant,
1642 1108 1903 1169 differunt
1930 1114 2112 1169 tamen
2144 1116 2421 1188 quantum
2449 1110 2521 1170 ad

501 1200 754 1260 convivia
795 1206 853 1257 et
898 1200 1248 1271 festivitates,
1282 1198 1415 1273 quia
1448 1198 1653 1263 fiebant
1694 1199 1765 1257 de
1810 1199 2082 1255 communi
2128 1198 2329 1260 aerario
2369 1200 2520 1274 apud

503 1289 808 1355 Cretenses,
837 1288 984 1364 quod
1009 1288 1244 1345 dabatur
1269 1288 1341 1345 ab
1381 1287 1576 1348 incolis
1600 1288 1671 1345 de
1702 1287 1970 1345 fructibus
1992 1295 2050 1343 et
2074 1286 2367 1363 pecoribus
2389 1304 2521 1363 quae

501 1377 868 1439 offerebantur
891 1378 948 1440 in
975 1376 1261 1439 sacrificiis
1287 1375 1345 1435 ia
1369 1375 1456 1435 his
1484 1390 1612 1455 quae
1638 1375 1709 1435 ad
1737 1378 1884 1443 Deos
1904 1376 2199 1455 pertinent,
2234 1376 2519 1455 quomodo

503 1466 743 1527 inveutae
771 1471 900 1523 sunt
915 1466 1169 1530 decimae.
1798 1455 1804 1460 ’

572 1555 697 1615 Alia
722 1556 1028 1615 differentia
1055 1563 1178 1613 erat
1199 1554 1276 1620 de
1303 1552 1641 1630 mulieribus,
1668 1552 1811 1633 quia·
1828 1552 2231 1615 Lacedaemonii
2260 1552 2518 1619 zelabant

487 1640 1015 1721 'multiplicationem
1041 1644 1229 1719 prolis,
1257 1644 1549 1703 Cretenses
1575 1659 1683 1700 non
1710 1649 1949 1707 tantum.

574 1732 764 1789 Tertia
794 1731 1102 1789 differentia
1139 1741 1260 1790 erat
1287 1731 1357 1789 de
1400 1731 1752 1805 agricultura,
1786 1732 1919 1813 quia
1951 1738 2126 1788 terras
2151 1730 2517 1791 Lacedaemo-

503 1819 721 1879 niorum
761 1819 1014 1878 colebant
1043 1821 1206 1891 servi,
1237 1826 1415 1879 terras
1456 1836 1586 1879 vero
1628 1819 1973 1879 Cretensium
2010 1818 2266 1879 colebant
2292 1822 2512 1891 incolae,

482 1908 604 1986 'per
632 1924 770 1985 quos
798 1909 1102 1967 oblationes
1129 1908 1332 1971 fiebant
1355 1910 1475 1985 jam
1500 1909 1687 1969 dictae.
2443 1889 2456 1899 ⁹
2726 1872 2731 1929 Ι

577 1998 785 2069 Quarta
809 1997 1117 2056 differentia
1155 2003 1294 2067 erat,
1335 1997 1467 2075 quia
1494 1998 1639 2072 apud
1670 1998 1960 2056 Cretenses
1995 1998 2339 2071 ,eligebantur
2376 2017 2511 2057 con·

503 2086 651 2143 sules
667 2087 784 2144 sive
809 2086 1104 2159 sapientes,
1123 2101 1261 2163 quos
1279 2086 1592 2165 Bosmoym‚
1616 2086 1672 2148 id
1692 2094 1779 2144 est
1800 2093 2021 2145 ornatos
2045 2086 2223 2157 senae,
2240 2089 2513 2148 vocabant

505 2189 612 2235 non
641 2174 710 2231 de
738 2173 1008 2245 omnibus,
1039 2175 1138 2231 sed
1175 2172 1244 2233 de
1273 2176 1594 2251 majoribuS,
1626 2184 1683 2233 et
1720 2184 1879 2234 erant
1908 2175 2095 2256 plures
2124 2192 2389 2247 numer03
2416 2178 2513 2235 sed

503 2264 906 2325 Lacedaemonii
935 2264 1004 2321 de
1028 2265 1299 2334 omnibuS,
1327 2280 1466 2341 quos
1498 2265 1779 2345 Aphorym
1806 2266 2085 2335 dicebant,
2115 2265 2173 2322 id
2196 2274 2281 2325 est
2306 2284 2514 2346 procu-

503 2362 718 2413 ratores
765 2354 1114 2428 reipublicae,
1159 2355 1259 2413 sed
1298 2346 1625 2437 pauciores3
1674 2362 1734 2413 et
1774 2352 1879 2413 hoc
1918 2356 2144 2431 quidem
2187 2356 2511 2415 Aristoteles

507 2445 684 2518 magis
710 2443 1075 2514 commendat,
1107 2444 1255 2524 quod
1295 2446 1475 2507 minor
1503 2451 1623 2503 erat
1660 2444 1875 2502 occasio
1914 2443 2227 2502 concitandi
2271 2446 2506 2505 turbam.

579 2534 742 2592 Ratio
769 2539 954 2595 autem
984 2532 1340 2594 dissensionis
1367 2534 1514 2613 apud
1550 2535 1861 2605 Cretenses,
1886 2534 2019 2613 quia
2048 2532 2176 2591 olim
2203 2530 2508 2595 habuerunt

507 2640 714 2697 regem,
746 2623 816 2680 de
863 2638 974 2701 quo
1016 2623 1226 2685 dictum
1267 2631 1354 2680 est
1395 2639 1581 2698 supra,
1625 2624 1722 2680 sed
1760 2628 2009 2700 tempore
2049 2623 2365 2682 Aristotelis
2402 2642 2507 2683 non

506 2702 784 2773 habebant
813 2711 917 2767 nisi
941 2712 1136 2768 ducem
1181 2728 1346 2788 quem
1373 2710 1508 2768 dicti
1550 2713 1827 2791 sapientes
1862 2712 2138 2785 eligebant
2156 2729 2171 2787 ;
2202 2714 2349 2770 unde
2381 2715 2507 2789 quia

507 2798 738 2875 populus
766 2814 1045 2875 nunquam
1076 2798 1314 2857 habebat
1350 2799 1692 2869 electionem,
1726 2802 2027 2859 fomentum
2056 2810 2175 2861 erat
2204 2803 2429 2862 invidias
2454 2809 2506 2861 et

495 2892 603 2963 'per
630 2902 969 2963 consequens
1009 2886 1143 2944 odii.
1167 2888 1275 2945 Sed
1317 2888 1719 2947 Lacedaemonii
1748 2890 1852 2947 etsi
1892 2890 2157 2949 haberent
2202 2909 2389 2965 regem
2417 2909 2508 2951 se·

507 2975 747 3035 cundum
797 2974 1127 3049 beneplaciti
1186 2984 1436 3049 tempus,
1494 2976 1802 3051 eligebatur
1855 2986 2039 3037 tamen
2090 2997 2122 3038 a
2173 2981 2508 3055 sapientibus

507 3072 821 3141 assumptus
848 3065 916 3122 de
957 3066 1209 3123 omnibus
1229 3066 1497 3142 gradibus
1524 3068 1751 3137 civium,
1784 3073 1839 3125 et
1862 3068 1967 3125 hoc
1994 3068 2285 3127 videbatur
2313 3086 2508 3130 conso-

506 3173 639 3214 num
663 3155 883 3224 rationi,
911 3162 972 3213 ut
999 3171 1267 3213 consensu
1293 3157 1465 3213 totius
1492 3156 1705 3214 consilii
1734 3158 2001 3230 assumpti
2030 3158 2099 3215 ad
2142 3160 2388 3231 regimen
2411 3176 2509 3234 po-

499 3246 624 3321 puli
654 3245 813 3303 fieret
837 3254 955 3311 rex,
981 3252 1048 3304 nt
1071 3244 1236 3307 hodie
1267 3246 1639 3309 communiter
1670 3245 1881 3309 faciunt
1906 3246 2163 3305 civitates
2186 3248 2387 3311 Italiae.
2422 3248 2509 3309 Sic

498 3334 654 3395 enim
673 3334 920 3401 civitatis
943 3349 1146 3412 nomen
1169 3334 1453 3408 importat.
1480 3348 1606 3408 quae
1626 3342 1714 3399 est
1742 3337 2045 3395 secundum
2072 3337 2441 3409 augustinum
2466 3352 2506 3395 1.

507 3425 587 3482 De
636 3424 866 3483 Ciuitate
906 3424 1034 3490 Dei,
1071 3422 1349 3479 hominum
1389 3422 1705 3492 multitudo,
1749 3423 1935 3498 aliquo
1975 3425 2259 3491 societatis
2296 3424 2508 3489 vinculo

509 3513 784 3587 colligata,
805 3512 946 3569 unde
966 3512 1164 3571 civitas
1192 3512 1348 3587 quasi
1372 3511 1577 3583 civium
1603 3513 1807 3570 unitaS.
1835 3514 1969 3577 Cum
1995 3529 2125 3587 ergo
2153 3529 2353 3571 nomen
2374 3514 2508 3573 civi-

489 3594 642 3661 'tatis
663 3616 854 3663 omnes
871 3602 1021 3659 cives
1042 3599 1306 3669 includat,
1335 3598 1663 3671 rationabile
1687 3600 1912 3677 quidem
1940 3602 2157 3660 videtur
2177 3604 2247 3660 ad
2271 3604 2509 3677 regimen

525 3692 629 3764 {jus
656 3690 728 3748 de
773 3688 999 3764 singulis
1025 3690 1318 3767 generibus
1363 3690 1568 3748 civium
1598 3690 1809 3747 'debere
1846 3684 2075 3767 requiri,
2101 3688 2268 3768 prout
2290 3694 2510 3767 exigunt

523 3780 710 3837 uerita
735 3779 1074 3853 singulorum
1111 3794 1179 3839 ac
1213 3778 1391 3839 civilis
1416 3778 1697 3853 regiminis
1724 3784 1922 3839 status.
1950 3780 2152 3837 Politia
2184 3767 2319 3857 ergo
2342 3781 2510 3841 Lace-

509 3867 904 3945 daemoniorum
927 3877 1102 3945 quam·
1117 3867 1461 3932 Cretensium
1483 3868 1540 3925 in
1564 3868 1673 3929 hoc
1699 3867 1893 3953 melior
1919 3867 2235 3953 videbatur.

405 3488 422 3518 “ι
