2784 4392
422 292 504 359 12
900 309 952 355 e.
997 307 1232 354 'rnouAE
1270 307 1597 359 Aetnmns
1639 307 1945 355 croscum

423 426 628 491 fectum
654 425 936 483 ordinatur
976 424 1045 483 ad
1089 426 1407 497 perfectum,
1439 430 1492 481 et
1521 426 1601 482 sic
1630 441 1849 483 necesse
1879 426 1951 483 sit
1978 443 2011 484 a
2037 430 2327 503 praeceptis
2356 431 2423 487 ad

422 516 650 573 consilia
682 514 934 583 transire,
967 516 1112 572 sicut
1156 515 1226 570 ab
1266 514 1584 588 imperfecto
1633 516 1701 571 ad
1745 516 2044 588 perfectum
2082 522 2419 590 pervenitur.

423 606 559 661 Cum
603 612 788 663 autem
825 604 928 660 hoc
973 602 1292 676 simpliciter
1343 604 1411 659 ad
1458 605 1745 678 praeceptis
1788 608 2097 673 enuncient,
2139 608 2419 665 falluntur.

423 693 770 751 Manifestum
801 700 883 749 est
911 693 1055 748 enim
1087 691 1357 769 praecipua
1386 698 1659 763 praecepta
1684 708 1803 749 esse
1827 694 1893 748 de
1924 695 2215 753 dilectione
2239 698 2338 753 Dei
2369 708 2423 755 et

424 784 680 857 proximi,
726 782 1026 839 secundum
1055 782 1198 852 quod
1238 781 1503 837 Dominus
1546 781 1679 836 dicit
1720 782 1911 838 Matth.
1956 800 2107 840 xxn.
2142 786 2227 853 37,
2278 790 2419 859 quod

425 874 660 945 primum
685 878 741 927 et
762 870 1055 927 maximum
1083 869 1400 925 mandatum
1426 870 1557 941 legis
1578 876 1693 925 est:
1718 872 1919 942 Diliyes
1945 873 2229 930 Dominum
2255 876 2423 933 Deum

425 969 575 1019 tuum
603 978 670 1017 ex
710 967 816 1017 toto
846 960 999 1014 corde
1045 966 1153 1026 tuo,
1183 960 1466 1015 secundum
1513 963 1688 1015 autem
1715 960 1883 1015 simile
1917 969 1993 1016 est
2038 963 2163 1017 huic
2189 981 2206 1020 .·
2238 965 2423 1036 diliqes

423 1050 726 1128 proximum
760 1048 1096 1121 tuum,‚sicut
1133 1056 1182 1106 te
1215 1048 1410 1131 ipsum.
1449 1049 1508 1103 In
1553 1048 1635 1103 his
1666 1054 1849 1104 autem
1880 1050 2092 1107 duobus
2130 1056 2421 1126 praeceptis

426 1140 792 1198 essentialiter
821 1137 1071 1193 consistit
1115 1138 1242 1193 vitae
1278 1136 1603 1193 Christianae
1632 1137 1912 1208 perfectio.
1944 1140 2097 1196 Unde
2132 1143 2420 1215 Apostolus

425 1228 557 1285 dicit
585 1228 653 1285 ad
677 1227 883 1284 Coloss.
914 1242 999 1292 ιιι,
1023 1228 1088 1281 14
1114 1226 1321 1297 :Super
1349 1225 1527 1280 omnia
1552 1232 1729 1282 autem
1750 1226 1859 1281 haec
1887 1227 2201 1285 char-itatem
2220 1232 2417 1298 habete,

428 1316 566 1390 quod
585 1323 661 1373 est
683 1316 948 1371 vinculum
973 1313 1336 1386 perfectionis.
1375 1313 1474 1369 Ubi
1502 1313 1847 1375 dicitGloss.
1878 1317 2023 1387 quod
2066 1325 2265 1375 caetera
2291 1337 2419 1392 per-

423 1407 629 1461 fectum
679 1404 884 1459 faciunt
932 1404 985 1457 in
1026 1408 1292 1475 quantum
1334 1401 1545 1458 scilicet
1593 1402 1663 1458 ad
1710 1402 2034 1460 charitatem
2076 1407 2415 1476 ordinantur,

425 1493 666 1549 charitas
707 1500 891 1548 autem
938 1490 1120 1546 omnia
1166 1488 1319 1560 ligat.
1375 1488 1442 1543 Et
1489 1488 1615 1545 inde
1652 1497 1756 1556 est,
1808 1491 1951 1563 quod
1992 1508 2115 1548 cum
2159 1494 2417 1553 Dominus

424 1580 618 1637 Matth.
651 1598 705 1648 v,
731 1582 816 1647 48,
845 1584 1119 1653 praecepta
1144 1578 1212 1633 de
1242 1577 1472 1649 proximi
1503 1577 1794 1635 dilectione
1820 1580 2059 1635 dedisset
2089 1581 2367 1653 subjunxit
2402 1602 2415 1641 z

425 1671 610 1727 Estote
635 1687 758 1742 erqo
785 1686 874 1725 vos
899 1666 1146 1741 perfecti,
1168 1666 1306 1723 sicut
1331 1673 1379 1722 et
1402 1666 1569 1722 Pater
1596 1674 1767 1724 vester
1796 1670 2010 1727 coelestis
2028 1664 2296 1743 perfeetus
2322 1682 2417 1741 est,

424 1767 480 1815 et
504 1759 744 1816 Matthaei
771 1774 897 1824 xix,
926 1757 1014 1826 27,
1042 1772 1204 1827 super
1227 1755 1359 1810 illud
1392 1772 1405 1811 ε
1437 1756 1573 1811 Ecce
1600 1773 1693 1813 nos
1718 1757 2033 1829 reliquimus
2061 1762 2241 1817 omnia
2262 1772 2313 1821 et
2335 1780 2417 1819 se·-

425 1848 537 1904 cuti
561 1863 740 1904 sumus
765 1854 834 1912 te,
853 1846 986 1902 dicit
1005 1846 1250 1907 Hier-om:
1269 1864 1296 1898 α
1321 1844 1461 1914 Quia
1480 1860 1587 1901 non
1615 1846 1815 1901 sufficit
1842 1855 2055 1903 tantum
2090 1850 2415 1923 relinquere,

418 1936 601 2010 jungit
630 1935 776 2009 quod
798 1934 1097 2007 perfectum
1122 1940 1224 2000 est,
1253 1940 1304 1990 et
1321 1933 1485 1989 secuti
1502 1950 1682 1989 sumus
1707 1942 1774 1991 te.
1798 1953 1824 1985 ι)
1844 1934 2221 2006 Sequebantur
2236 1947 2417 1997 autem

425 2024 674 2100 Apostoli
706 2022 1016 2089 Dominum,
1053 2038 1157 2078 non
1197 2025 1310 2078 tam
1349 2022 1601 2095 passibus
1632 2022 1894 2093 corporiS,
1938 2038 2101 2093 quam
2136 2026 2419 2085 affectibus

425 2112 688 2186 corporiS,
721 2126 886 2185 quam
925 2110 1208 2167 affectibus
1239 2112 1459 2167 mentiS.
1493 2111 1649 2168 Unde
1681 2126 1843 2183 super
1880 2108 2015 2166 illud
2044 2112 2177 2170 Luc.
2208 2132 2247 2172 v
2276 2134 2289 2172 ε
2319 2118 2421 2176 Ait

426 2201 548 2271 illi,¹
561 2217 772 2273 sequere
799 2216 900 2255 me.
923 2199 1068 2256 Dicit
1082 2199 1330 2256 Ambros.
1355 2218 1413 2255 z«
1432 2199 1593 2271 Sequi
1614 2198 1789 2271 jubet,
1812 2216 1916 2257 non
1943 2203 2186 2275 corporis
2210 2222 2416 2278 gressu,

427 2291 522 2349 sed
547 2290 746 2347 mentis
775 2290 1040 2346 affectu.»
1058 2290 1215 2344 Patet
1245 2289 1431 2359 igitur,
1464 2288 1608 2361 quod
1636 2287 1909 2362 praecipue
1934 2291 1988 2346 in
2015 2293 2214 2350 affectu
2238 2295 2421 2352 chari-

427 2378 560 2437 tatis
585 2378 653 2435 ad
682 2379 855 2433 Deum
880 2376 1139 2450 perfectio
1162 2376 1487 2433 Christianae
1509 2376 1640 2433 vitae
1665 2378 1933 2446 consistit,
1962 2384 2018 2435 et
2046 2380 2149 2437 hoc
2175 2384 2421 2440 rationa-

427 2467 610 2525 biliter
637 2483 652 2522 ε
685 2465 976 2538 cujuslibet
1003 2466 1147 2521 enim
1176 2466 1253 2521 rei
1284 2466 1549 2538 perfectio
1572 2466 1627 2521 in
1655 2468 1973 2523 executione
1996 2468 2080 2523 sui
2106 2469 2229 2526 finis
2258 2487 2423 2528 cons-

429 2556 564 2615 titit.
602 2556 750 2613 Finis
787 2560 974 2613 autem
1000 2554 1330 2612 'christianae
1380 2554 1511 2611 vitae
1549 2560 1635 2609 est
1674 2554 1931 2623 charitas,
1979 2556 2049 2613 ad
2087 2574 2253 2629 quam
2294 2571 2420 2619 sunt

429 2644 612 2703 omnia
634 2644 905 2711 ordinata,
934 2644 1232 2701 secundum
1263 2642 1397 2698 illud
1421 2644 1444 2698 1
1468 2642 1537 2699 ad
1561 2641 1771 2698 Thim0.
1802 2658 1842 2711 1,
1871 2645 1905 2697 5
1937 2660 1951 2698 z
1984 2643 2147 2701 Finis
2167 2650 2423 2722 praecepti

429 2734 664 2791 charitas
687 2740 784 2800 est,
815 2732 906 2789 ubi
929 2733 1064 2789 dicit
1097 2732 1278 2789 Glos3.
1303 2748 1318 2785 ε
1353 2751 1379 2784 α
1412 2730 1665 2787 Charitas
1689 2738 1762 2788 est
1790 2731 1936 2803 finis,
1969 2732 2111 2790 idest
2136 2739 2418 2809 perfecti0,

428 2820 680 2897 praecepti
703 2822 756 2877 id
777 2828 862 2877 est
880 2829 1278 2895 praeceptorum
1307 2819 1549 2876 omnium
1569 2835 1801 2893 quorum
1821 2821 2063 2895 impletio
2090 2833 2173 2882 est
2201 2826 2423 2885 dilectio

427 2911 529 2969 Dei
558 2919 611 2967 et
631 2910 882 2984 proximi.
904 2929 933 2963 »

502 2998 730 3073 Oportet
754 3007 939 3057 autem
962 2999 1327 3066 considerare,
1357 2997 1503 3071 quod
1522 2996 1667 3058 alter
1692 2999 2051 3071 judicandum
2078 3008 2161 3061 est
2190 3005 2260 3061 de
2294 3006 2418 3075 fine,

429 3092 486 3147 et
515 3088 583 3145 de
611 3088 696 3147 his
718 3104 845 3164 quae
874 3094 1001 3145 sunt
1031 3088 1099 3145 ad
1123 3086 1308 3143 finem.
1334 3086 1394 3141 In
1423 3085 1508 3140 his
1530 3086 1675 3141 enim
1701 3103 1825 3161 quae
1849 3094 1977 3145 sunt
2005 3091 2075 3147 ad
2104 3092 2266 3150 finem
2296 3112 2423 3167 prae·

429 3178 646 3251 figenda
676 3186 760 3234 est
785 3178 1035 3252 quaedam
1073 3190 1344 3242 mensura,
1379 3174 1680 3231 secundum
1707 3177 1853 3250 quod
1885 3181 2135 3249 congruit
2167 3182 2279 3237 fini.
2320 3186 2424 3242 Sed

425 3268 582 3324 'circa
605 3265 784 3340 ipsum
799 3267 961 3323 finem
977 3263 1122 3321 nulla
1138 3278 1391 3319 mensura
1410 3260 1716 3332 adhibetur,
1738 3266 1837 3321 sed
1858 3268 2230 3343 unusquisque
2250 3272 2427 3345 ipsum

431 3358 760 3430 assequitur,
792 3362 1056 3431 quantum
1083 3359 1297 3427 potest:
1326 3352 1407 3410 sic
1434 3354 1681 3412 medicus
1706 3356 2032 3414 medicinam
2061 3358 2427 3433 quidem'mo-

431 3445 674 3513 deratur,
706 3461 774 3501 ne
817 3442 1229 3517 superexcedat,
1259 3442 1553 3499 sanitatem
1582 3452 1767 3502 autem
1804 3446 2014 3503 inducit
2050 3456 2257 3521 quanto
2299 3468 2428 3524 per-

430 3533 629 3591 fectius
673 3538 876 3607 potest.
919 3532 1010 3589 Sic
1055 3530 1223 3603 igitur
1266 3537 1602 3605 praeceptum
1639 3534 1945 3592 dilectionis
1988 3536 2107 3605 Dei,
2154 3539 2299 3611 quod
2344 3546 2427 3594 est

431 3620 660 3679 ultimus
688 3621 811 3677 finis
833 3616 1147 3676 christianae
1169 3618 1318 3685 vitae,
1344 3620 1505 3675 nullis
1538 3623 1782 3678 terminis
1805 3630 2137 3692 coarctatur,
2168 3632 2227 3679 ut
2256 3627 2427 3697 possit

431 3710 560 3777 dici,
596 3709 742 3783 quod
773 3716 927 3766 tanta
963 3706 1184 3765 dilectio
1222 3708 1322 3766 Dei
1360 3710 1523 3767 cadat
1551 3710 1652 3765 sub
1692 3721 2007 3785 praecepto:
2039 3714 2215 3782 maj0r
2243 3719 2428 3772 autem

431 3798 655 3855 dilectio
684 3796 887 3853 limites
921 3798 1186 3873 praecepti
1213 3799 1486 3855 excedens
1523 3798 1625 3853 sub
1660 3798 1888 3855 consilio
1930 3800 2093 3857 cadat
2125 3817 2140 3858 ι
2170 3802 2265 3857 sed
2306 3805 2425 3859 uni-
2479 3798 2535 3840 0

430 3888 632 3962 cuique
673 3884 1006 3958 praecipitur,
1049 3894 1110 3945 ut
1157 3888 1329 3945 Deum
1375 3886 1587 3959 diligat,
1629 3892 1897 3962 quantum
1938 3893 2139 3963 potest,
2170 3892 2317 3969 quod
2362 3909 2429 3957 ex

2771 4015 2781 4349 l
