2784 4392
559 328 690 374 xiv.
725 346 804 359 -
831 328 1068 373 conruit
1109 325 1324 373 mene.
1372 329 1474 373 nm
1516 324 1690 373 cunr.
1735 330 1810 373 nr
1852 330 2056 375 mame.
2232 316 2313 377 65

306 452 399 504 tur
434 445 528 503 illa
551 446 742 518 religio
771 462 892 503 esse
924 446 1266 513 eminentior,
1299 461 1425 519 quae
1464 445 1697 517 digniori
1730 448 1877 502 actui
1919 447 2225 517 dedicatur,
2254 457 2313 503 ut.

305 534 388 591 sic
427 535 728 593 secundum
763 535 1226 608 comparationem
1275 534 1491 601 activae,
1525 543 1580 590 et
1624 535 2063 608 contemplativae
2094 538 2222 593 vitae
2258 538 2313 593 in

306 624 545 681 utilitate
576 620 926 695 et'dignitate
952 624 1255 696 accipiatur
1278 625 1619 697 comparatio
1649 624 1991 697 religionum,
2020 642 2145 699 quae
2171 626 2313 683 acti-

308 728 396 770 vae
420 722 474 769 et
498 728 622 787 quae
650 712 1090 785 contemplativae
1117 711 1471 784 deputantur.

376 802 642 867 Secundo,
683 817 749 856 ex
779 801 1186 871 comparatione
1231 800 1508 871 religionis
1546 801 1612 857 ad
1654 802 2029 858 executionem
2067 802 2214 859 illius
2243 804 2310 859 ad

307 889 451 962 quod
474 896 556 945 est
582 889 853 945 instituta.
881 890 998 945 Non
1021 889 1164 944 enim
1189 888 1389 945 sufficit
1417 890 1729 961 religionem
1753 890 1993 965 aliquam
2015 891 2080 947 ad
2106 890 2313 965 aliquid

307 978 538 1041 institui,
573 978 675 1035 nisi
705 980 777 1033 sit
806 977 986 1034 taliter
1015 978 1265 1034 ordinata
1291 977 1763 1040 observationibus
1790 986 1845 1035 et
1870 980 2044 1035 modis
2070 982 2311 1049 vivendi,

307 1068 451 1139 quod
493 1067 560 1123 ad
605 1083 765 1122 suum
809 1060 972 1121 finem
1012 1068 1128 1121 sine
1161 1066 1549 1139 impedimento
1582 1070 1872 1138 pertingat,
1918 1069 2059 1124 sicut
2102 1070 2148 1124 si
2194 1070 2317 1127 duae

306 1156 594 1227 religiones
620 1165 746 1212 sunt
788 1156 1055 1211 institutae
1085 1155 1154 1211 ad
1196 1156 1697 1227 contemplandum,
1724 1160 1817 1216 illa
1866 1169 1958 1229 per
2000 1173 2166 1230 quam
2212 1159 2316 1214 ho·

305 1245 437 1301 mini
464 1243 684 1300 liberior
705 1242 1094 1315 contemplatio
1121 1243 1386 1310 redditur,
1418 1242 1580 1299 debet
1606 1242 1903 1316 perfectior
1918 1244 2178 1315 judicari.
2210 1246 2312 1301 Sed

306 1334 436 1405 quia
463 1338 523 1387 ut
553 1332 686 1388 dicit
716 1332 1095 1403 Augustinus:
1131 1351 1156 1383 α
1189 1331 1360 1386 Nemo
1386 1338 1569 1403 potest
1604 1347 1797 1387 novam
1836 1332 2005 1387 vitam
2038 1333 2310 1399 inchoate,

305 1421 410 1476 nisi
439 1420 640 1479 veteris
663 1436 785 1475 etim
810 1419 940 1477 vitae
970 1418 1252 1493 poeniteat‚
1283 1438 1308 1471 >³
1334 1418 1592 1492 quaelibet
1622 1420 1810 1490 religio
1840 1437 1936 1493 per
1960 1438 2124 1492 quam
2156 1421 2314 1477 homo

309 1525 502 1567 novam
544 1510 714 1565 vitam
754 1509 993 1578 inchoat,
1029 1509 1251 1581 quidam
1287 1508 1626 1581 poenitentiae
1656 1514 1833 1561 status
1862 1514 1965 1574 est,
2004 1518 2059 1563 ut
2090 1508 2249 1563 homo
2281 1526 2311 1563 a

305 1601 476 1659 veteri
527 1600 640 1657 vita
693 1605 956 1673 purgetur
1001 1615 1014 1653 ε
1066 1604 1121 1653 et
1167 1596 1272 1653 hoc
1313 1596 1473 1652 tertio
1514 1597 1672 1651 modo
1728 1604 1952 1667 possunt
2008 1600 2330 1667 comparari·

307 1688 616 1761 religioneS,
663 1695 721 1744 ut
767 1686 859 1743 illa
908 1686 1122 1743 dicatur
1167 1683 1460 1758 perfectior
1512 1700 1637 1757 quae
1684 1685 1915 1755 majores
1964 1686 2315 1741 austeritates

306 1778 492 1842 habet,
538 1777 680 1831 sicut
717 1774 770 1829 in
805 1774 1034 1847 jejuniO,
1067 1772 1150 1829 vel
1185 1771 1647 1845 paupertate,‘vel‚
1674 1772 1799 1833 aliis
1825 1772 2151 1845 hujusmodi,
2186 1774 2313 1847 quia

305 1880 474 1939 opera
490 1862 850 1919 satisfactoria
869 1861 1069 1919 debent
1091 1878 1210 1918 esse
1234 1860 1471 1935 poenalia
1498 1876 1512 1915 z
1546 1860 1641 1917 sed
1667 1860 1860 1935 primae
1878 1862 2315 1933 comparationes

307 1963 434 2013 sunt
464 1953 637 2025 magis
683 1952 928 2024 religioni
959 1950 1296 2019 essentiales,
1329 1957 1386 2006 et
1415 1950 1536 2005 ideo
1569 1952 1867 2008 secundum
1906 1967 1997 2007 eas
2027 1960 2110 2007 est
2143 1954 2312 2024 magis

307 2042 570 2119 perfectio
611 2040 889 2114 religionis
927 2039 1244 2112 judicanda,
1291 2046 1349 2095 et
1391 2040 1665 2113 praecipue
1706 2055 1829 2095 cum
1880 2039 2141 2111 perfectio
2186 2043 2315 2107 vitae

309 2131 482 2201 magis
523 2130 786 2185 consistat
830 2128 882 2183 in
925 2126 1167 2188 interiori
1197 2128 1437 2199 justitia,
1470 2142 1637 2200 quam
1666 2127 1722 2181 in
1745 2128 2001 2185 exteriori
2030 2127 2313 2183 abstineri·
2374 2160 2383 2169 ·

309 2219 406 2275 tia.
446 2218 535 2275 Sic
563 2232 692 2289 ergo
734 2220 887 2289 patet
927 2214 1054 2287 quid
1097 2214 1168 2271 sit
1211 2215 1401 2287 religio
1438 2221 1494 2270 et
1519 2215 1575 2271 in
1604 2229 1713 2289 quo
1744 2216 2003 2288 perfectio
2037 2215 2317 2289 religionis

309 2308 594 2365 consistat..

380 2397 476 2452 His
503 2395 668 2466 igitur
698 2392 830 2449 visis
865 2382 1265 2463 procedendum
1294 2396 1378 2445 est
1420 2390 1489 2447 ad
1517 2406 1583 2447 ea
1612 2390 1946 2449 excludenda
1976 2392 2173 2465 quibus
2212 2393 2313 2451 ad-

309 2483 537 2541 versarii
565 2481 843 2555 religionis
873 2477 1188 2551 religionem
1226 2479 1531 2552 opprimere
1554 2487 1847 2546 conantur.
1869 2480 1973 2537 hoc
2002 2483 2160 2539 modo
2185 2470 2315 2555 pro'-

310 2573 584 2631 cedentes,

385 2698 559 2754 Primo
600 2694 745 2751 enim
779 2672 1140 2767 inquiremus,
1172 2698 1358 2749 utrum
1403 2690 1565 2749 alicui
1615 2691 1869 2765 religioso
1896 2692 2091 2752 docere
2132 2695 2310 2753 liceat.

379 2779 645 2849 Secundo,
677 2788 855 2839 utrum
881 2780 1167 2855 religiosus
1199 2781 1374 2856 possit
1417 2796 1535 2840 esse
1564 2780 1633 2841 de
1657 2782 1887 2856 collegio
1916 2782 2163 2841 eaeculari
2196 2800 2317 2843 ma-

311 2875 610 2948 gistrorum
638 2870 806 2931 licite.

383 2962 587 3029 Tertio,
616 2966 798 3015 utrum
820 2958 1075 3033 religioso
1097 2958 1260 3017 liceat
1286 2958 1607 3033 praedicare‚
1630 2964 1687 3017 et
1712 2921 2080 3019 confessiones
2106 2963 2316 3037 audire,

310 3053 360 3109 si
385 3065 571 3106 curam
599 3062 703 3104 non
731 3047 928 3105 habeat
955 3049 1279 3105 animarum.

383 3139 609 3211 Quarto,
653 3144 832 3195 utrum
873 3136 1158 3209 religiosus
1201 3144 1451 3193 teneatur
1492 3138 1730 3211 propriis
1768 3139 2022 3197 manibus
2067 3138 2317 3196 liberare.

383 3229 602 3296 Quinto,
645 3236 825 3281 utrum
859 3225 1019 3282 liceat
1057 3225 1309 3297 religioso
1349 3225 1531 3280 emnia
1561 3242 1659 3282 sua
1705 3227 2009 3299 relinquere
2059 3228 2133 3283 ita
2175 3230 2315 3298 qnod

310 3315 446 3373 nihil
475 3316 574 3369 sibi
602 3312 988 3386 possidendum
1017 3323 1296 3371 remaneat
1319 3330 1427 3377 ,nec
1457 3316 1509 3368 in
1542 3315 1778 3387 proprio,
1814 3323 1919 3371 nec'
1944 3318 1993 3369 in
2022 3318 2316 3374 communi.

384 3404 568 3467 Sext0,
601 3407 782 3457 utrum
827 3402 1000 3475 possit
1026 3401 1210 3460 vivere
1258 3401 1326 3458 de
1374 3402 1755 3475 eleemosynis,
1789 3402 1852 3459 ‘et
1889 3404 1955 3458 de
1997 3418 2048 3457 m
2086 3405 2321 3458 aniculus

313 3506 610 3571 proecnpue.

1114 3650 1395 3719 CAPUT
1447 3651 1532 3719 11.

873 3776 976 3839 An
1006 3776 1286 3855 religioso
1333 3775 1509 3836 lc'ceccc
1540 3774 1758 3836 docere.

388 3903 701 3966 Doctrinam
733 3910 914 3961 aulem
943 3903 1333 3973 religiosam-utu,
1367 3920 1429 3952 m·
1458 3900 1663 3953 ›ridel-t
1692 3902 1881 3952 ‹torvi-‹-
1918 3922 1979 3972 μ4
2068 3924 2075 3933 ·
2106 3922 2114 3953 ι

823 4020 876 4069 S.
909 4018 1066 4071 Tuon.
1099 4022 1187 4073 Ao.
1222 4021 1488 4067 Oruscmm.
1512 4040 1573 4053 —
1598 4016 1653 4065 ΙΙΙ
1714 4041 1773 4055 -
1798 4016 1828 4065 5
