2784 4392
6 1945 9 1970 -”
9 1837 11 1852 -
8 1787 13 1804 -
8 1745 12 1762 ⁶-
9 1665 11 1684 -’
8 1257 19 1632 ”nv—vv-vff-—v-
12 1211 17 1238 --
12 959 20 1186 --v.-·....-..-,
15 831 17 926 -,.,.-.,.
15 777 17 808 ,.-,
15 739 17 748 -
17 647 19 686 -,,

468 249 587 314 196
886 262 900 276 ‘
938 269 991 314 s.
1032 265 1272 313 τιιοιωι
1302 265 1643 319 sommus
1683 265 1994 312 oroscum

469 384 692 456 angelus
730 391 972 443 assumet
1010 384 1078 442 ad
1123 383 1532 458 praedicandum
1569 382 1867 442 salsitatem
1909 395 2097 450 suam,
2141 387 2358 440 astutos
2409 397 2476 440 ac

468 471 925 546 duplices,'atque
954 472 1114 544 hujus
1139 471 1325 529 mundi
1354 471 1646 528 scientiam
1668 470 1951 533 habenteS‚
1985 470 2261 527 electurus
2299 476 2405 526 est.
2440 487 2470 522 a

470 561 623 617 Unde
652 577 719 618 ex
760 561 864 618 hoc
905 561 1023 633 ipso
1057 577 1153 617 eos
1188 560 1348 633 quasi
1376 560 1715 634 praenuntios
1750 557 2076 616 Antichristi
2116 557 2468 629 insimulant;

467 649 598 723 quia
627 650 1035 722 praedicationis
1061 649 1299 705 officium
1328 649 1559 705 scientia
1586 648 1856 718 fulgentes
1883 652 2162 701 exercent.

537 740 693 796 Item.
726 743 898 812 Apoc.
930 753 1064 808 xm,
1090 739 1149 793 Μ
1184 754 1200 794 z
1227 737 1366 805 Vidi
1392 737 1558 794 aliam
1585 737 1804 794 bestiam
1827 735 2188 793 ascendentem
2212 737 2273 792 de
2292 744 2469 804 terra,

358 871 366 878 .
467 835 515 884 et
544 828 761 885 habebat
796 844 1002 885 cornua
1040 827 1145 884 duo
1178 826 1383 884 similia
1406 822 1564 899 'aqniss
1588 826 1786 884 Glossa
1816 841 1828 880 e
1863 845 1890 878 α
1919 825 2208 897 Descripta
2236 825 2473 882 tribula-

470 917 617 974 tione
656 933 779 991 quae
818 919 923 974 erit
973 933 1071 990 per
1118 915 1535 983 Antichristum,
1581 923 1636 971 et
1673 929 1803 971 suos
1850 914 2144 987 principes,
2190 913 2473 986 subjungit

469 1005 630 1062 aliam
686 1021 811 1078 quae
860 1006 952 1062 fiet
998 1023 1095 1080 per
1142 1004 1432 1080 Apostolos
1487 1018 1625 1077 quos
1680 1003 1796 1074 ipse
1847 1017 1945 1075 per
1987 1007 2165 1058 totum
2207 1001 2470 1058 mundum

469 1087 769 1167 sparget.»
1630 1129 1634 1135 -

543 1185 695 1239 ltem.
714 1182 950 1239 Glossa.
976 1182 1371 1248 Ascendcntem,
1398 1180 1559 1238 idest
1587 1179 1641 1237 in
1668 1180 2058 1254 praedicatione
2074 1179 2473 1253 proficientem.

470 1273 627 1338 Item,
658 1287 823 1344 super
862 1270 1042 1327 illud:
1074 1268 1309 1326 Habebat
1339 1270 1445 1326 duo
1473 1285 1695 1334 cornua,
1722 1269 1964 1326 Glossa:
2001 1289 2027 1321 α
2069 1267 2209 1338 Quia
2238 1267 2474 1324 simula-

470 1357 605 1414 bunt
634 1376 692 1415 se
734 1358 935 1416 habere
972 1358 1341 1415 innocentiam
1364 1363 1422 1412 et
1459 1373 1650 1432 puram
1680 1358 1870 1424 vitam,
1911 1372 2098 1413 veram
2139 1357 2468 1424 doctrinam,

470 1455 527 1504 et
573 1447 836 1505 miracula
885 1463 1010 1521 quae
1048 1439 1297 1504 Christus
1324 1445 1534 1515 habuit,
1572 1453 1627 1503 et
1672 1446 1788 1502 suis
1828 1445 2112 1517 discipulis
2162 1444 2335 1511 dedit,
2385 1444 2475 1502 vel

471 1536 579 1592 duo
606 1544 935 1594 testamenta
958 1535 1061 1592 sibi
1094 1535 1452 1608 usurpabunt,
1478 1554 1504 1588 a
1527 1541 1582 1591 et
1609 1535 1690 1592 ita
1718 1533 1935 1592 videtur
1951 1533 2094 1606 quod
2127 1532 2202 1588 illi
2229 1533 2322 1606 qui
2347 1548 2475 1588 cum

470 1625 702 1682 scientia
720 1620 953 1683 duorum
982 1631 1436 1681 testamentorum
1462 1625 1514 1680 in
1533 1623 1924 1696 praedicatione
1945 1621 2237 1695 proficiunt
2260 1621 2477 1678 sancti-

473 1719 643 1770 tatem
670 1714 985 1781 simulante,
1018 1714 1128 1769 sint
1156 1713 1402 1785 Apostoli
1429 1712 1772 1769 Antichristi.
2283 1733 2289 1737 Α

542 1803 699 1857 Item.
726 1803 750 1857 1
773 1800 843 1857 ad
872 1801 1183 1858 Corinthios
1211 1815 1339 1856 vui.
1368 1803 1390 1854 1
1424 1818 1436 1856 :
1460 1800 1696 1858 scientia
1723 1800 1900 1872 inflat,
1927 1799 2164 1856 charitas
2183 1814 2311 1855 vero
2333 1799 2470 1856 aectt-

470 1891 632 1960 ticam
668 1888 765 1944 sed
796 1889 1035 1960 religiosi
1078 1890 1349 1962 praecipue
1376 1887 1741 1944 humilitatem
1774 1889 1976 1946 sectari
2013 1887 2312 1958 deberent3
2339 1903 2472 1959 ergo

472 1978 733 2034 deberent
761 1991 793 2033 a
821 1977 1004 2033 studio
1028 1977 1277 2032 scientiae
1302 1976 1598 2033 abstinere.
1627 1988 1636 1996 ·

542 2067 699 2122 ltem.
726 2065 805 2121 De
831 2064 991 2120 beato
1018 2063 1310 2120 Benedici-o
1343 2065 1436 2137 qui
1469 2065 1574 2121 fuit
1598 2065 1914 2138 praecipuus
1935 2065 1993 2120 in
2022 2064 2303 2137 religione,
2338 2067 2474 2122 dicit

472 2153 771 2225 Gregorius
799 2153 856 2208 in
878 2153 924 2208 11
950 2152 1097 2211 Dial.
1129 2153 1273 2225 quod
1306 2173 1332 2206 α
1367 2155 1594 2210 recessit
1621 2169 1654 2210 a
1689 2153 1872 2209 studio
1901 2154 2210 2210 litterarum
2234 2155 2474 2211 scienter

474 2242 707 2306 nescius,
733 2247 789 2296 et
812 2241 1087 2313 sapienter
1112 2241 1383 2299 indoctus.
1412 2261 1437 2294 ι»
1462 2241 1616 2300 Unde
1635 2243 1703 2300 ad
1731 2243 1776 2314 ej
1787 2257 1849 2299 us
1874 2241 2181 2314 exemplum
2209 2242 2474 2300 deberent

473 2331 709 2401 religiosi
736 2331 989 2387 scientiae'
1006 2331 1248 2386 studium
1278 2331 1549 2388 deserere.

464 2449 469 2454 ·
546 2421 699 2474 ltem.
722 2419 1019 2492 'Apostolus
1060 2419 1109 2474 11
1146 2421 1213 2476 ad
1251 2419 1439 2476 Thess.
1470 2436 1558 2486 ιιι,
1606 2421 1787 2491 arguit
1819 2434 1911 2476 eos
1950 2418 2044 2492 qui
2080 2418 2273 2476 relicto
2309 2435 2473 2495 opere

367 2581 371 2585 ἱ
472 2507 733 2576 manuali,
765 2509 1068 2565 curiositati
1107 2509 1375 2565 vacabant
1422 2517 1479 2564 et
1523 2509 1674 2576 otio;
1717 2509 1811 2564 sed
1861 2507 2153 2565 curiositas
2192 2510 2248 2565 in
2291 2509 2474 2566 studio

474 2598 719 2654 scientiae
759 2599 1041 2665 consistit3
1077 2612 1207 2667 ergo
1252 2611 1359 2652 non
1386 2596 1647 2652 deberent
1675 2597 1914 2667 religiosi
1945 2597 2016 2653 ab
2042 2613 2207 2671 opere
2233 2598 2472 2655 manuali

474 2686 738 2740 desistere
763 2691 822 2738 ut
845 2685 1028 2739 studio
1058 2691 1334 2754 vacarent.
1363 2684 1538 2755 Hujus
1560 2693 1743 2739 autem
1771 2684 2120 2756 cogitationis
2149 2687 2250 2758 ipsi
2277 2693 2472 2743 aucto-

476 2787 564 2827 res
593 2787 695 2827 non
725 2777 869 2836 sunt,
896 2770 991 2825 sed
1037 2769 1285 2826 Julianus
1312 2778 1585 2844 apostata,
1627 2771 1721 2843 qui
1750 2780 1807 2827 ut
1845 2772 2232 2830 Ecclesiastica
2275 2782 2465 2832 narrat

476 2859 722 2925 historia,
755 2872 940 2913 servos
968 2856 1167 2914 Christi
1198 2872 1228 2914 a
1259 2860 1446 2916 studio
1476 2859 1782 2915 litterarum
1807 2861 2068 2929 coercuit,
2102 2864 2258 2934 cujus
2283 2864 2471 2919 imita-

473 2953 621 3003 tores
654 2961 711 3001 se
750 2945 1043 3001 ostendunt
1072 2946 1165 3017 qui
1202 2945 1474 3017 religiosis
1519 2949 1758 3004 studium
1800 2950 2149 3017 interdicunt,
2184 2952 2472 3008 manifeste

471 3041 661 3092 contra
680 3032 1065 3090 auctoritatem
1086 3032 1383 3106 Scripturae
1418 3034 1722 3108 loquentes.
1737 3037 1951 3094 Dicitur
1981 3038 2125 3092 enim
2143 3039 2271 3094 lsai.
2286 3055 2343 3107 v,
2365 3042 2433 3096 ⁴3
2455 3057 2468 3094 ε

469 3123 701 3194 Propter
733 3120 969 3192 captivas
992 3119 1179 3176 dactus
1202 3128 1281 3179 est
1300 3129 1535 3194 poputm
1573 3139 1738 3189 meus,
1768 3126 1897 3195 quia
1931 3141 2038 3178 non
2069 3124 2252 3178 habuit
2285 3125 2466 3181 scien-

473 3222 625 3281 tiam.
654 3220 849 3277 Glossa
882 3237 894 3273 ι
929 3242 961 3302 ιι,
1004 3219 1144 3289 Quia
1184 3221 1357 3278 noluit
1399 3222 1619 3280 habere.
1655 3242 1680 3276 a
1724 3225 1842 3280 Non
1891 3229 2075 3280 autem
2121 3222 2471 3284 voluntarius

470 3311 715 3366 defectus
766 3308 1010 3364 scientiae
1070 3309 1380 3384 puniretur,
1444 3312 1547 3368 nisi
1597 3311 1839 3368 studium
1890 3310 2139 3368 scientiae
2196 3311 2469 3372 laudabile

470 3405 631 3456 esset.
2276 3444 2290 3460 .

540 3491 695 3544 Item.
744 3487 902 3545 02⁸3ae
947 3503 1025 3559 ιν,
1058 3490 1091 3544 5
1124 3505 1137 3544 :
1174 3489 1339 3548 Nocte
1369 3497 1542 3547 tacere
1567 3488 1704 3562 fecit.
1736 3497 1963 3547 matrem
1998 3506 2170 3557 suam,
2209 3492 2465 3550 conticuit

466 3576 690 3650 populus
712 3593 876 3643 meus,
904 3593 961 3633 eo
991 3577 1126 3650 quod
1157 3595 1263 3634 non
1294 3577 1544 3636 habuerit
1582 3578 1876 3645 scientiam,
1897 3579 2041 3652 'quia
2085 3586 2145 3636 ta
2180 3581 2460 3640 scientiam

466 3665 733 3736 repulisti,
781 3666 1030 3736 repellam
1076 3673 1145 3732 te,
1176 3682 1239 3721 ne
1276 3667 1572 3724 sacerdotio
1596 3667 1850 3741 fanyaris
1886 3667 2041 3726 mihi.
2076 3668 2136 3724 In
2164 3669 2268 3726 hoc
2292 3672 2461 3728 etiam

467 3752 752 3808 manifeste
777 3753 1080 3809 ostenditur
1104 3755 1377 3826 quomodo
1403 3755 1650 3812 defectus
1677 3757 1922 3814 scientiae
1949 3757 2192 3828 graviter
2215 3741 2462 3830 punitur.

542 3839 696 3894 item.
722 3841 779 3894 ln
808 3841 1021 3896 Psalmo
1061 3857 1260 3910 cxvrn,
1288 3847 1354 3900 66
1388 3861 1400 3898 :
1434 3843 1741 3902 Bonitatem
1773 3852 1825 3905 et
1851 3845 2190 3919 disciplinam
2217 3853 2271 3904 et
2289 3861 2465 3906 actea-
