2784 4392
464 263 586 327 244
943 275 999 327 ει.
1040 275 1275 324 'metm
1314 272 1642 330 murm-ns
1682 275 1992 324 croscum

468 397 747 468 dixerunt,
774 396 919 470 quod
945 393 1387 475 cultusnominis
1415 395 1614 452 Christi
1645 393 1878 452 debebat
1906 394 2105 452 durare
2129 409 2226 470 per
2253 397 2472 455 trecen·

464 493 555 543 tos
584 485 1110 559 sexagintaquinque
1140 499 1328 551 ann03,
1358 483 1554 541 deinde
1582 485 1853 557 completo
1876 494 2179 542 memorato
2208 502 2477 543 annorum

464 590 713 642 numere,
744 582 984 631 sumeret
1014 574 1195 628 finem.
1232 593 1257 624 n
1283 574 1402 628 Jam
1433 588 1562 643 ergo
1587 580 1714 628 ante
1747 581 1960 646 tempus
1988 576 2276 646 Augustini
2303 576 2475 650 aliqui

462 663 687 719 fuerunt
732 663 827 735 qui
860 670 1072 732 tempus
1112 661 1313 716 Christi
1352 667 1797 728 numeraverunt,
1829 669 1886 716 et
1932 661 2012 716 sic
2054 662 2160 718 ista
2199 663 2476 735 scriptura

462 769 571 809 non
600 759 679 808 est
708 752 777 807 de
811 767 951 806 novo
980 751 1118 804 visa.
1145 748 1298 804 Unde
1331 764 1427 820 per
1455 747 1558 804 hoc
1583 764 1688 803 non
1716 755 1893 820 potest
1931 748 2150 822 probari
2191 751 2337 822 quod
2367 751 2476 806 ad-

464 845 664 893 ventus
688 836 1007 894 Antichristi
1032 837 1147 907 jam
1172 835 1239 889 de
1270 835 1575 906 propinquo
1604 835 1905 892 immineat.
1936 837 2272 907 Augustinus
2303 839 2473 894 etiam

460 927 668 981 ibidem
720 932 907 981 narrat
949 939 1050 980 suo
1102 930 1345 994 tempore
1380 923 1644 994 quosdam
1699 922 1885 989 fuisse,
1937 924 2030 996 qni
2080 925 2471 996 computabant

463 1029 635 1070 annos
678 1013 749 1069 ab
793 1014 1109 1069 ascensione
1146 1011 1343 1066 Christi
1391 1027 1562 1082 usque
1601 1011 1668 1066 ad
1701 1011 1951 1066 ultimum
1995 1013 2113 1083 ejus
2148 1013 2466 1081 adventum,

463 1103 687 1174 quidam
712 1102 1155 1172 quadringentOS,
1184 1098 1408 1171 quidam
1436 1100 1762 1172 quingentos
1789 1106 1846 1154 et
1874 1101 2096 1172 quidam
2126 1101 2292 1168 mille,
2329 1118 2470 1176 quos

464 1207 653 1246 omnes
694 1190 941 1245 confutat
965 1188 1295 1244 auctoritate
1336 1187 1551 1243 Domini
1594 1188 1826 1243 dicentis
1859 1204 1872 1242 ι
1909 1189 2036 1259 (act.
2085 1206 2122 1255 1,
2151 1191 2200 1260 7)
2228 1191 2354 1248 Non
2391 1200 2469 1249 est

461 1287 698 1336 vestrum
725 1295 870 1334 nosse
901 1285 1138 1349 tempora
1176 1277 1255 1332 vel
1290 1283 1570 1332 meinenta.
1602 1277 1807 1331 Ibidem
1846 1279 2016 1332 etiam
2056 1277 2198 1333 hunc
2243 1281 2468 1337 modum

463 1367 879 1440 argumentandi
922 1381 1030 1438 quo
1077 1364 1168 1421 isti
1209 1370 1457 1432 utuntur,
1501 1364 1769 1436 improbat
1809 1366 1861 1420 in
1901 1366 2246 1438 quibusdam,
2275 1370 2468 1440 quiex

462 1457 655 1512 decem
698 1455 870 1527 plagis
909 1454 1127 1526 AEgypti
1158 1453 1412 1509 volebant
1454 1468 1668 1508 sumere
1697 1469 1982 1508 numerum
2026 1456 2464 1526 persecutionum

461 1562 600 1619 quas
626 1545 869 1602 Ecclesia
912 1558 1139 1615 passura
1184 1549 1285 1609 est,
1319 1557 1458 1615 quas
1487 1543 1619 1597 dicit
1649 1557 1768 1598 esse
1811 1544 2156 1613 conjecturas
2199 1543 2465 1602 humanas

458 1635 608 1692 nulla
651 1634 899 1690 veritatis
926 1633 1187 1700 firmitate
1228 1631 1533 1687 roboratas·
1584 1631 1642 1685 ln
1673 1629 1773 1685 hoc
1802 1630 1968 1686 etiam
1997 1631 2152 1702 signo
2182 1634 2464 1690 evidenter

457 1725 747 1794 scripturae
770 1735 936 1793 quam
964 1720 1275 1792 reprobant,
1304 1718 1627 1785 assentiunt,
1657 1733 1782 1773 cum
1811 1724 1865 1773 et
1887 1719 1990 1790 ipsi
2020 1719 2205 1775 dicant
2225 1721 2464 1794 Babylo-

456 1827 583 1866 nem
612 1811 868 1865 dilectam
896 1809 1007 1863 cito
1032 1822 1149 1862 esse
1176 1807 1584 1872 destruendam,
1608 1807 1751 1861 sicut
1775 1813 1830 1860 et
1859 1807 2130 1878 scriptura
2160 1825 2326 1880 quam
2355 1812 2465 1866 im-

455 1898 709 1971 probant,
762 1895 1060 1953 asserebat.
1093 1895 1249 1949 Patet
1294 1895 1462 1950 etiam
1489 1893 1694 1948 nullam
1722 1895 2137 1952 similitudinem
2166 1913 2301 1964 esse,
2331 1900 2463 1970 quia

456 1987 730 2059 scriptura
754 1985 846 2040 illa
869 1998 994 2056 quae
1014 1983 1132 2037 visa
1157 1982 1312 2061 estin
1339 1981 1632 2054 Babylone,
1660 1982 1924 2038 divinitus
1946 1991 2030 2039 est
2051 1993 2288 2054 ostensa,
2317 1989 2463 2044 unde

454 2082 573 2132 erat
617 2074 878 2129 indicium
908 2071 1187 2137 veritatis;
1230 2069 1325 2125 sed
1372 2071 1646 2141 scriptura
1675 2070 1743 2126 de
1786 2088 1895 2144 qua
1926 2070 2240 2145 loquuntur,
2272 2083 2355 2132 est
2391 2093 2463 2133 ex

456 2178 644 2220 errore
666 2161 919 2228 conficta,
951 2159 1095 2215 unde
1122 2175 1189 2214 ex
1214 2173 1278 2215 ea
1305 2157 1509 2213 nullum
1533 2149 1715 2230 potest
1743 2157 1864 2215 elici
1891 2171 2292 2232 argumentum.

526 2251 650 2308 Alia
672 2264 802 2307 vero
826 2249 1065 2322 quinque
1092 2247 1249 2320 signa
1272 2251 1495 2303 sumunt
1517 2262 1586 2315 ex
1612 2247 1906 2318 Evangelio
1929 2249 2192 2318 Matthaei,
2219 2251 2309 2308 ubi
2341 2253 2462 2312 Do-

456 2341 638 2400 minus
659 2341 878 2398 videtur
906 2353 1109 2412 ponere
1137 2338 1290 2408 signa
1321 2335 1589 2392 adventus
1617 2336 1724 2392 sui.

527 2431 796 2500 Quartum
816 2428 1039 2502 quidem
1054 2427 1267 2498 signum
1293 2433 1375 2480 est
1392 2441 1457 2480 ex
1479 2423 1581 2480 hoc
1602 2423 1747 2497 quod
1762 2425 1964 2482 dicitur
1982 2427 2176 2495 Mattb,
2201 2444 2364 2496 xxiv,
2387 2435 2420 2487 9
2443 2451 2456 2487 ε

457 2519 707 2578 Occiderit
744 2535 833 2575 vos
860 2525 911 2574 et
938 2506 1093 2573 eritis
1118 2515 1237 2571 odio
1261 2513 1502 2568 omnibus
1527 2512 1770 2585 9entilms
1799 2521 2023 2585 propter
2047 2533 2235 2574 nomen
2263 2535 2456 2576 meum.

452 2610 657 2665 Dicunt
681 2608 825 2664 enim
846 2606 989 2678 quod
1015 2606 1118 2660 hoc
1146 2618 1290 2659 nunc
1314 2600 1589 2673 impletur,
1618 2601 1746 2672 quia
1771 2602 1993 2674 quidam
2015 2605 2186 2677 quiin
2215 2603 2459 2666 Ecclesia

451 2697 711 2752 videntur
734 2710 855 2750 esse
878 2693 1197 2760 sanctiores,
1230 2691 1628 2762 correptionem
1655 2705 1761 2745 non
1797 2691 2146 2758 sustinentes,
2179 2709 2306 2750 suos
2329 2711 2462 2752 cor·

452 2792 701 2856 raptores
724 2782 949 2838 tradunt
987 2781 1044 2834 in
1074 2779 1499 2846 tribulationem,
1531 2785 1589 2834 et
1616 2786 1866 2846 mortem,
1898 2785 1952 2833 et
1978 2781 2031 2834 in
2059 2781 2246 2838 odium
2279 2783 2460 2841 homi-

452 2886 605 2928 num.
651 2871 765 2926 Hoc
794 2883 923 2925 vero
964 2869 1179 2938 signum
1208 2869 1427 2925 omnino
1457 2867 1663 2923 nullum
1697 2874 1800 2935 est,
1833 2883 1957 2923 cum
1998 2868 2308 2940 hujusmodi
2354 2874 2462 2928 tri-

454 2957 763 3014 bulationes
803 2964 1116 3014 sanctorum
1161 2957 1398 3013 maxime
1446 2956 1647 3011 fuerint
1694 2956 1751 3011 in
1775 2957 1933 3029 ipsis
1982 2959 2258 3030 Apostolis
2305 2968 2361 3016 et
2404 2963 2459 3018 in

452 3047 803 3120 Martyribus,
826 3047 897 3104 de
920 3046 1118 3120 quibus
1136 3046 1400 3101 Dominus
1425 3044 1542 3101 haec
1565 3044 1917 3116 praedicebat,
1946 3061 2046 3101 nec
2065 3047 2242 3104 adhuc
2257 3049 2459 3120 aliquae

452 3136 861 3210 persecutiones
894 3135 1101 3191 similes
1138 3135 1243 3190 illis
1286 3141 1570 3206 apparent,
1606 3133 1750 3188 unde
1788 3147 1894 3188 non
1925 3143 2008 3190 est
2035 3136 2213 3207 magis
2241 3138 2460 3207 signum

448 3227 879 3300 propinquitatis
907 3225 1174 3281 adventus
1224 3222 1422 3279 Christi
1453 3237 1618 3294 quam
1651 3227 1780 3276 tunc
1804 3227 1941 3277 erat.

526 3316 786 3384 Quintum
833 3315 1047 3383 signum
1076 3317 1298 3368 sumunt
1340 3327 1408 3366 ex
1451 3311 1552 3366 hoc
1581 3309 1725 3384 quod
1755 3309 2006 3365 subditur
2043 3310 2166 3366 ibi·
2153 3353 2166 3366 .
2215 3313 2290 3370 Et
2331 3321 2460 3371 tune

449 3402 963 3460 scandalizabuntur
1000 3399 1178 3464 multi,
1209 3405 1315 3454 etc.
1362 3397 1519 3466 Quod
1558 3398 1747 3452 dicunt
1775 3413 1920 3452 nunc
1961 3398 2195 3469 impleri,
2237 3403 2460 3474 quando

448 3492 692 3564 religiosi
729 3491 1098 3556 diffamantur,
1130 3495 1187 3544 et
1214 3503 1279 3542 ex
1308 3485 1413 3542 hoc
1452 3485 1700 3540 homines
1722 3485 2178 3542 scandalizantur.
2219 3489 2323 3544 Sed
2352 3490 2458 3546 ista

450 3581 721 3654 expositio
750 3585 835 3634 est
862 3586 1051 3634 contra
1094 3575 1345 3634 Glossam
1368 3590 1494 3648 quae
1537 3573 1611 3629 ibi
1642 3574 1774 3630 dicit
1803 3590 1822 3632 a
1853 3594 1879 3626 α
1911 3573 2455 3644 scandalizabuntur,

448 3672 506 3726 id
534 3677 619 3724 est
642 3666 924 3724 discedent
948 3681 981 3722 a
1006 3664 1131 3721 fidei
1159 3666 1373 3731 timore,
1401 3663 1486 3720 vel
1520 3663 1806 3736 portentis,
1844 3661 1928 3717 vel
1957 3663 2298 3720 immanitate
2338 3671 2458 3721 tor-

448 3761 781 3811 mentorum.
814 3771 843 3806 »
881 3752 1035 3808 Unde
1060 3758 1211 3824 patet
1237 3750 1340 3807 hoc
1369 3765 1489 3806 esse
1517 3748 1848 3821 completum
1878 3750 2212 3822 temporibus
2243 3751 2458 3825 Marty-

448 3855 595 3900 rum.
630 3840 699 3898 Et
726 3841 926 3899 iterum
968 3854 1076 3896 non
1102 3845 1185 3896 est
1220 3853 1422 3895 novum
1447 3837 1592 3910 quod
1623 3837 1800 3893 sancti
1843 3837 1944 3894 viri
1988 3837 2058 3894 ab
2098 3837 2281 3910 impiis
2309 3837 2488 3897 insa-·
