2784 4392
794 236 1122 293 amb-nn
1159 246 1462 291 Momm:
1505 248 1870 299 nemeaeum
2016 276 2023 283 -
2198 238 2349 299 3212

887 500 890 505 ’
934 496 1217 577 LIBER
1294 498 1703 583 TERTIUS

1117 800 1402 869 CAPUT
1430 762 1511 871 ἰ.

287 930 390 995 'In
413 929 524 995 Ιιοσ
542 932 746 1013 primo
773 930 1042 1009 capitulo
1071 932 1489 997 consideratur
1511 938 1570 997 et
1590 936 1887 1014 probatur
1930 954 2094 1001 omne
2118 935 2337 1002 domi-·

598 1019 768 1083 nium
795 1037 918 1115 esse
939 1036 977 1082 a
1006 1019 1154 1093 Deo,
1187 1021 1565 1085 considerata
1592 1026 1818 1087 natura
1845 1026 2019 1088 entis.

375 1151 443 1207 Βι
479 1151 609 1226 quia
651 1168 745 1207 cor
777 1151 930 1224 repis
959 1150 1019 1205 in
1054 1168 1222 1207 mauu
1251 1152 1374 1218 Dee}
1405 1168 1725 1227 quocumque
1764 1157 1994 1213 voluerit
2036 1157 2315 1221 inclinabit

303 1234 458 1303 illud,
489 1246 550 1295 ut
577 1238 633 1293 in
659 1240 841 1304 Prov„
870 1252 996 1302 χιιι,
1029 1240 1082 1305 4,
1107 1238 1369 1295 scribitur
1395 1240 1543 1313 quod
1568 1248 1624 1295 et
1648 1241 1739 1295 ilie
1764 1258 1993 1313 magnus
2020 1244 2312 1301 monarcha

261 1346 266 1353 ·
303 1326 358 1381 in
385 1325 630 1392 Oriente,
653 1328 848 1399 Cyrus,
876 1325 1132 1382 videlicet
1158 1342 1254 1382 rex
1278 1328 1585 1395 Persarum,
1610 1346 1706 1401 per
1722 1330 1997 1403 pubiicum
2018 1333 2313 1389 confitetur

302 1414 563 1469 edictum.
605 1416 734 1469 Post
776 1410 1068 1469 victoriam
1107 1414 1256 1485 enim
1284 1415 1352 1469 de
1381 1416 1681 1489 Babylonia
1724 1430 2095 1486 consecutam,
2143 1436 2335 1493 quam:

303 1516 476 1575 usque
510 1502 578 1557 ad
609 1501 786 1557 solum
810 1502 1098 1567 destruxit,
1131 1516 1198 1557 ac
1230 1502 1415 1559 occiso
1440 1503 1725 1559 Baithasar
1754 1521 1882 1577 rege
1910 1506 2133 1572 ibidem,
2168 1510 2311 1565 sicut

297 1588 544 1647 historiae
573 1589 816 1653 tradunt,
847 1589 930 1645 sic
954 1589 1056 1656 ait,
1077 1589 1214 1643 utin
1240 1590 1507 1661 principio
1534 1590 1651 1646 libri
1679 1592 1946 1663 Esdrae(1.
1976 1608 2013 1659 ι,
2048 1596 2307 1667 2)’ρειιθιε

300 1678 426 1735 Hoeo
461 1676 594 1733 dicit
635 1676 812 1747 cyrus
851 1692 952 1731 rex
989 1675 1284 1732 Persarum
1313 1692 1331 1733 .·
1363 1676 1559 1733 Omnia
1588 1693 1754 1751 regna
1794 1680 1979 1737 mundi
2004 1682 2153 1739 dedit
2173 1684 2309 1741 mim·

298 1766 560 1823 Dominus
587 1765 728 1821 Deus
751 1765 880 1820 coeli.
914 1765 1044 1819 Inde
1062 1765 1356 1821 manifeste
1382 1774 1612 1838 apparet
1637 1783 1668 1823 a
1694 1769 1807 1824 Deo
1834 1764 1997 1827 omne
2020 1774 2307 1844 provenire

298 1855 598 1911 dominium
626 1854 772 1909 sicut
800 1868 831 1909 a
857 1854 1030 1925 primo
1060 1852 1374 1909 dominante
1404 1870 1417 1907 τ
1450 1854 1597 1925 quod
1624 1856 1848 1929 quidem
1877 1858 2091 1917 ostendi
2124 1868 2305 1933 potest

297 1943 498 2017 tripiici
533 1944 648 2013 via,
681 1956 846 2015 quam
874 1940 1242 2013 Philosophus.
1257 1942 1455 2013 tangit,
1487 1943 1619 2016 quia
1661 1944 1749 1999 vel
1784 1945 1844 2001 in
1885 1954 2153 2019 quantum
2183 1965 2299 2015 eus,

299 2032 380 2089 vei
412 2034 466 2088 in
495 2040 764 2105 quantum
793 2036 989 2095 motor,
1017 2028 1103 2085 vel
1132 2030 1187 2084 in
1213 2036 1479 2101 quantum
1510 2030 1653 2087 finis·
1756 2086 1761 2089 ,
2130 2108 2133 2111 ἢ

365 2119 596 2177 Ratione
626 2119 846 2191 quidem
877 2118 1038 2185 entis,
1084 2117 1214 2189 quia
1243 2126 1461 2190 oportet
1494 2133 1655 2175 omne
1690 2134 1791 2177 ens
1817 2120 1889 2179 ad
1926 2138 2035 2181 ens⁴
2064 2126 2301 2198 primum

295 2210 578 2275 reducere,
608 2207 752 2261 sicut
794 2206 862 2261 ad
911 2204 1236 2277 principium
1277 2207 1455 2261 omnis
1483 2209 1645 2274 entis,
1677 2214 1733 2263 et
1778 2215 1839 2264 ut
1862 2224 2023 2267 omne
2061 2214 2299 2272 calidum

297 2297 364 2354 ad
394 2296 633 2353 calidum
675 2293 834 2364 ignis,
882 2302 940 2347 ut
983 2299 1134 2365 patet
1181 2308 1278 2365 per
1318 2293 1701 2367 Philosophum
1742 2296 1795 2351 in
1824 2298 1873 2352 11
1912 2298 2149 2371 Metaph.
2182 2302 2300 2372 Qua
2338 2332 2355 2347 ·

297 2400 425 2458 ergo
459 2385 673 2441 ratione
710 2397 868 2438 omne
897 2396 994 2435 ens
1029 2396 1097 2435 ex
1124 2386 1250 2436 ente
1277 2381 1455 2453 primo
1484 2382 1773 2454 dependet,
1802 2386 2001 2443 eadem
2032 2396 2089 2459 et
2118 2390 2301 2445 domi-

293 2474 475 2537 nium,
489 2472 619 2546 quia
645 2472 824 2543 ipsum
847 2476 1012 2540 super
1033 2483 1132 2524 ens
1154 2468 1433 2534 fundatur,
1466 2475 1521 2524 et
1552 2475 1705 2525 tanto
1729 2486 1892 2545 super
1916 2474 2163 2532 nobilius·
2180 2493 2295 2544 ene,

291 2567 502 2634 quanto
530 2561 598 2615 ad
627 2557 1016 2615 dominandum
1048 2567 1213 2631 super
1241 2556 1487 2613 homines
1526 2558 1579 2613 in
1610 2567 1805 2615 natura
1848 2562 2159 2633 coaequales
2185 2566 2299 2620 eis-

293 2650 419 2707 dem
461 2648 816 2724 praeponitur.
860 2646 1014 2703 Unde
1066 2653 1123 2701 et
1166 2660 1391 2701 causam
1432 2644 1599 2702 habet
1640 2662 1747 2703 nou
1788 2648 2158 2720 superbiendi,
2201 2653 2296 2709 sed

295 2737 530 2795 humane
565 2752 724 2793 suum
757 2734 1016 2807 populum
1058 2733 1419 2806 gubernandi,
1454 2740 1515 2790 ιιι
1540 2736 1747 2794 Seneca
1788 2736 1923 2793 dicit
1964 2737 2019 2803 in
2066 2741 2312 2812 epistola-

296 2826 364 2883 ad
386 2824 923 2895 Lucillum-Propter
945 2823 1091 2895 quod
1117 2820 1172 2876 in
1195 2821 1407 2879 Eccles.
1428 2821 1632 2878 dicitur
1661 2840 1675 2878 ε
1708 2827 1946 2892 xxxtm
1981 2842 1995 2882 ε
2026 2828 2297 2888 Rectorem

293 2922 344 2973 te
365 2910 702 2987 posuerunt?
729 2910 857 2967 Noli
882 2909 1084 2975 extolli,
1105 2910 1194 2965 sed
1216 2916 1322 2965 esto
1345 2910 1407 2967 in
1432 2910 1541 2968 iltis
1564 2910 1717 2985 quasi
1732 2928 1873 2969 unus
1900 2930 1966 2970 ex
1984 2915 2111 2982 illis.
2135 2918 2297 2975 >Sicut

295 3018 423 3075 ergo
465 3015 626 3058 omne
667 3014 768 3055 ens
807 2996 878 3054 ab
905 3004 1030 3053 ente
1059 2998 1234 3071 primo
1261 2998 1551 3072 dependet,
1584 3000 1731 3074 quod
1761 3008 1845 3057 est
1887 3005 2061 3077 prima
2106 3020 2322 3073 causa,

293 3092 372 3149 ita
395 3096 452 3146 et
488 3104 648 3145 omne
676 3086 978 3141 dominium
1012 3093 1284 3143 creaturae
1323 3101 1358 3143 a
1385 3087 1502 3143 Deo
1534 3087 1678 3145 sicut
1712 3103 1744 3143 a
1777 3090 1953 3161 primo
1982 3092 2299 3151 dominante

293 3186 350 3238 et
373 3180 552 3253 primo
580 3184 726 3233 ente.
2300 3234 2307 3238 ¹

360 3266 609 3339 Amplius
631 3270 818 3320 autem
841 3260 1018 3317 omnis
1041 3258 1336 3317 multitudo
1373 3258 1443 3317 ab
1473 3276 1581 3318 uno
1608 3262 1877 3335 procedit,
1900 3270 1957 3320 et
1998 3280 2095 3337 per
2125 3280 2295 3326 unum

289 3360 658 3431 mensuratur,
691 3359 754 3408 ut
791 3356 946 3425 patet
989 3364 1091 3424 per
1127 3348 1513 3421 Pniiosophum
1550 3350 1603 3406 in
1634 3349 1691 3407 X
1731 3350 1901 3423 prim.
1931 3351 2135 3411 Philas.
2164 3370 2295 3427 ergo

290 3444 484 3503 eodem
518 3438 678 3496 modo
707 3447 764 3495 et
790 3435 1086 3495 multitudo
1111 3437 1511 3511 dominantium
1541 3438 1613 3495 ab
1638 3453 1745 3495 uuo
1772 3438 2091 3499 dominante
2120 3444 2293 3501 trahit

291 3530 578 3603 originem,
597 3528 741 3601 quod
771 3531 859 3583 est
887 3526 1060 3583 Deus.
1086 3525 1246 3582 Sicut:
1261 3526 1511 3581 videmus
1540 3526 1596 3582 in
1624 3526 1900 3597 regalibus
1926 3530 2117 3597 curiis,
2142 3530 2297 3605 quod

287 3615 595 3677 iu‘diversis.
611 3614 806 3671 officiis
825 3612 980 3671 multi
1007 3618 1136 3669 sunt
1151 3612 1515 3679 dominanteS,
1536 3614 1632 3669 sed
1652 3629 1843 3671 omnes
1866 3629 1933 3672 ex
1951 3632 2058 3676 uno
2082 3618 2298 3691 depen-

289 3708 438 3774 dent,
459 3705 714 3784 videlicet
736 3717 882 3774 rege.
907 3703 1132 3773 Propter
1153 3699 1302 3775 quod
1323 3700 1679 3772 Philosophus
1704 3702 1761 3759 iu
1781 3702 1886 3762 ΧΠ
1898 3702 2069 3775 prim.
2084 3706 2295 3774 Philet.

290 3796 423 3853 dicit
463 3793 612 3869 quod
648 3812 674 3846 α
707 3790 789 3849 sic
811 3806 873 3847 se
900 3789 1066 3846 habet
1093 3789 1262 3858 Deus,
1291 3787 1409 3866 sive
1441 3789 1621 3863 primu
1654 3805 1831 3871 causa
1858 3792 1929 3853 ad
1960 3798 2137 3855 totum
2166 3796 2297 3855 uni-

785 3906 838 3957 s.
860 3906 1016 3957 Τιιοιι.
1039 3907 1126 3961 Ao.
1161 3905 1428 3957 opuscul-A·
1456 3924 1505 3945 -
1548 3904 1627 3956 tn.
1654 3927 1715 3945 -
1738 3905 1798 3956 21
