2784 4392
539 342 664 409 406
719 338 728 349 '
1021 359 1078 407 s.
1117 356 1353 404 raom
1391 356 1725 410 annutans
1760 334 2075 404 oruscmh

538 476 833 550 interficite
858 480 986 533 onte
1003 490 1105 535 me.
1117 475 1235 533 Hoc
1260 474 1458 532 eodem
1484 474 1749 543 modo,ut
1775 473 2026 532 historiae
2048 470 2565 545 nucerinum-odes

541 566 747 623 occidit
764 565 968 623 multos
981 580 1048 621 ex
1070 562 1344 621 nobilibus
1363 564 1701 633 Iudaeorum,
1721 563 1817 637 qui
1832 562 2176 620 conabantur
2196 562 2304 619 sibi
2325 578 2565 637 regnum

539 654 778 712 auferre.
809 653 1088 726 Quantum
1115 659 1300 710 autem
1327 652 1400 710 ad
1438 652 1761 721 secundum,
1792 652 2101 726 exemplum
2126 652 2332 709 assumi
2370 659 2565 723 posset

539 743 612 798 de
637 743 817 801 villico
844 742 1154 815 iniquitatis
1183 742 1239 798 in
1268 742 1462 799 eodem
1490 740 1815 814 Evangelio;
1848 742 1996 816 quod
2023 742 2244 798 extendi
2272 745 2455 814 potest
2486 740 2563 797 ad

540 848 760 890 omnem
783 831 1015 905 gradum
1037 830 1338 904 regiminis,
1352 830 1485 905 quia
1508 836 1706 903 gerunt
1725 831 1902 887 vicem
1928 829 2274 888 dominorum
2298 831 2354 886 in
2382 834 2559 893 terra,

542 922 690 994 quod
718 928 776 978 et
799 920 1249 994 principes-orbis
1276 918 1487 977 faciunt
1514 920 1575 975 in
1598 927 1850 993 respectu
1878 918 2000 975 Dei.
2017 920 2155 977 Cum
2178 920 2325 990 enim
2354 918 2563 975 timent

542 1010 786 1067 amoveri
838 1009 910 1068 ab
948 1008 1148 1079 officio,
1181 1010 1250 1066 de
1290 1008 1490 1067 aerario
1532 1006 1749 1082 publico
1794 1008 2021 1065 dominii
2066 1007 2152 1065 sui
2185 1008 2395 1080 jugiter
2447 1007 2561 1064 sibi

543 1099 752 1155 amicos
772 1098 1052 1171 copulant.
1074 1098 1156 1154 Ex
1184 1097 1384 1171 quibus
1414 1097 1668 1154 omnibus
1688 1096 2042 1154 manifestum
2065 1104 2168 1163 est,
2196 1096 2343 1169 quod
2371 1097 2565 1153 maxi-

539 1200 691 1242 mum
712 1194 796 1243 est
817 1185 1121 1259 periculum
1140 1185 1304 1245 alicui
1335 1185 1622 1260 temporali
1649 1186 1851 1243 rectori
1878 1184 2125 1242 conferre
2149 1184 2373 1257 regendi
2405 1184 2563 1241 arbi-

545 1274 712 1330 trium
747 1274 807 1331 in
846 1273 1095 1332 faciendo
1134 1273 1434 1346 justitiam.
1479 1276 1587 1332 Sed
1631 1274 1680 1331 si
1722 1274 2024 1332 dominium
2071 1281 2155 1331 est
2206 1280 2557 1347 perpetuum,

544 1370 726 1420 rector
753 1362 968 1421 curabit
993 1363 1062 1419 de
1094 1362 1348 1431 subditis,
1380 1363 1527 1421 sicut
1564 1362 1633 1420 de
1656 1380 1717 1419 re
1745 1363 1985 1436 propria,
2014 1362 2085 1420 ad
2113 1377 2279 1435 quam
2307 1362 2560 1436 quotidie

543 1456 602 1508 et
623 1450 883 1508 continuo
925 1448 1254 1508 sollicitatur
1298 1450 1459 1524 quasi
1500 1451 1570 1508 ad
1616 1465 1746 1509 suas
1788 1450 2014 1511 divitias
2054 1450 2353 1516 naturales»,
2386 1458 2445 1508 et
2487 1450 2557 1507 ad

543 1538 952 1596 indeficientem
1005 1538 1341 1596 thesaurum.
1391 1540 1619 1612 Propter
1670 1539 1815 1613 quod
1859 1538 1942 1609 sic
1986 1539 2102 1612 ipse
2143 1552 2237 1593 eos
2286 1536 2559 1609 gubernat

545 1629 692 1685 siout
732 1633 919 1701 pastor
958 1642 1200 1702 gregem,
1227 1627 1372 1685 sicut
1417 1626 1740 1685 hortulanus
1778 1626 2042 1702 plantam,
2074 1640 2305 1702 quorum
2342 1626 2559 1701 qualis-

546 1730 782 1791 cumque
805 1714 958 1775 laesio
979 1716 1102 1789 ejus
1127 1714 1365 1808 eiiicitur
1391 1705 1736 1775 scandalosa'.

1277 1893 1563 1965 CAPUT
1632 1892 1847 1963 xvn.
2089 1856 2125 1935 i
2162 1922 2169 1926 -

551 2028 663 2093 Εω
684 2026 883 2092 eadem
903 2042 1090 2093 causa
1095 2026 1284 2109 ponit
1299 2026 1578 2109 quoedam
1593 2026 1662 2091 in
1678 2027 1845 2092 diota
1860 2026 2083 2108 politia
2100 2027 2561 2095 Lacedaemonioe

608 2115 1123 2198 reprehensibilia,
1147 2133 1280 2199 qma
1297 2121 1472 2183 erant
1486 2117 1745 2183 materia
1764 2118 2153 2203 dissensionis
2169 2119 2238 2185 in
2246 2119 2506 2201 populo.

622 2252 806 2309 Inerat
824 2250 992 2308 etiam
1006 2249 1260 2324 quaedam
1280 2250 1621 2308 consuetudo
1637 2248 1839 2309 talibus
1852 2250 2091 2309 dominis
2106 2252 2161 2309 in
2178 2251 2371 2325 politia
2384 2252 2562 2310 Lace-

544 2340 946 2400 daemoniorum
981 2355 1049 2397 ex
1077 2339 1271 2397 eadem
1301 2354 1469 2398 causa
1504 2340 1724 2397 trahens
1758 2338 1899 2397 rorte
1936 2338 2219 2413 originem,
2251 2341 2383 2415 quia
2420 2341 2563 2399 tales

549 2431 829 2505 principes
853 2428 925 2486 de
949 2428 1228 2503 republica
1247 2442 1355 2487 non
1374 2427 1661 2495 curabant,
1675 2427 1808 2485 utin
1828 2444 2018 2485 eorum
2034 2426 2479 2488 solemnitatibus
2504 2438 2565 2490 et

554 2516 1014 2577 ostentationibus
1042 2518 1278 2591 primum
1305 2517 1497 2574 fierent
1525 2515 1837 2573 exactiones
1862 2517 1915 2572 in
1946 2508 2223 2590 populum,
2252 2518 2397 2575 unde
2428 2534 2566 2591 gra-

555 2609 669 2665 vati
694 2622 966 2681 pauperes
995 2605 1321 2663 seditionem
1345 2604 1715 2673 concitabant,
1750 2612 1805 2661 et
1831 2606 1913 2662 sic
1934 2605 2299 2663 enervabatur
2345 2606 2563 2680 politia.

553 2696 782 2767 Propter
811 2694 959 2768 quod
997 2699 1058 2749 ut
1099 2694 1168 2750 de
1205 2692 1424 2767 publico
1472 2693 1629 2751 fieret
1668 2694 1885 2761 aerariO,
1912 2692 2268 2766 Philosophus
2293 2696 2354 2752 in
2389 2697 2441 2752 11
2464 2696 2560 2754 lib.

553 2780 719 2837 Polit.
747 2782 922 2853 magis
963 2781 1350 2838 commendat:
1383 2794 1551 2856 quam
1584 2782 1807 2857 quidem
1846 2781 2296 2839 consuetudinem
2326 2784 2465 2842 dicit
2502 2785 2565 2842 in

554 2870 718 2926 Creta
748 2867 934 2935 fuisse,
966 2866 1083 2925 sive
1109 2867 1284 2941 legem
1311 2870 1691 2927 constitutam.
1720 2870 2045 2927 Exactiones
2072 2871 2237 2937 enim,
2268 2871 2386 2929 sive
2428 2888 2569 2931 vec-

555 2957 748 3031 tigalia
771 2956 1133 3029 multiplicata
1169 2957 1222 3013 in
1251 2957 1473 3033 populo,
1504 2958 1606 3015 nisi
1638 2975 1737 3031 pro
1760 2960 1977 3031 urgenti
2004 2974 2192 3027 causa,
2218 2966 2437 3033 utputa
2463 2976 2566 3035 pro

555 3043 970 3105 conservatione
1011 3046 1252 3104 civitatis
1295 3047 1382 3104 vel
1431 3046 1726 3120 religioni&
1758 3048 1933 3121 ipsam
1976 3047 2327 3113 conturbant,
2354 3057 2411 3105 et
2434 3059 2566 3108 sunt

553 3136 613 3195 in
637 3151 703 3195 ea
729 3149 897 3195 causa
919 3134 1274 3194 dissensionis
1301 3143 1358 3193 et
1385 3134 1519 3194 litis.
1548 3135 1632 3193 Ex
1658 3135 1761 3193 hac
1784 3134 1954 3193 etiam
1994 3136 2185 3193 eadem
2226 3137 2441 3195 ratione
2466 3154 2567 3195 se-

555 3224 827 3301 quebatur
862 3222 1013 3281 aliud
1055 3223 1461 3289 inconveniens,
1490 3224 1637 3296 quod
1693 3224 1904 3281 navalis
1950 3224 2201 3298 princeps
2250 3224 2566 3298 distingue-

553 3314 718 3371 batur
743 3311 815 3369 ab
842 3311 982 3385 ipsa,
1007 3326 1076 3367 ex
1101 3327 1212 3385 qua
1249 3312 1581 3385 sequebatur
1623 3311 1820 3369 divisio
1866 3313 2190 3380 animorum,
2216 3319 2275 3369 et
2303 3330 2401 3387 per
2424 3329 2566 3373 cou-

551 3416 789 3475 sequens
815 3400 1083 3457 dissensio
1103 3399 1326 3474 politiae,
1353 3401 1502 3474 quod
1532 3416 1639 3459 non
1668 3401 1980 3468 acci-disset,
2014 3400 2284 3461 sifuisset
2308 3403 2566 3477 princeps

549 3498 867 3565 perpetuus,
895 3490 1026 3565 quia
1059 3490 1391 3565 quicumque
1430 3488 1625 3549 fuisset
1664 3490 1776 3547 dux
1814 3490 2077 3558 civitatis,
2109 3490 2303 3549 fuisset
2340 3492 2395 3547 ei
2422 3492 2567 3549 sub-

460 3588 481 3612 ·
546 3580 747 3653 jectus.
777 3577 932 3635 Facit
975 3570 1536 3637 autem‘mentionem
1570 3578 1641 3635 de
1684 3578 1869 3636 navali
1912 3578 2075 3647 bello,
2122 3580 2253 3653 quia
2294 3580 2566 3639 Lacedae-

553 3663 722 3723 monii
765 3663 998 3721 multum
1033 3664 1455 3726 dominabantur
1480 3664 1641 3725 mari.
1668 3664 2022 3731 concluditur
2048 3666 2217 3723 etiam
2256 3679 2325 3723 ex
2366 3666 2567 3725 eodem

553 3751 696 3809 sorte
729 3752 934 3809 malam
959 3768 1078 3811 esse
1113 3754 1364 3827 politiam
1399 3754 1809 3828 praedictorum,
1842 3754 1975 3829 quia
2001 3754 2107 3813 viri
2150 3753 2419 3811 militares
2450 3772 2567 3813 non

553 3839 989 3906 assumebantur,
1008 3842 1104 3912 qui
1117 3849 1304 3901 essent
1323 3841 1493 3899 fortes
1516 3843 1741 3911 virtute,
1769 3843 2025 3901 videlicet
2052 3841 2409 3911 fortitudiniS,
2434 3860 2569 3919 quae

555 3928 642 3981 est
674 3936 784 3983 una
831 3925 903 3982 do
949 3927 1340 4001 principalibus
1365 3930 1510 3991 inter
1551 3940 1807 4007 quatuor,
1827 3946 1943 4008 qua
1988 3930 2139 3997 cives
2180 3940 2463 4011 exponunt
2507 3951 2573 3995 so

1243 4152 1326 4167 0⁸⁴——
