2784 4392
534 321 667 396 ζαν.
698 336 779 352 -
804 321 1046 369 comm
1084 321 1299 370 meve.
1344 319 1448 368 om
1489 320 1664 400 eum.
1707 318 1792 396 er*
1819 316 2030 392 pane.
2171 301 2294 396 1⁸79

281 435 515 514 praelati,
550 439 827 513 accipiunt
848 439 992 498 sicut
1019 441 1325 498 mercedem
1368 437 1808 508 debitam,-unde
1853 437 2055 496 habent
2100 429 2290 514 potes'-

283 536 451 586 tatem
483 529 803 602 accipiendi,
838 529 1088 603 quamvis
1129 545 1235 586 non
1276 530 1604 593 coactivam,
1637 525 1849 600 praelati
1889 536 2075 584 autem
2117 527 2286 583 etiam

282 616 588 674 coactivam
617 617 818 694 babent
831 625 1197 692 potestatem.
1220 613 1275 676 si
1316 625 1498 672 tamen
1533 615 1623 671 ille
1652 617 1744 688 qui
1776 621 1956 689 potest
1985 611 2195 687 aliquid
2219 631 2288 670 ex

282 711 551 780 potestate
597 706 865 779 accipere,
894 711 1046 779 petat
1090 721 1194 762 non
1237 705 1393 780 quasi
1433 700 1698 773 debitum,
1733 703 1827 760 sed
1866 703 2022 776 quasi
2067 703 2288 759 omnino

282 793 603 866 gratuitum,
637 794 769 850 nulli
792 794 966 852 facit
952 795 1231 868 injuriam,
1250 795 1385 851 sed
1372 811 1426 851 in
1457 810 1516 852 se
1545 793 1910 850 humilitatem
1933 791 2292 849 commenda-

281 883 443 940 bilem
471 883 671 940 reddit.

350 972 433 1028 Ad
464 972 715 1046 quintum
740 971 1051 1040 dicendum,
1076 971 1220 1050 quod
1266 971 1560 1047 Apostolus
1584 970 1801 1030 volebat
1831 969 2117 1030 ostendere
2141 968 2290 1044 quod

282 1058 397 1133 ipse
422 1069 636 1134 poterat
664 1077 879 1118 sumere
920 1071 1172 1134 sumptus
1212 1077 1245 1118 a
1274 1062 1526 1118 fidelibus
1562 1062 1754 1118 eadem
1797 1061 2010 1118 ratione
2057 1075 2166 1133 qua
2196 1055 2292 1116 alii

284 1148 931 1224 Apostoliaccipiebant,
974 1160 1029 1208 et
1076 1139 1198 1208 ideo
1252 1158 1311 1206 ut
1350 1151 1664 1208 ostenderet
1702 1167 1762 1206 se
1803 1151 2052 1208 eamdem
2087 1148 2288 1205 habere

281 1243 631 1310 potestatem,
665 1241 840 1313 primo
869 1240 1110 1298 ostendit
1134 1256 1195 1298 se
1218 1239 1540 1313 Apostolum
1567 1255 1708 1310 esse,
1739 1241 1880 1297 sicut
1906 1246 1961 1296 et
1986 1239 2078 1295 alii
2108 1240 2293 1313 Apos-

286 1325 378 1381 toli
401 1333 578 1384 erant.

352 1416 441 1490 Ad,
464 1422 675 1473 sextum
706 1417 1017 1484 dicendum,
1047 1414 1193 1493 quod
1224 1415 1662 1492 pseudoapostoli
1693 1416 2030 1493 usurpabant
2069 1416 2172 1474 sibi
2202 1415 2290 1472 in-

284 1503 467 1560 debite
507 1513 757 1579 sumptus
800 1507 1043 1562 fidelium
1077 1506 1365 1580 tripliciter
1394 1505 1634 1568 :Primm
1661 1507 1792 1580 quia
1835 1506 1972 1563 salsa
2014 1504 2292 1579 praedica-

286 1592 415 1648 bant
443 1598 498 1649 et
539 1602 731 1651 contra
773 1596 1144 1666 evangelicam
1184 1595 1512 1660 doctrinam,
1540 1602 1602 1650 ut
1630 1601 1780 1665 patet
1804 1595 1964 1651 Rom.
1997 1593 2099 1650 ult.
2130 1609 2293 1666 super

286 1681 419 1738 illud
448 1699 461 1737 ε
490 1683 753 1754 Ηοῃαηηιε
786 1689 959 1738 autem
1000 1699 1088 1738 vos
1123 1681 1350 1754 fratres,
1376 1683 1526 1755 quod
1569 1681 1764 1738 Glossa
1801 1682 1868 1737 de
1894 1681 2296 1754 pseudoapos-

286 1770 412 1826 tolis
459 1770 700 1842 exponit,
749 1789 777 1822 α
820 1771 912 1842 qui
956 1771 1242 1828 credentes
1284 1770 1553 1842 cogebant
1595 1769 1900 1842 judaizare.
1949 1789 1975 1822 ι)
2019 1763 2324 1835 Secunde,

284 1850 415 1930 quia
466 1856 841 1929 praedicabant
892 1873 998 1914 non
1040 1859 1191 1913 missi
1222 1873 1253 1914 a
1304 1856 1447 1913 veris
1485 1856 1780 1928 Apostolis,
1818 1853 1962 1912 unde
1999 1856 2295 1929 Apostolus

286 1951 447 2002 vocat
492 1959 605 2014 eos„
638 1945 704 2002 ad
744 1945 927 2002 Galat.
970 1962 1033 2013 ιι,
1069 1945 1453 2003 subintrantes.
1486 1945 1690 2012 Tertio,
1724 1944 1854 2018 quia
1907 1941 2294 2002 auctoritative

286 2035 575 2107 exigebant
604 2049 675 2091 ac
696 2035 747 2091 si
772 2044 953 2092 essent
989 2036 1256 2108 Apostoli.
1298 2035 1365 2090 Et
1394 2035 1513 2093 haec
1543 2035 1649 2092 tria
1693 2035 1954 2092 deliciunt
1983 2034 2038 2091 in
2085 2047 2295 2107 propo-

238 2144 241 2146 *
285 2127 413 2194 sito,
442 2124 584 2180 unde
609 2125 750 2181 ratio
778 2133 885 2180 non
916 2123 1084 2182 valet.
1384 2143 1389 2146 ·
2316 2195 2320 2201 Ι

356 2211 442 2268 Ad
490 2213 781 2283 septimum
823 2211 1133 2281 dicendum,
1162 2211 1307 2286 quod
1350 2212 1604 2286 praedicti
1651 2211 1889 2285 religiosi
1927 2169 2294 2286 praedicantes

288 2307 479 2372 potunt
516 2300 662 2374 quod
691 2307 775 2356 est
812 2302 892 2356 eis
920 2300 1164 2357 debitum
1189 2318 1285 2374 per
1314 2303 1614 2358 secundum
1638 2302 1858 2358 modum
1879 2302 2130 2373 justitiae,
2161 2301 2293 2375 quia

292 2387 531 2446 debitum
564 2389 833 2461 justitiam
879 2389 1121 2461 respicit,
1164 2390 1265 2445 sed
1312 2389 1365 2444 in
1403 2390 1506 2446 hoc
1545 2389 2094 2446 commendabiliores
2140 2396 2292 2458 sunt,

290 2479 417 2550 qnia
444 2477 544 2534 hoc
569 2478 713 2550 quod
744 2486 826 2534 est
851 2477 1095 2534 debitum
1125 2482 1187 2531 ut
1210 2475 1511 2548 gratuitum
1539 2483 1750 2550 petunt.

358 2567 439 2622 Ad
470 2576 723 2622 octavum
749 2565 1057 2631 dicendum,
1088 2565 1233 2638 quod
1262 2563 1475 2636 pr‘aelati
1499 2565 1824 2637 recipientes
1849 2581 1880 2622 a
1910 2566 2108 2639 populo
2137 2563 2293 2622 deci-

290 2671 407 2711 mas
434 2660 491 2710 et
518 2653 837 2720 oblatione3‚
869 2654 970 2710 etsi
999 2653 1101 2727 ipsi
1125 2652 1345 2711 solvant
1368 2670 1467 2726 per
1496 2669 1556 2709 se
1583 2653 1766 2710 debito
1796 2653 1956 2710 modo
1986 2653 2296 2726 spiritualia

290 2743 624 2810 seminandO,
652 2751 879 2816 possunt
918 2743 1214 2799 tamen'ad
1261 2743 1524 2814 majorem
1567 2741 1742 2816 plebis
1780 2742 2076 2798 utilitatem
2123 2739 2311 2798 etiam·

290 2829 425 2888 alios
450 2838 831 2904 cooperatores
858 2831 1076 2898 habere,
1107 2832 1251 2888 unde
1280 2831 1428 2898 nulla
1474 2831 1670 2902 injuria
1695 2827 1776 2889 'fit
1806 2831 1972 2903 plebi,
1999 2832 2044 2887 si
2076 2830 2196 2904 plus
2224 2831 2291 2888 de

290 2919 678 2992 temporalibus
718 2919 1002 2976 conferant
1043 2936 1211 2993 quam
1255 2921 1327 2977 sit
1373 2925 1662 2988 statutum,
1697 2921 1915 2994 quando
1962 2930 2016 2977 et
2064 2919 2186 2994 plus
2224 2920 2294 2977 de

289 3007 663 3080 spiritualibus
700 3008 781 3064 eis
830 3007 1179 3080 impenditur,
1207 3023 1373 3082 quam
1403 3007 1616 3082 praelati
1657 3016 1967 3078 teneantur,
1999 3015 2056 3065 et
2090 3009 2290 3082 praeci-

288 3111 393 3168 pue
419 3114 486 3153 ex
520 3113 629 3170 quo
656 3111 765 3152 non
787 3099 1117 3170 potestative
1154 3099 1442 3170 accipitur,
1466 3097 1561 3154 sed
1602 3095 1929 3156 charitative
1969 3106 2026 3192 et
2065 3093 2292 3155 humili-

286 3191 373 3243 ter
397 3187 623 3260 petitur.
2335 3187 2338 3190 ’

358 3278 441 3332 Ad
470 3291 669 3331 nonum
694 3273 1003 3347 dicendum,
1026 3276 1171 3350 quod
1199 3277 1570 3350 unusquisque
1598 3233 1982 3333 abrenuntiare
2003 3281 2183 3349 potest
2211 3269 2306 3342 ei,-
2331 3268 2337 3273 ”

286 3365 433 3438 quod
466 3365 567 3420 sibi
593 3364 848 3433 debetur;
876 3366 1019 3422 unde
1056 3364 1160 3422 etsi
1194 3366 1405 3438 praelati
1453 3383 1518 3422 ex
1561 3365 1746 3422 debito
1789 3372 2078 3444 teneantur
2103 3361 2287 3438 provi·
2331 3421 2335 3424 .

286 3455 419 3510 dere
475 3455 573 3520 eis,
615 3469 754 3526 quos
804 3457 1028 3511 mittunt
1083 3455 1151 3513 ad
1207 3455 1641 3530 praedicandum,
1687 3463 1912 3527 possunt
1969 3460 2152 3511 tamen
2193 3450 2292 3525 qui
2327 3467 2336 3471 ·

289 3543 580 3598 mittuntur
610 3542 733 3598 huic
773 3542 958 3599 debito
1000 3544 1406 3601 abrenuntiare.
1433 3546 1546 3600 Nec
1595 3551 1777 3600 tamen
1821 3539 1874 3598 in
1920 3542 2023 3600 hoc
2065 3541 2292 3616 aliquod
2321 3593 2335 3599 ,.

286 3647 582 3702 gravamen
609 3633 872 3704 ingeritur
898 3632 1003 3687 illis
1028 3633 1095 3689 ad
1122 3647 1259 3705 quos
1286 3633 1599 3699 mittuntur,
1625 3649 1749 3690 cum
1783 3632 1852 3688 ab
1880 3633 1960 3688 eis
1998 3631 2142 3690 ultra
2190 3643 2294 3688 ne·

288 3723 527 3777 cessaria
557 3721 735 3777 victus
762 3737 867 3777 non
900 3725 1105 3793 petant,
1134 3737 1233 3776 nec
1280 3723 1450 3776 etiam
1487 3721 1592 3777 ista
1635 3721 1856 3796 exigant
1897 3720 2164 3788 coactive,
2191 3716 2292 3778 aed

286 3810 612 3866 charitative
648 3820 806 3884 prout
852 3811 1225 3883 unusquisque
1271 3809 1570 3867 destinavit
1612 3809 1667 3866 in
1713 3805 1878 3868 corde
1928 3825 2049 3880 sue,
2079 3809 2139 3870 in
2187 3809 2294 3870 hee

288 3898 597 3973 exemplum
626 3899 868 3974 Apostoli
896 3899 1172 3982 imitantes
1200 3899 1393 3958 neor.
1427 3914 1550 3974 cap.
1581 3914 1687 3960 vui
1716 3907 1772 3959 et
1801 3915 1886 3960 lx.
