2784 4392
455 279 576 346 136
595 259 612 280 ⁹
931 295 984 342 s.
1027 293 1265 341 ‘rnouAE
1305 289 1633 346 Aomm'ns
1674 289 1987 338 censuum

527 412 820 475 Sciendum
852 430 981 488 ergo
1010 417 1113 481 est,
1144 409 1463 471 haereticum
1492 409 1782 487 quemdam
1810 409 1976 466 fuisse
2004 409 2194 468 Romae
2228 407 2469 483 antiquis

457 506 815 580 temporibus,
849 504 1193 561 Jovinianum
1222 503 1457 570 nomine,
1496 501 1588 575 qui
1620 498 1674 557 in
1706 499 1850 555 hunc
1876 513 2115 555 errorem
2144 499 2329 573 lapsus
2359 507 2465 568 est,

455 599 518 650 ut
549 595 757 652 diceret
786 594 1027 652 omnium
1054 592 1453 665 baptizatorum
1478 591 1573 664 qui
1602 603 1761 646 snum
1784 587 2058 662 baptisma
2087 595 2465 658 servaverunt,

455 701 620 741 unam
668 685 719 739 in
762 699 927 756 regno
970 680 1231 740 coelorum
1273 695 1392 736 esse
1436 677 1952 745 remunerationem,
1993 683 2056 732 ut
2101 677 2469 752 Hieronymus

457 781 644 830 narrat
674 771 727 828 in
749 769 885 828 libro
911 786 1075 845 quem
1103 775 1293 826 contra
1329 783 1455 824 eum
1485 766 1695 823 scribit.
1728 765 1803 820 Ex
1832 781 1941 841 quo
1982 767 2040 821 in
2084 772 2300 822 tantum
2335 784 2472 840 pro-

456 863 641 929 cessit,
676 867 736 918 nt
773 859 982 918 diceret
1022 857 1281 931 virgines,
1314 857 1529 923 viduas,
1572 861 1626 911 et
1671 854 1979 921 maritatae,
2032 871 2157 928 quae
2199 854 2367 912 semel
2413 855 2470 912 in

456 951 674 1008 Christo
702 959 829 1006 sunt
870 949 999 1006 lolae
1033 964 1044 1003 ε
1078 949 1259 1005 sinon
1303 945 1615 1018 discrepent
1655 945 1874 1001 caeteris
1919 943 2193 1016 operibus„
2224 945 2471 1016 ejusdem

458 1039 639 1096 meriti
669 1053 809 1107 esse,
839 1045 894 1094 et
914 1035 1058 1111 qnod
1099 1037 1242 1093 inter
1268 1031 1653 1114 abstinentiam
1681 1032 1945 1100 ciborum,
1981 1038 2034 1088 et
2066 1033 2471 1106 perceptionem

458 1146 646 1185 eorum
681 1145 807 1184 cnm
844 1127 1144 1199 gratiarum
1189 1125 1404 1182 actione
1448 1121 1593 1179 nulla
1637 1129 1781 1179 esset
1824 1120 2149 1188 differentia,
2180 1123 2472 1180 matrimo-

457 1219 607 1275 nium
638 1231 734 1292 per
760 1213 864 1272 hoc
891 1213 1194 1287 virginitati
1234 1213 1553 1297 adaequanS.
1584 1209 1645 1267 In
1681 1226 1789 1284 quo
1818 1212 2105 1268 consilinm
2132 1211 2201 1268 de
2238 1211 2471 1284 virgini-

460 1312 578 1362 tate
602 1305 871 1361 servanda
895 1301 1212 1366 enervabat,
1248 1301 1391 1374 quod
1426 1300 1654 1357 habetur
1689 1316 1720 1356 a
1760 1300 2009 1368 Domino,
2038 1299 2229 1358 Matth.
2254 1305 2465 1368 x1x,2:

460 1393 586 1452 Non
623 1407 798 1450 omnes
837 1393 1055 1466 capiunt
1093 1389 1307 1448 verbum
1331 1387 1496 1455 istud,
1528 1387 1740 1446 scilicet
1780 1406 1812 1446 a
1856 1389 2061 1464 nuptiis
2105 1389 2465 1458 abstineatur,

460 1481 551 1538 aed
585 1479 676 1556 qui
707 1487 880 1555 potest
927 1497 1112 1554 capere
1151 1479 1348 1552 capiat.
1380 1477 1449 1534 Et
1488 1477 1557 1534 ab
1598 1477 1859 1551 Apostolo
1900 1479 1922 1534 1
1959 1477 2082 1535 Cor.
2112 1495 2214 1546 vn,
2249 1471 2316 1537 ΞΒ
2346 1498 2359 1534 :
2392 1479 2471 1536 De

464 1570 766 1645 viryinilms
802 1579 980 1630 nutem
1017 1575 1339 1643 proeceptum
1367 1565 1592 1624 Domini
1629 1583 1733 1624 non
1762 1565 1940 1636 Ιιᾳὸεο,
1975 1567 2253 1625 consilium
2295 1575 2471 1625 autem

463 1659 550 1716 du.
588 1659 742 1718 Unde
799 1659 996 1732 positio
1049 1659 1166 1730 eins
1219 1673 1313 1730 pro
1357 1654 1550 1714 haeresi
1600 1655 1857 1714 damnata
1896 1661 1997 1724 est,
2031 1663 2091 1712 ut
2135 1658 2473 1728 Augustinus

463 1755 669 1806 narrat.
698 1747 797 1804 Hic
828 1754 1010 1805 autern
1039 1744 1310 1803 loviniani
1341 1762 1493 1803 error
1532 1745 1583 1801 in
1608 1744 1906 1817 vigilantio
1954 1745 2209 1812 surrexit,
2242 1749 2305 1801 ut
2343 1747 2473 1803 Hie-

464 1851 726 1909 ronymus
769 1835 903 1891 dicit
946 1833 1003 1889 in
1046 1835 1207 1905 epist.
1240 1834 1447 1890 Contra
1481 1831 1854 1905 Vigilantiam,
1882 1835 1974 1908 qui
2017 1835 2308 1900 veritatem
2348 1833 2473 1891 fidei

465 1919 838 1998 impugnabat,
889 1927 949 1977 ut
981 1916 1452 1988 ibidem'dicitur,
1486 1922 1808 1994 pudicitiam
1858 1923 1983 1980 odio
2040 1920 2265 1992 habenS,
2311 1931 2366 1980 et
2416 1925 2473 1980 in

464 2011 716 2068 convivio
775 2008 1122 2066 saecularium
1174 2015 1365 2064 contra
1409 2007 1617 2081 jejunia
1665 2018 1979 2067 sanctorum
2034 2011 2367 2079 declamans,
2414 2020 2475 2070 ut

465 2103 830 2174 Hieronymus
859 2099 914 2153 in
940 2098 1132 2155 eadem
1161 2098 1320 2171 epist.
1349 2097 1503 2154 dicit.
1530 2098 1646 2154 Nec
1670 2097 1844 2156 solum
1868 2105 2158 2156 contentus
2189 2101 2289 2158 suit
2318 2102 2475 2158 Jovi-

466 2189 686 2246 nianurn
722 2185 946 2252 imitari,
981 2184 1267 2244 consilium
1293 2183 1360 2243 de
1389 2187 1721 2260 virginatate
1750 2203 2043 2258 evacuanS,
2068 2189 2161 2245 sed
2206 2192 2478 2264 superad-

465 2279 594 2335 dere
623 2291 786 2334 ausus
811 2283 896 2334 est
925 2279 1109 2345 etiam,
1145 2283 1205 2334 ut
1231 2275 1521 2335 consilium
1564 2277 1632 2334 de
1673 2283 1995 2352 paupertate
2034 2279 2302 2336 servanda
2345 2281 2478 2337 des·

468 2371 674 2423 trueret
718 2365 958 2434 omnino,
987 2365 1130 2422 unde
1175 2363 1542 2440 Hieronymus
1588 2362 1657 2422 de
1699 2381 1763 2422 eo
1811 2365 1944 2422 dicit
1990 2381 2004 2420 ε
2039 2385 2065 2418 α
2098 2363 2255 2436 Quod
2292 2377 2475 2424 autern

470 2455 695 2512 asserit
723 2467 818 2513 eos
861 2453 1058 2512 melius
1098 2453 1277 2511 facere
1323 2453 1417 2528 qui
1466 2458 1694 2512 utuntur
1739 2454 1902 2510 rebus
1942 2453 2076 2521 suis,
2114 2461 2168 2510 et
2210 2455 2477 2529 paulatim

467 2545 678 2602 fructus
719 2546 1124 2619 possessionum
1167 2543 1498 2617 pauperibus
1543 2542 1813 2611 dividunt,
1839 2557 2004 2618 quarn
2052 2542 2175 2600 illos
2212 2543 2306 2616 qui
2345 2560 2477 2617 pos-

469 2632 802 2690 sessionibus
830 2631 1176 2690 venumdatis
1213 2631 1374 2688 simul
1404 2631 1585 2688 omnia
1616 2629 1939 2704 largiuntur,
1970 2645 2077 2689 non
2116 2648 2147 2688 a
2188 2646 2275 2688 me
2300 2633 2349 2688 ei
2378 2633 2478 2689 sed

467 2737 506 2778 a
530 2721 643 2776 Deo
668 2719 1086 2794 respondebitur
1117 2735 1130 2775 ε
1156 2717 1215 2776 Si
1249 2719 1332 2775 vis
1358 2719 1629 2792 perfectus
1668 2736 1791 2788 esse,
1820 2719 1972 2788 vade,
2002 2725 2052 2777 et
2094 2718 2273 2778 vende·
2294 2719 2478 2777 omnia

467 2823 584 2881 quw
623 2807 798 2874 habes,
831 2827 858 2860 n
900 2815 1009 2866 etc.
1044 2806 1234 2865 Mattb.
1265 2821 1394 2876 xix,
1429 2811 1519 2866 2⁴.
1560 2809 1661 2866 Hic
1698 2817 1881 2868 autem
1923 2825 2075 2867 error
2117 2827 2212 2883 per
2250 2825 2479 2867 succes-

467 2897 650 2954 aiones
673 2895 976 2954 errantium
991 2911 1164 2970 usque
1191 2893 1259 2953 ad
1288 2893 1552 2955 hodierna
1579 2904 1822 2972 tempora
1850 2899 2117 2972 pervenit,
2138 2898 2271 2955 etin
2297 2897 2479 2956 haere-

473 2985 602 3044 ticis
636 2986 964 3061 quibusdam
1006 2985 1102 3059 qui
1144 2986 1365 3043 Cathari
1412 2988 1775 3056 nominantur,
1822 2987 2141 3060 permansit,
2192 2994 2249 3043 et
2300 2988 2482 3044 adbuc

471 3083 772 3150 permanet,
816 3075 958 3133 sicut
1011 3079 1164 3149 patet
1213 3074 1268 3131 in
1323 3076 1563 3150 quodam
1618 3080 1859 3133 tractatu
1909 3075 2157 3148 ejusdam
2205 3075 2479 3133 Desiderii

469 3163 852 3223 haeresiarchen
875 3161 1185 3232 Lombardi,
1214 3163 1386 3221 nostri
1406 3163 1687 3238 temporis,
1720 3177 1886 3237 quam
1930 3161 2101 3220 edidit
2140 3170 2334 3219 contra
2376 3179 2483 3221 ca-

361 3271 368 3280 ·
469 3253 728 3312 tbolicam
785 3252 1094 3323 veritatem,
1147 3253 1206 3312 in
1253 3268 1362 3326 quo
1427 3252 1573 3310 inter
1631 3257 1831 3310 caetera
1883 3249 2214 3310 condemnat
2264 3257 2477 3310 statum

468 3359 678 3411 eorum,
708 3342 803 3416 qui
849 3343 1055 3400 relictis
1103 3341 1354 3399 omnibus
1400 3357 1561 3413 egere
1609 3343 1799 3400 volunt
1845 3355 1970 3397 curn
2014 3341 2251 3398 Christe.
2290 3341 2481 3416 Nuper

471 3439 656 3490 autem
683 3428 830 3506 quod
865 3437 949 3488 est
977 3429 1310 3500 horribilius,
1341 3429 1605 3503 antiquus
1646 3443 1800 3487 error
1840 3436 2135 3489 renovatus
2174 3443 2259 3489 est
2290 3431 2361 3488 ab
2395 3431 2481 3488 his

472 3519 567 3593 qni
595 3517 758 3576 fidem
781 3517 1071 3576 defendere
1092 3516 1437 3588 videbantur,
1460 3514 1554 3590 qui
1583 3531 1733 3575 more
1758 3517 2063 3575 errantium·
2088 3517 2141 3574 in
2168 3517 2317 3592 pejes
2347 3533 2481 3590 pro-

469 3607 748 3676 cedentes,
775 3621 884 3664 non
917 3612 1044 3664 sunt
1067 3606 1312 3666 contenti
1341 3605 1567 3666 divitias
1608 3607 1917 3682 paupertati
1961 3621 2205 3681 aequare,
2229 3613 2289 3662 ut
2323 3604 2482 3664 Jovi-

471 3697 674 3754 nianus
701 3713 716 3752 ε
741 3696 826 3754 vel
851 3695 1075 3753 divitias
1098 3694 1409 3770 paupertati
1438 3695 1717 3770 praeferre,
1749 3705 1809 3756 ut
1834 3695 2182 3770 vigilantiae,
2215 3693 2311 3752 sed
2341 3710 2482 3768 pau-

469 3788 750 3858 pertatem
801 3783 1048 3841 totaliter
1089 3783 1473 3854 condemnare,
1524 3785 1769 3844 dicentes
1804 3799 1912 3844 non
1955 3799 2077 3844 esse
2122 3783 2335 3842 licitum
2380 3798 2484 3843 sua

475 3871 663 3936 omnia
703 3881 804 3942 pro
832 3869 1050 3929 Christo
1075 3871 1403 3944 relinquere,
1430 3869 1537 3932 nisi
1580 3873 1746 3933 talem
1780 3871 2097 3950 religionem
2140 3873 2330 3945 intret,
2357 3885 2485 3948 quae
