2784 4392
449 213 582 299 294·
925 233 979 281 s.
1021 234 1260 282 ⁶1·quAE
1283 219 1629 297 *Aoumitns
1668 236 2001 295 opuscumt,

1226 446 1510 514 CAPUT
1574 445 1689 515 IV.

461 574 638 650 Quod
657 577 823 657 reyio
851 594 1030 658 quam
1049 593 1156 641 rex
1181 578 1358 659 eligit
1376 579 1460 641 ad
1476 576 1751 641 civitates
1773 581 1830 640 et
1840 574 2045 641 crisim
2058 576 2468 653 instituenda,

532 667 695 729 debet
733 667 940 731 habere
975 668 1344 731 amaenitates
1383 669 1452 733 in-
1491 668 1709 747 quibus
1736 668 1890 731 cives
1923 672 2068 729 sunt
2096 668 2361 741 arcendi,
2397 672 2477 730 ut
2506 708 2515 714 -

533 756 829 819 moderate
855 757 939 819 eis
961 760 1260 830 utantur,
1268 756 1422 837 quia
1446 758 1667 839 saepius
1691 760 1837 822 sunt
1878 774 2065 820 causa
2106 756 2475 819 dissolutio-

532 846 651 919 πίε,
683 845 840 915 unde
865 863 1114 927 reanum
1141 846 1505 925 dissipatur.

523 976 620 1032 Est
647 976 815 1035 etiam
843 979 1243 1035 constituendis
1273 978 1499 1035 urbibus
1523 927 1803 1050 eligendus
1828 978 1979 1036 locus
2017 980 2112 1054 qui
2144 979 2471 1039 amoenitate

456 1064 792 1121 habitatores
835 1066 1090 1123 delectet.
1130 1068 1250 1125 Non
1287 1067 1433 1125 enim
1475 1065 1635 1123 facile
1672 1065 1944 1123 deseritur
1988 1064 2141 1123 locus
2192 1080 2463 1129 atticenus,

455 1170 559 1211 nec
582 1154 650 1209 de
677 1154 826 1211 facili
853 1154 921 1211 ad
952 1155 1131 1211 locum
1172 1156 1326 1211 illum
1358 1155 1585 1212 confluit
1621 1154 1987 1211 habitantium
2028 1154 2343 1221 multitude,
2376 1154 2464 1209 cui

456 1243 610 1299 deest
635 1246 944 1311 amoenitas»,
975 1260 1040 1299 eo
1070 1243 1215 1318 quod
1245 1244 1455 1318 absque
1474 1244 1795 1301 amoenitate
1818 1247 1933 1305 vita
1956 1244 2192 1301 hominis
2233 1242 2330 1299 diu
2355 1242 2466 1298 du-

457 1348 580 1388 rare
611 1348 715 1389 non
748 1334 940 1405 possit.
967 1332 1052 1389 Ad
1085 1332 1226 1389 hanc
1271 1338 1457 1390 autem
1503 1334 1874 1407 amaenitatem
1912 1332 2175 1405 pertinet,
2200 1332 2348 1405 quod
2390 1332 2465 1389 sit

458 1421 608 1477 locus
631 1436 948 1494 «temporum
980 1422 1206 1495 planitie
1232 1422 1525 1486 distentus,
1542 1422 1797 1480 arborum
1837 1422 2007 1487 ferax,
2030 1422 2301 1479 montium
2334 1436 2468 1493 pro-

459 1512 765 1583 pinquitate
786 1512 1130 1583 conspicuuS,
1163 1510 1475 1571 nemoribus
1492 1520 1683 1583 gratus
1710 1519 1767 1569 et
1786 1512 1945 1585 aquis
1973 1510 2233 1586 irriguus,
2264 1510 2466 1567 Verum

459 1600 588 1673 quia
619 1600 787 1658 nimiu
817 1601 1108 1657 amoenitas
1139 1601 1414 1675 superflue
1447 1600 1517 1659 ad
1550 1600 1778 1657 delicias
1818 1600 2067 1655 homines
2095 1598 2287 1667 allicit,
2320 1599 2465 1672 quod

459 1690 671 1745 civitati
718 1690 1010 1761 plurimum
1057 1698 1236 1754 nocet,
1263 1691 1390 1746 ideo
1438 1696 1656 1763 oportet
1696 1705 1759 1746 ea
1805 1689 2088 1745 moderate
2135 1688 2239 1744 uti.
2285 1688 2468 1743 Primo

463 1792 694 1847 namque
741 1776 987 1833 homines
1028 1785 1286 1833 vacantes
1324 1778 1557 1839 deliciis,
1586 1794 1749 1834 sensu
1796 1776 2143 1835 hebetantur.
2184 1778 2469 1849 Immergit

461 1866 603 1919 enim
627 1880 816 1921 earnm
839 1866 1084 1921 suavitas
1119 1866 1367 1921 sensibus
1407 1867 1666 1934 animam,
1699 1866 1775 1923 ita
1822 1865 1970 1942 quod
2003 1866 2060 1921 in
2090 1865 2254 1923 rebus
2281 1866 2468 1921 delec-

464 1952 707 2009 tantibus
737 1952 966 2007 liberum
993 1954 1265 2024 judicium
1303 1953 1502 2010 habere
1542 1970 1650 2010 non
1694 1962 1939 2026 possunt.
1973 1954 2127 2011 Unde
2167 1954 2483 2031 secundum⁸

463 2042 772 2099 Aristotelis
796 2042 1140 2108 sententiam,
1178 2062 1204 2094 ε(
1233 2042 1523 2115 prudentia
1544 2044 1749 2115 judicis
1774 2060 1873 2115 per·
1896 2043 2317 2101 delectationem
2342 2059 2468 2098 cor-

465 2130 764 2202 rumpitur3
796 2149 821 2183 n
853 2130 1050 2185 deinde
1074 2130 1467 2190 delectationes
1505 2131 1794 2205 superssuae
1824 2131 1893 2187 ab
1930 2131 2217 2188 honestate
2249 2133 2467 2188 virtutis

464 2219 696 2292 deficere
743 2219 973 2277 faciunt.
1009 2220 1153 2277 Nihil
1197 2222 1366 2277 etiam
1421 2222 1595 2293 magis
1642 2222 1894 2294 perducit
1936 2221 2004 2277 ad
2050 2222 2465 2280 immoderatum

465 2314 838 2379 augmentum,
865 2325 962 2381 per
987 2310 1130 2383 quod
1163 2310 1403 2367 medium
1434 2312 1656 2367 virtutis
1682 2312 2067 2383 corrumpitur,
2094 2327 2261 2384 quam
2286 2310 2466 2367 delec-

469 2397 625 2463 tatio,
678 2403 796 2455 tum
839 2398 970 2470 quia
1013 2406 1209 2455 natura
1247 2400 1627 2455 delectationis
1664 2409 1747 2456 est
1800 2399 1981 2467 avida,
2031 2410 2087 2453 et
2129 2400 2210 2454 sic
2254 2399 2463 2455 modica

463 2485 831 2543 delectatione
866 2475 1085 2560 sumpta
1109 2488 1489 2561 praecipitatur
1519 2488 1572 2543 in
1603 2489 1843 2560 turpium
1886 2486 2314 2545 delectationum
2343 2488 2465 2543 ille-

465 2576 677 2642 cebrae,
705 2577 848 2633 sicut
873 2575 1018 2652 lig-na
1048 2578 1195 2632 sicca
1236 2592 1302 2631 ex
1333 2576 1549 2631 modico
1574 2576 1699 2647 igne
1723 2576 2127 2647 accenduntur;
2156 2588 2273 2635 tum
2302 2578 2464 2635 etiam

416 2667 420 2672 ’
466 2665 598 2739 quia
625 2656 919 2723 delectatio
957 2666 1259 2737 appetitum
1284 2680 1390 2719 non
1419 2664 1605 2729 satiat,
1633 2663 1727 2720 sed
1755 2671 1972 2735 gustata
2000 2665 2150 2721 sitim
2180 2666 2263 2721 sui
2294 2667 2465 2739 magis

467 2754 696 2822 inducit,
725 2754 868 2812 unde
897 2754 965 2809 ad
995 2755 1216 2809 virtutis
1241 2753 1479 2809 officium
1510 2754 1765 2829 pertinet,
1799 2761 1858 2807 ut
1888 2752 2135 2809 homines
2163 2768 2195 2809 a
2221 2755 2464 2811 delecta·

470 2841 708 2899 tionibus
735 2842 1022 2915 superfluis
1048 2841 1377 2923 abstineant.
1410 2843 1501 2899 Sic
1536 2842 1681 2921 enim
1708 2843 2090 2914 superfluitate
2121 2844 2296 2901 vitata
2329 2844 2467 2901 faci-

471 2929 576 3005 lius
603 2931 672 2987 ad
703 2933 952 2994 medium·
973 2931 1188 2987 virtutis
1218 2931 1587 3003 pervenietur.
1614 2932 2023 3006 Consequenter
2052 2932 2223 2989 etiam
2257 2933 2466 2990 deliciis

469 3017 743 3091 superflue
767 3019 934 3077 dediti
957 3020 1276 3077 mollescunt
1294 3020 1572 3088 animo‚'et
1592 3020 1660 3077 ad
1680 3020 1851 3077 ardua
1872 3036 2106 3094 quaeque
2122 3024 2461 3093 attentanda,

470 3124 572 3165 nec
596 3124 700 3165 non
727 3109 796 3165 ad
814 3108 1123 3165 tolerandos
1144 3108 1356 3165 labores
1385 3116 1439 3165 et
1464 3108 1704 3181 pericula
1730 3108 2070 3165 abhorrenda
2094 3108 2467 3183 pusillanimes

474 3197 626 3265 liunt,
645 3198 786 3252 unde
809 3206 865 3253 et
891 3198 957 3253 ad
988 3190 1427 3255 bellicum'usum
1456 3196 1666 3255 deliciae
1694 3198 1983 3268 plurimum
2013 3204 2229 3264 nocent,
2254 3200 2385 3271 quia
2412 3205 2467 3253 ut

471 3284 731 3357 Vegetins
760 3286 894 3344 dicit
926 3286 978 3341 in
1009 3287 1146 3343 libro
1171 3288 1249 3343 De
1263 3304 1323 3343 re
1348 3286 1585 3344 militari
1610 3304 1629 3343 .·
1660 3308 1682 3339 ιι
1714 3288 1890 3343 Minus
1922 3289 2077 3345 timet
2106 3287 2467 3360 mortem,qui

474 3377 654 3431 minus
682 3376 1000 3433 deliciarum
1025 3392 1082 3433 se
1111 3377 1260 3434 novit
1289 3376 1543 3433 habuisse
1572 3376 1625 3431 in
1656 3377 1789 3431 vita.
1821 3396 1846 3431 >2
1879 3378 2108 3435 Demum
2137 3377 2350 3433 deliciis
2380 3394 2469 3433 re-

473 3466 636 3521 soluti
667 3465 984 3539 plerumque
1017 3468 1346 3538 pigrescunt,
1378 3473 1433 3521 et
1463 3466 1789 3522 intermissis
1828 3468 2151 3523 necessariis
2190 3468 2387 3525 studiis
2418 3474 2470 3523 et

472 3552 706 3625 negotiis
730 3552 950 3620 debitis,
979 3556 1106 3611 solis
1125 3553 1337 3611 deliciis
1349 3552 1609 3611 adhibent
1632 3570 1843 3623 curam,
1872 3558 1925 3611 in
1946 3572 2084 3629 quas
2099 3572 2222 3629 quae
2240 3557 2389 3629 prius
2406 3555 2471 3612 ab

475 3643 596 3698 aliis
640 3642 854 3699 fuerant
897 3652 1246 3717 congregata,
1275 3643 1477 3715 profusi
1515 3644 1836 3715 dispergunt
1867 3660 1879 3699 :
1909 3645 2051 3701 unde
2081 3646 2147 3701 ad
2177 3652 2471 3721 pauperta-

477 3737 595 3785 tem
623 3732 863 3798 deducti,
893 3732 1024 3790 du‘m
1047 3733 1322 3791 consuetis
1349 3732 1561 3793 deliciis
1596 3748 1784 3790 carere
1814 3749 1920 3791 non
1962 3740 2204 3808 possunt,
2232 3750 2290 3789 se
2312 3732 2471 3789 furtis

489 3825 547 3875 et
597 3822 803 3892 rapinis
839 3828 1130 3893 exponunt,
1157 3831 1219 3879 ut
1259 3822 1501 3881 habeant
1546 3824 1689 3882 unde
1738 3826 1949 3899 possint
1994 3841 2125 3883 suas
2170 3822 2473 3899 voluptates

47 3987 368 4255 Χ

359 4256 394 4299 xx
