2784 4392
432 274 478 344 8'
910 298 962 344 s,
1008 296 1241 343 ⁹1·quAE
1279 295 1612 348 ,tuomum
1652 296 1962 345 causeum

435 432 744 491 puerorum,
777 423 837 472 ut
868 417 997 473 liant
1030 417 1211 489 pueris
1236 417 1392 489 (lilasi
1426 416 1599 486 pueri,
1627 423 1686 471 ut
1711 430 1908 488 pueros
1934 414 2234 485 lucrentur,
2267 417 2401 475 dicit
2429 435 2443 473 e

446 508 656 564 Talium
681 514 753 563 est
783 522 1000 577 requam
1027 506 1290 561 coelorum.
1323 507 1461 560 Nam
1492 512 1548 560 et
1574 505 1685 577 ipse
1716 520 1839 559 cum
1868 505 1921 560 in
1944 504 2117 563 forma
2151 507 2249 561 D'ei
2278 504 2443 578 esset,

438 596 615 651 factus
644 603 727 651 est
756 612 905 668 puer.
939 596 1052 649 Hoc
1077 610 1204 665 ergo
1235 593 1495 649 debemus
1520 594 1822 659 attendere,
1862 610 1929 650 ne
1957 595 2323 651 aestimatione
2353 612 2449 652 sa·-
2476 634 2487 644 -

439 684 657 756 pientiae
687 683 1084 739 excellentioris
1109 689 1523 738 contemnamus
1549 681 1705 754 quasi
1730 684 1911 753 magni
1941 682 2163 756 pusillos
2191 683 2449 763 Ecclesioe

439 772 783 844 prohibentes
819 788 1016 844 pueros
1059 772 1242 826 venire
1283 771 1348 827 ad
1379 772 1583 825 lesum.
1627 772 1692 825 Et
1734 778 1795 824 ut.
1818 771 2003 827 adhuc
2034 772 2098 827 ad
2133 774 2313 844 priora
2350 766 2449 829 nos

439 861 811 928 extendamus,
845 862 911 915 de
935 861 1140 916 Joanne
1165 848 1410 931 Baptista
1442 859 1639 929 legitur
1665 860 1827 915 Lucae
1864 876 1903 926 1,
1938 863 2005 913 80
2039 878 2051 914 :
2083 860 2230 917 Puer
2252 877 2449 917 cresce-

439 949 545 1013 bat,
584 958 632 1006 et
657 948 1060 1021 confortabatur
1087 948 1310 1019 spir-itu,
1342 955 1389 1003 et
1418 955 1535 1003 erat
1575 948 1633 1002 in
1662 947 1883 1017 defertis
1908 964 2066 1019 usque
2095 949 2165 1003 ud
2194 948 2332 1005 diem
2360 967 2449 1005 os-

439 1038 692 1093 tensionis
729 1054 838 1093 euae
863 1037 931 1092 ad
975 1037 1163 1096 Israel.
1213 1037 1314 1092 Ubi
1357 1036 1491 1091 dicit
1521 1035 1665 1091 Beda
1708 1036 2082 1092 :Praedicator
2113 1040 2450 1110 poenitentiae

441 1129 672 1192 futurus,
726 1133 783 1181 ut
827 1125 1049 1180 liberius
1084 1126 1361 1182 auditores
1389 1140 1517 1180 suos
1560 1140 1591 1180 a
1624 1124 1806 1180 mundi
1839 1124 2109 1184 illecebris
2151 1127 2449 1183 erudiendo

333 1287 348 1301 ,
441 1216 719 1282 subtollat,
746 1216 1061 1287 primaevam
1093 1216 1148 1269 in
1169 1214 1401 1270 desertis
1432 1216 1695 1285 transegit
1717 1216 1903 1281 vitam,
1930 1232 2015 1283 ne,
2040 1216 2453 1289 utGreg.Nys·-

441 1321 602 1360 senus
628 1306 780 1370 dicit,
809 1304 1114 1375 hujusmodi
1147 1302 1374 1359 fallaciis
1406 1318 1529 1375 quae
1555 1318 1649 1374 per
1672 1318 1863 1358 sensus
1892 1305 2231 1375 ingeruntur,
2261 1322 2451 1361 assue-

445 1404 550 1459 ωε,
584 1393 876 1465 quamdam
903 1392 1274 1447 confusionem
1319 1408 1383 1446 ac
1425 1406 1665 1446 errorem
1692 1392 1993 1447 incurreret
2024 1409 2151 1463 erga
2183 1394 2295 1448 veri
2325 1394 2449 1450 boni

443 1483 828 1538 discretionem
860 1499 871 1533 :
906 1488 960 1535 et
1003 1480 1126 1535 ideo
1171 1479 1236 1534 ad
1277 1486 1489 1549 tantum
1526 1479 1835 1535 divinarum
1879 1482 2179 1551 gratiarum
2208 1481 2454 1537 elevatus

443 1576 527 1623 est
555 1568 782 1640 apicem,
827 1574 886 1621 ut
917 1566 1203 1638 plusquam
1234 1566 1515 1637 Prophetis
1541 1565 1640 1621 sibi
1684 1568 1861 1637 gratia
1896 1566 2290 1636 infunderetur,
2324 1569 2453 1640 quia

443 1658 693 1722 mundus,
727 1672 918 1727 expers
941 1654 1237 1726 cujuslibet
1267 1655 1555 1726 passionis,
1584 1654 1915 1711 desiderium
1944 1671 2103 1711 suum
2122 1673 2157 1711 a
2188 1657 2453 1730 principio
2540 1678 2543 1681 ·

448 1763 616 1819 usque
655 1746 722 1800 ad
751 1746 910 1801 [inem
941 1744 1140 1799 divinis
1170 1744 1481 1815 aspectibus
1510 1742 1725 1800 obtulit.
1752 1737 1886 1800 'Non
1918 1744 2094 1800 solum
2133 1746 2298 1817 igitur
2332 1746 2455 1801 lici-

449 1842 563 1889 tum
598 1839 698 1897 est,
741 1832 835 1887 sed
866 1831 1032 1886 etiam
1071 1830 1228 1887 valde
1257 1832 1550 1903 expediens
1578 1831 1646 1887 ad
1690 1834 1951 1902 majorem
1980 1834 2213 1902 gratiam
2253 1836 2455 1906 optime

447 1921 878 1995 paemen-endam,
909 1930 966 1974 ut
991 1919 1158 1992 aliqui
1187 1936 1216 1975 a
1245 1922 1478 1992 pueritia
1504 1920 1767 1975 saeculum
1792 1919 2123 1985 deserentes,
2156 1922 2207 1975 in
2239 1921 2455 1978 deserto

445 2010 721 2081 religionis
748 2010 952 2064 vivant.
988 2009 1139 2064 Unde
1168 2010 1469 2065 Trenorum
1502 2023 1586 2063 ιιι.
1622 2010 1690 2064 27
1720 2008 1921 2063 dicitur
1959 2025 1971 2060 ε
1999 2008 2209 2062 Bonum
2233 2016 2307 2064 est
2336 2011 2456 2067 viro

447 2116 562 2153 cum
595 2097 896 2169 portaverit
919 2100 1108 2169 juqum
1137 2097 1202 2152 ab
1230 2097 1577 2152 adolescentia
1614 2112 1730 2171 sua.
1770 2095 1836 2151 Et
1861 2111 2027 2151 causa
2063 2097 2279 2152 videtur
2314 2100 2459 2154 assi-

448 2188 620 2259 gnari,
651 2203 774 2242 cum
803 2185 1056 2242 subditur
1090 2205 1102 2239 ε
1136 2186 1337 2241 Sedebit
1368 2184 1665 2246 solitarius,
1698 2190 1749 2239 et
1778 2182 1984 2248 tacebit,
2016 2185 2141 2256 quia
2170 2186 2363 2243 levavit
2406 2206 2457 2244 se

448 2292 605 2347 super
625 2293 676 2331 se
707 2294 724 2331 .·
757 2292 849 2347 per
877 2275 1020 2349 quod
1049 2276 1212 2337 datur
1237 2273 1487 2343 intelligi,
1522 2273 1613 2345 qui
1646 2271 1715 2326 ab
1744 2271 2119 2330 adolescentia·
2142 2292 2238 2331 sua
2264 2278 2482 2347 jugum·

449 2365 1012 2437 religionis-portando
1034 2380 1092 2419 se
1117 2378 1280 2435 super
1309 2377 1368 2417 se
1393 2361 1625 2426 elevant,
1662 2358 1731 2415 ab
1756 2360 2131 2417 observantias
2158 2362 2453 2433 religionis,

449 2470 572 2528 quae
601 2455 652 2508 iu
684 2456 868 2527 quiete
897 2452 1169 2517 consistit,
1201 2466 1232 2507 a
1261 2450 1553 2505 mundanis
1582 2448 1728 2503 curis
1758 2457 1811 2504 et
1842 2448 2077 2514 silenti0,
2112 2466 2142 2505 a
2176 2451 2457 2508 turbarum

451 2542 770 2598 tumultibus
819 2542 991 2612 magis
1032 2539 1331 2595 redduntur
1377 2537 1577 2603 idonei,
1611 2536 1909 2591 secundum
1960 2536 2089 2591 illud
2136 2540 2458 2596 Proverbio-

451 2648 572 2692 rum
599 2646 744 2695 xxii,
785 2635 814 2685 6
848 2646 861 2683 2
893 2628 1200 2685 Adolescens
1215 2625 1380 2695 juxta
1412 2625 1550 2679 viam
1578 2640 1728 2679 suam
1758 2624 1919 2680 etiam
1947 2642 2060 2680 cum
2090 2628 2325 2683 senuerit
2354 2646 2457 2685 nou

453 2721 653 2777 recedet
681 2720 756 2775 ab·
787 2734 866 2773 ea.
898 2718 966 2771 Et
1006 2716 1130 2773 inde
1159 2713 1412 2785 estquod
1450 2712 1736 2768 Anselmus
1768 2714 1823 2767 in
1862 2713 1996 2769 libro
2038 2714 2103 2769 de
2141 2717 2459 2773 similitudi-

449 2811 628 2876 nibus„
655 2824 749 2865 eos
772 2806 864 2880 qui
892 2812 1018 2860 sunt
1048 2819 1079 2859 a
1104 2800 1337 2875 pueritia
1365 2802 1419 2854 in
1446 2801 1793 2855 monasteriis
1818 2802 2028 2867 nutriti,
2059 2803 2279 2874 Angelis
2302 2821 2460 2861 com-

455 2906 609 2971 parat
642 2914 656 2954 ε
693 2912 784 2953 eos
813 2908 941 2951 vero
971 2892 1064 2965 qui
1106 2887 1451 2962 postmodum
1493 2889 1549 2943 in
1578 2888 1817 2961 perfecta
1848 2895 2013 2946 aetate
2042 2900 2454 2961 convertuntur,

452 2988 780 3045 hominibus.
1179 3006 1183 3011 ¹

526 3080 638 3132 Hoc
662 3076 830 3131 etiam
857 3085 961 3125 non
983 3067 1157 3123 solum
1181 3080 1354 3122 sacrae
1379 3066 1676 3138 Scripturae
1706 3066 2143 3135 auctoritatibus,
2172 3070 2267 3125 sed
2294 3072 2460 3127 etiam

453 3162 896 3235 Philosophorum
912 3155 1197 3212 sententiis
1217 3154 1589 3220 confirmatur,
1618 3154 1758 3210 Dicit
1780 3157 1925 3211 enim
1944 3157 2296 3229 Philosophus
2321 3161 2373 3215 in
2398 3178 2457 3228 u,

452 3255 764 3309 Ethicorum
794 3263 805 3300 :
837 3244 960 3301 Non
982 3260 1181 3315 purum
1219 3242 1397 3313 differt
1425 3244 1519 3308 sic,
1556 3243 1634 3298 vel
1658 3244 1735 3298 sic
1761 3260 1826 3298 ex
1846 3245 2039 3315 juvene
2070 3245 2343 3317 confestim
2370 3266 2462 3304 us-

454 3340 667 3411 suelieri
702 3354 722 3393 .·
750 3332 838 3389 secl
869 3332 1034 3387 vitello
1076 3331 1260 3403 ma9i3,
1287 3339 1384 3387 aut
1422 3348 1588 3400 emite,
1622 3332 1680 3387 icl
1706 3340 1803 3397 est,
1843 3338 2012 3387 totum
2041 3332 2097 3387 iu
2128 3334 2219 3389 hoe
2260 3337 2463 3392 conteis-

457 3432 545 3494 tit,
581 3422 716 3499 quod
749 3420 915 3493 aliqui
956 3437 990 3475 a
1009 3420 1251 3493 pueritia
1291 3420 1618 3477 erudiuntur
1658 3421 1717 3475 in
1746 3421 1859 3491 hoc,
1890 3421 2025 3491 quod
2046 3439 2149 3494 per
2175 3422 2355 3481 totam'
2374 3426 2463 3479 υἱ..

457 3527 566 3574 tam
594 3512 810 3577 debetur
840 3525 1088 3565 *servm-e.
1123 3510 1189 3563 Et
1232 3510 1284 3563 in
1324 3524 1449 3575 vm,
1480 3508 1827 3564 politicorum
1873 3511 2007 3565 dicit
2044 3510 2187 3567 idem
2218 3512 2465 3568 Philoso-

458 3604 613 3677 phus,
646 3600 791 3674 quod
817 3599 1109 3672 leyislalori
1132 3598 1360 3656 maxime
1385 3588 1758 3668 vteqotiandum
1793 3603 1865 3652 est
1894 3599 2041 3653 circa
2058 3600 2317 3671 ⁸iuvenum.
2346 3599 2462 3655 clis-

455 3692 724 3763 ciplinam,
761 3706 886 3762 quos
914 3694 1119 3760 oportet
1152 3686 1370 3745 erudire
1398 3685 1678 3741 secundum
1712 3684 1847 3755 quod
1876 3687 2115 3742 convenit
2154 3686 2226 3741 acl
2266 3702 2465 3743 unum-

457 3796 713 3853 quemque
742 3777 1068 3851 qualitatem.

528 3872 641 3929 Hoc
665 3870 830 3928 etiam
855 3884 923 3927 ex
943 3864 1213 3925 communi
1245 3862 1525 3920 hominum
1548 3860 1945 3918 consuetudine
1976 3860 2267 3919 manifeste
2291 3878 2467 3936 appa-
