2784 4392
482 257 609 326 240
962 275 1020 325 s.
1058 275 1293 322 wnouffl
1332 274 1664 328 souma-ne
1703 275 2020 324 croscum

487 393 636 452 dabit
662 392 945 467 iniquitat,
972 392 1117 449 unde
1134 393 1330 451 Glossa
1357 391 1560 450 ibidem
1583 393 1740 462 dicit,
1769 394 1916 450 unde
1938 391 2232 468 Apostolus
2262 410 2278 452 z
2307 397 2508 456 Erunt

486 483 720 540 homines
763 483 983 556 seipsos
1022 489 1280 540 amantes.
1322 483 1442 538 Non
1471 497 1602 554 ergo
1644 481 1812 539 verba
1839 471 2088 554 Apostoli
2131 489 2260 540 sunt
2287 485 2508 540 intelli-

449 623 453 626 .
484 572 679 644 genda,
737 571 894 646 quasi
942 571 1078 627 vitia
1104 585 1231 644 quas
1280 577 1659 638 connumerat,
1713 571 1823 627 ullo
1871 571 2074 628 saeculo
2120 588 2365 645 unquam
2395 573 2504 628 de-

483 661 702 729 fuerint,
730 663 825 717 sed
850 659 981 734 quia
1017 659 1329 716 abundante
1370 659 1601 726 malitia,
1641 660 1697 714 in
1723 659 1922 715 futuris
1963 660 2301 733 temporibus
2331 677 2505 730 ,cres-

483 757 628 807 cent.
657 750 909 823 *Quidam
944 754 1133 804 tamen
1163 747 1216 803 in
1245 748 1525 820 primitiva
1567 747 1812 804 Ecclesia
1841 754 2018 817 erant,
2051 749 2144 821 qui
2189 751 2356 807 etiam
2387 750 2504 806 illis

484 839 633 895 vitiis
662 838 1036 906 abundabant,
1063 835 1199 893 alias
1239 835 1444 892 frustra
1467 835 1676 891 diceret
1722 851 1735 890 ε
1765 836 1842 892 Et
1881 835 1974 892 hos
2009 835 2207 903 devita,
2245 845 2305 894 et
2334 841 2498 911 quasi

483 927 768 984 Timotheo
814 925 1103 1000 quaerenti,
1148 923 1422 998 quomodo
1450 937 1674 995 possum
1699 924 1874 980 vitare
1901 940 2028 998 quae
2051 925 2290 982 nondum
2321 929 2500 984 sunt?

483 1015 799 1088 Respondet
823 1015 1116 1086 Apostolus
1136 1029 1149 1068 t
1168 1014 1259 1071 Ex
1272 1011 1484 1085 hisjam
1501 1019 1627 1068 sunt
1644 1009 1846 1084 ilb’qui
1857 1019 2148 1084 penetrant
2163 1013 2357 1080 domos,
2380 1023 2495 1072 etc.

484 1101 580 1156 Illa
606 1101 774 1172 igitur
814 1100 949 1156 vitia
974 1115 1100 1173 quae
1126 1115 1292 1172 supra
1316 1105 1593 1171 posuerat,
1643 1099 1716 1159 ad
1752 1099 1996 1156 futurum
2025 1101 2298 1171 pertinere
2338 1103 2496 1169 vult;

483 1189 579 1244 sed
608 1189 711 1246 hoc
739 1189 885 1261 quod
915 1189 1069 1257 dicit,
1114 1203 1179 1244 ex
1208 1187 1293 1242 his
1321 1194 1449 1243 sunt
1479 1187 1572 1260 qui
1601 1194 1886 1258 penetrant
1910 1187 2102 1246 domos
2131 1190 2198 1246 ad
2228 1205 2494 1261 praesens.

482 1276 637 1336 Unde
676 1275 831 1345 dicit,
851 1281 1163 1348 penetrant,
1192 1288 1299 1330 non
1322 1274 1706 1346 penetrabunt,
1733 1277 1968 1349 captivas
1991 1277 2210 1344 ducunt,
2236 1293 2345 1334 non
2383 1279 2461 1336 du
2477 1309 2498 1322 ·

482 1373 629 1421 cent.
667 1366 783 1421 Nec
810 1363 1109 1437 putandum
1134 1368 1217 1418 est
1244 1361 1347 1418 hoc
1376 1361 1494 1419 loco
1523 1376 1619 1435 pro
1661 1363 1924 1436 temporis
1947 1365 2115 1421 futuri
2155 1365 2321 1422 verba
2347 1382 2497 1438 prae-

482 1453 655 1510 sentis
690 1453 952 1528 temporis
990 1451 1255 1524 posuisse,
1290 1456 1349 1506 ut
1377 1451 1717 1522 Augustinus
1745 1452 1800 1506 in
1828 1452 2019 1508 eadem
2048 1453 2279 1526 epistola
2305 1454 2444 1510 dicit
2478 1472 2490 1509 :

484 1563 511 1597 α
544 1543 714 1598 Erant
743 1529 873 1614 ergo
901 1542 955 1597 in
994 1540 1273 1613 primitiva
1301 1539 1546 1596 Ecclesia
1577 1539 1747 1612 aliqui
1779 1557 1846 1597 ex
1882 1539 1986 1597 hoc
2024 1551 2150 1597 actu
2181 1543 2315 1608 noti,
2361 1545 2492 1616 quia

484 1630 846 1706 penetrabant
872 1631 1082 1697 domos,
1114 1648 1141 1681 »
1168 1634 1299 1697 etc.,
1322 1643 1464 1701 quos
1493 1628 1608 1685 vult
1636 1628 1866 1700 intelligi
1897 1629 2003 1686 illis
2029 1630 2178 1686 vitiis
2201 1644 2321 1686 esse
2351 1631 2492 1686 irre-

402 1787 408 1790 *
484 1721 636 1787 titoS,
659 1735 786 1791 quae
810 1719 868 1774 in
892 1717 1201 1774 novissimis
1230 1717 1564 1788 temporibus
1589 1716 1963 1774 abundabunt.
1987 1719 2126 1787 Quia
2155 1727 2337 1776 autem
2363 1728 2493 1776 sunt

482 1807 593 1873 isti,
627 1807 936 1879 expressius
964 1807 1186 1875 exponit
1212 1805 1280 1862 ad
1324 1806 1528 1871 Titum,
1565 1821 1603 1871 1,
1639 1805 1705 1860 40
1738 1806 1827 1861 ubi
1853 1805 1934 1862 sic
1963 1807 2098 1862 dicit
2130 1808 2304 1864 :Sunt
2333 1809 2492 1864 multi

482 1894 855 1960 inobedientes,
881 1901 933 1950 et
958 1891 1255 1963 vaniloqui,
1286 1898 1335 1947 et
1363 1893 1680 1959 seductores,
1711 1893 1804 1965 qui
1828 1895 1892 1950 de
1920 1895 2318 1952 circumcisione
2341 1906 2488 1963 sunt,

484 2000 611 2056 quos
660 1988 866 2055 oportet
914 1979 1189 2052 redarqui,
1233 1979 1327 2052 qui
1353 1980 1635 2035 universas
1663 1980 1837 2036 donzos
1881 1982 2212 2048 subvertunt,
2255 1984 2492 2042 docentes

482 2087 599 2144 quw
627 2087 731 2126 non
762 2076 986 2142 oportet,
1030 2068 1207 2141 turpis
1236 2067 1377 2125 lucri
1417 2068 1624 2140 qratia.
1653 2069 1744 2126 Sic
1781 2085 1911 2142 ergo
1937 2072 2080 2144 quod
2109 2072 2263 2142 dicit,
2295 2089 2360 2128 ex
2407 2073 2491 2128 liis

481 2166 611 2217 sunt
634 2160 728 2232 qui
758 2165 1045 2232 penetrant
1072 2157 1282 2225 domos,
1314 2157 1383 2214 de
1413 2157 1519 2214 illis
1549 2157 1821 2230 intelligit,
1849 2159 1943 2232 qui
1972 2158 2204 2217 latenter
2230 2162 2490 2218 circumi-

480 2248 616 2306 bant
644 2247 853 2315 domos,
891 2247 1082 2304 salsam
1110 2247 1418 2304 doctrinam
1456 2247 1881 2314 disseminando,
1913 2249 2031 2304 sive
2059 2249 2396 2323 intelligatur
2423 2253 2490 2308 de

482 2338 647 2394 domo
664 2337 1031 2403 conscientiae,
1062 2337 1177 2394 sive
1198 2337 1269 2393 de
1291 2337 1454 2392 domo
1476 2337 1764 2399 materiali.-
1799 2342 1854 2392 ct
1882 2337 2236 2410 captivabant
2257 2340 2489 2396 vinculis

484 2427 704 2494 errem,
738 2425 881 2481 unde
910 2425 1189 2497 subjungit
1216 2425 1512 2498 Apostolus
1544 2440 1559 2480 z
1603 2423 1871 2506 Homines·
1895 2425 2141 2498 corrupti
2175 2435 2367 2494 mente,
2397 2445 2488 2484 re-

480 2515 637 2590 probi
658 2517 805 2586 circa
829 2514 1006 2586 fidem.
1033 2516 1150 2571 Nec
1174 2521 1258 2570 est
1283 2512 1719 2584 intelligendum,
1749 2517 1812 2568 ut
1834 2513 1941 2586 ipsi
1963 2513 2173 2581 volunt,
2201 2516 2349 2588 quod
2388 2516 2489 2574 hoc

483 2606 631 2678 quod
672 2605 874 2660 dicitur
902 2602 1116 2676 reprobi
1160 2603 1308 2658 circa
1358 2601 1541 2671 fidem,
1591 2601 1895 2674 accipiatur
1934 2617 2032 2676 pro
2071 2601 2286 2672 futur03
2331 2607 2489 2678 quasi

482 2691 635 2748 dicat
659 2709 673 2746 :
696 2692 802 2761 Qui
823 2705 967 2745 nunc
992 2697 1280 2763 penetrant
1295 2685 1505 2755 domoS,
1533 2694 1693 2744 erunt
1713 2689 1930 2760 reprobi
1956 2691 2103 2747 circa
2128 2691 2312 2759 fidem,
2341 2694 2487 2766 quod

484 2787 635 2851 patet
665 2787 783 2835 tum
814 2793 882 2834 ex
908 2777 1012 2834 hoc
1040 2777 1183 2851 quod
1215 2777 1351 2834 dicit
1394 2777 1834 2849 praesentialiter,
1861 2777 1916 2833 hi
1959 2779 2222 2835 resistunt
2248 2783 2485 2850 veritati,

484 2873 601 2921 tum
644 2882 712 2922 ex
754 2866 858 2922 hoc
901 2865 1045 2938 quod
1096 2865 1343 2939 sequitur
1372 2865 1470 2922 sed
1501 2866 1643 2922 ultra
1673 2881 1782 2922 non
1818 2867 2125 2939 proficient.
2169 2868 2489 2940 Incipientia

482 2955 625 3011 enim
668 2969 851 3011 eorum
900 2952 1189 3026 manifesta
1242 2961 1370 3021 erit,
1425 2954 1640 3026 Glossa,
1701 2973 1727 3006 α
1785 2971 1883 3027 per
1935 2955 2126 3025 bonos,
2183 2959 2488 3030 praesertim

480 3061 579 3119 per
602 3045 864 3101 loannem
897 3043 1236 3121 Apostolum,
1264 3059 1362 3116 per
1384 3059 1548 3116 quem
1575 3044 1630 3101 in
1659 3044 2178 3102 Asia‘destruendos
2207 3046 2488 3104 haereticos

480 3133 754 3208 praedicit.
781 3153 808 3186 »
828 3131 909 3188 Ex
929 3147 1037 3204 quo
1063 3135 1230 3188 etiam
1256 3137 1409 3204 patet
1437 3130 1584 3203 quod
1613 3131 1681 3187 de
1702 3131 1973 3189 haereticis
1991 3133 2284 3206 Apostolus
2310 3135 2486 3206 loqui·-

481 3229 593 3280 tur.
624 3223 777 3278 Unde
816 3221 948 3278 dato
978 3218 1125 3293 quod
1151 3219 1389 3290 religiosi
1433 3219 1803 3276 confessiones
1827 3221 2081 3277 audirent
2121 3221 2241 3278 sine
2271 3221 2487 3278 licentia

481 3309 852 3384 praelatorum,
876 3308 1171 3365 dummodo
1196 3307 1510 3364 haereticam
1536 3307 1842 3364 doctrinam
1864 3321 1972 3364 non
1989 3309 2344 3377 seminarent,
2369 3310 2490 3366 istis
2530 3321 2536 3327 ·

480 3401 663 3458 verbis
700 3398 946 3472 Apostoli
978 3412 1088 3454 non
1118 3402 1458 3453 notarentur.
1494 3395 1564 3452 Et
1587 3397 1669 3452 sic
1689 3396 1857 3452 etiam
1882 3397 2163 3454 exclusum
2191 3405 2276 3454 est
2311 3405 2484 3456 totum

481 3505 671 3546 eorum
697 3488 1033 3560 figmentum,
1061 3501 1171 3561 quo
1206 3485 1516 3557 confingere
1557 3485 1805 3541 nituntur
1833 3486 2120 3542 occasione
2148 3487 2342 3543 horum
2365 3505 2488 3544 ver-

480 3578 697 3646 borum,
746 3592 845 3650 per
892 3576 1174 3648 religiosos
1216 3576 1310 3648 qui
1352 3573 1722 3631 confessiones
1771 3574 2019 3642 audiunt,
2077 3576 2488 3632 novissimorum

483 3675 795 3738 temporum
842 3666 1084 3739 pericula
1133 3665 1440 3721 imminere.
1492 3662 1775 3732 Quomodo
1822 3668 2004 3718 autem
2059 3664 2300 3738 religiosi
2346 3664 2492 3721 licite

480 3761 539 3810 et
578 3754 787 3812 utiliter
826 3754 1198 3815 confessiones
1240 3751 1488 3822 audiant,
1535 3765 1704 3834 supra
1741 3750 1952 3812 dictum
1979 3759 2084 3824 est,
2127 3768 2252 3819 eum
2273 3752 2344 3809 de
2390 3752 2494 3816 hoc

481 3845 763 3926 ageretur,
