2784 4392
797 278 906 325 xv,
938 293 1017 313 -·
1044 278 1124 325 nn
1165 278 1469 325 aestuum
1512 278 1845 325 ramatum
2207 256 2328 323 419

317 392 521 455 milltes
541 398 598 451 et
623 390 859 469 piebem.
888 392 1084 452 Politia
1125 408 1256 451 vero
1293 392 1623 467 Hippodomi
1651 408 1749 465 per
1776 392 1883 451 tria
1908 408 2108 465 genera
2136 391 2327 449 homi-

317 497 448 539 num
471 482 757 541 dicebatur
781 491 837 540 et
870 484 989 555 ipsa
1029 483 1312 549 constitui,
1339 500 1437 557 per
1467 482 1781 552 bellatorem
1814 481 2055 539 artifices
2078 490 2135 539 et
2169 480 2325 553 agri-

319 570 488 638 colas,
537 578 599 629 ut
637 587 804 645 supra
849 578 932 629 est
976 571 1262 631 traditum.
1301 573 1509 633 Harum
1552 578 1737 631 autem
1763 570 2025 645 quaelibet
2064 569 2325 631 sustineri

320 666 498 731 potest
525 666 582 715 et
605 662 873 719 rationem
899 660 1084 719 habet.

387 749 566 807 Prima
591 751 754 816 enim,
780 764 906 823 qum
934 750 1174 823 quinque
1191 747 1473 808 hominum
1496 764 1697 821 genera
1718 744 2149 823 comprehendit,
2185 746 2320 804 satis

317 824 532 893 videtur
557 840 906 895 conveniens·
933 838 989 895 Si
1019 840 1164 894 enim
1209 838 1358 893 vires
1386 839 1585 895 anima)
1624 837 2055 902 consideremus,
2084 851 2321 909 quarum

317 934 566 997 respectu
598 931 780 981 nostra
809 925 1110 981 attenditur
1140 924 1462 995 indigentia,
1489 924 1633 981 unde
1660 923 1927 997 accipitur
1955 921 2323 979 constituendi

316 1012 594 1070 civitatem
647 1014 946 1072 necessitas
964 1054 978 1081 ,
1031 1012 1380 1071 manifestum
1429 1021 1513 1070 est
1565 1012 1796 1069 dietam·
1826 1012 2153 1069 divisionem
2204 1024 2322 1067 esse

315 1100 692 1157 sufficientem.
717 1102 927 1158 Patitur
947 1102 1090 1157 enim
1112 1102 1272 1159 homo
1298 1101 1655 1173 indigentiam
1681 1106 1933 1173 respectu
1958 1100 2131 1173 partis
2156 1098 2326 1157 intel·-
2420 1140 2423 1142 s

317 1189 548 1255 lentim,
583 1198 641 1245 ut
671 1191 841 1262 possit
883 1191 1067 1247 vivere
1109 1190 1409 1245 secundum
1452 1190 1733 1255 virtutem,
1780 1196 2003 1262 propter
2045 1187 2192 1260 quod
2240 1193 2324 1242 est

315 1278 418 1333 sibi
446 1280 662 1350 provisa
692 1279 922 1335 directio
965 1278 1020 1334 in
1052 1279 1298 1356 agendi5‚
1333 1278 1403 1336 ad
1433 1278 1579 1355 quod
1628 1276 1913 1333 ordinatur
1952 1276 2318 1343 consiliativa‚

270 1406 275 1410 -
317 1383 438 1439 quae
467 1368 686 1439 ponitur
721 1382 752 1423 a
784 1367 1107 1440 Philosopho
1151 1368 1295 1422 inter
1341 1366 1741 1423 intellectuales
1781 1366 2033 1423 virtutes.
2068 1366 2219 1421 Unde
2265 1365 2323 1419 in

317 1457 474 1515 Eccl.·
494 1472 685 1525 xxxii,
716 1459 804 1525 24,
831 1457 1089 1516 scribitur
1123 1473 1136 1515 ε
1169 1455 1306 1523 Fili,
1345 1455 1545 1530 inquit,
1576 1455 1689 1513 sine
1716 1454 1929 1513 consilio
1959 1454 2095 1513 nihil
2130 1452 2323 1531 faciae,

315 1552 366 1602 et
386 1552 500 1613 post
516 1545 718 1615 factum
739 1561 846 1603 uon
869 1544 1160 1619 pertinebis.
1181 1544 1246 1603 Et
1267 1544 1388 1603 ideo
1412 1544 1465 1601 in
1484 1542 1759 1622 republica
1780 1542 1896 1601 sive
1926 1540 1978 1599 in
1999 1541 2186 1613 politia
2204 1556 2327 1595 con·
2438 1576 2453 1583 -

317 1634 508 1691 siliarii
532 1640 658 1689 sunt
699 1635 904 1705 optima
949 1649 1074 1705 pars
1104 1633 1241 1705 eju'3‚
1273 1637 1495 1704 propter
1530 1630 1676 1703 quod
1708 1646 1739 1684 a
1766 1628 2055 1685 Plutarcho
2097 1644 2325 1702 compa-

319 1729 506 1781 rantur
533 1720 708 1786 oculo,
741 1722 834 1792 qui
861 1722 1002 1779 inter
1035 1726 1222 1793 partes
1243 1719 1491 1791 eorporis
1526 1724 1611 1775 est
1638 1716 1890 1775 nobilior.
1913 1718 2125 1788 Indiget
2154 1718 2322 1775 etiem

318 1810 663 1869 refraenativa
689 1808 1170 1883 concupiscentits,
1193 1809 1310 1867 sive
1331 1806 1619 1876 effectivae,
1644 1822 1771 1879 quae
1798 1806 2109 1865 inordinata
2135 1814 2237 1871 eet,
2263 1812 2323 1865 ut

319 1902 432 1973 ipse
483 1897 838 1970 Philosophus
881 1897 1070 1964 tradit,
1122 1896 1264 1953 unde
1321 1894 1469 1969 ipsas
1506 1894 1861 1967 agritudines
1904 1895 1961 1951 in
2000 1895 2094 1953 Vll
2131 1894 2317 1957 Echio.

319 1987 574 2061 appellat.
605 1988 674 2043 Et
712 1986 839 2045 inde
877 1985 1167 2044 necessarii
1197 1992 1326 2041 sunt
1355 1992 1598 2043 rectores
1632 1985 1700 2042 ad
1730 1983 2112 2055 corrigendum
2144 1982 2322 2043 homi·

317 2092 448 2135 num
489 2075 790 2145 malitiam3
836 2080 891 2131 et
934 2074 1338 2149 propterquod
1382 2073 1677 2146 Apostolus
1716 2073 1871 2142 dicit,
1898 2072 2043 2147 quod
2072 2089 2180 2129 uon
2212 2073 2327 2130 siue

318 2180 477 2221 causa
495 2161 730 2235 gladium
751 2161 955 2233 portat,
975 2160 1168 2218 vindam
1188 2161 1246 2217 iu
1269 2160 1360 2215 ira
1383 2159 1433 2216 si
1457 2160 1549 2231 qm·
1566 2160 1705 2217 male
1718 2158 1965 2231 socies&
1985 2176 2095 2236 qua
2116 2158 2327 2231 rationo

321 2253 588 2309 institutae
611 2255 738 2305 sunt
769 2247 914 2319 leges
943 2264 1038 2321 per
1067 2248 1338 2320 principes
1363 2256 1419 2305 et
1444 2260 1702 2313 rectores,
1734 2254 1793 2303 ut
1821 2264 1917 2321 per
1944 2248 2327 2321 Philosophum

321 2346 490 2411 patet,
523 2345 579 2394 et
603 2336 718 2408 ipse
742 2334 1035 2409 Apostolus
1061 2335 1116 2393 in
1141 2334 1384 2407 Epistola
1410 2334 1477 2392 ad
1504 2334 1687 2393 Galat.
1711 2349 1800 2399 ut,
1831 2338 1899 2393 ⁴9
1922 2352 1936 2392 τ
1963 2336 2097 2401 Lex,
2126 2336 2325 2407 inquit,

319 2434 540 2500 propter
589 2432 1006 2495 trauaqrmores
1041 2422 1220 2497 posita
1243 2430 1348 2491 ean
1380 2430 1436 2481 et
1465 2422 1663 2502 iterum
1696 2424 1736 2494 (Ι
1760 2422 1937 2483 Thim.
1966 2439 2007 2489 ι,
2036 2424 2088 2495 9)
2126 2440 2138 2481 :
2169 2423 2325 2483 ‚Iusto

319 2533 424 2573 uon
458 2522 533 2575 est
568 2515 653 2571 lem
678 2514 876 2589 posita.
917 2514 1054 2571 Sunt
1082 2514 1247 2573 otiam
1279 2518 1334 2567 et
1372 2511 1497 2571 alim
1524 2512 1843 2582 indigentia
1870 2512 2123 2571 bumanae
2168 2511 2345 2579 vitm..
2391 2568 2395 2572 ,

321 2621 444 2679 quae
471 2603 796 2677 respondent
825 2602 947 2662 aliis
991 2602 1248 2675 potentiis
1275 2600 1493 2666 animm,
1529 2608 1587 2657 ut
1616 2609 1701 2658 est
1730 2607 2126 2671 tegumentum,
2154 2617 2321 2661 ornu-

321 2700 560 2753 mentum
583 2700 634 2749 et
661 2692 1068 2749 nutrimentum.
1094 2691 1212 2747 Duo
1229 2690 1453 2763 quidem
1478 2689 1653 2762 prima
1681 2688 2039 2770 indigentiam
2066 2689 2321 2763 supplent

323 2782 492 2853 partis
515 2782 790 2838 sensitivas
817 2781 1068 2846 hominis,
1098 2779 1244 2853 quod
1275 2779 1549 2839 artificum
1569 2785 1653 2841 est
1678 2777 1915 2849 officium
1946 2768 2062 2836 sive
2092 2778 2145 2836 in
2176 2778 2319 2837 aedi-

324 2870 477 2935 ficiis,
511 2870 624 2923 sive
664 2870 716 2923 in
745 2870 1106 2933 vestimentis,
1149 2868 1264 2925 sive
1293 2868 1699 2937 calceamentis,
1731 2868 1849 2925 sive
1880 2867 2319 2941 quibuscumque

323 2957 442 3014 aliis
485 2955 860 3013 artificialibus
894 2956 1074 3021 rebus,
1104 2972 1228 3027 quae
1266 2962 1557 3029 'aspectum
1590 2955 1674 3013 vel
1704 2956 1951 3015 auditum
1986 2955 2070 3013 vel
2112 2958 2322 3015 odora-

325 3053 438 3103 tum
471 3044 585 3102 sive
613 3052 819 3100 tactum
857 3042 1152 3106 delectant,
1185 3043 1268 3097 vel
1299 3044 1503 3098 eisdem
1531 3044 1813 3103 conferunt
1848 3044 2311 3117 supplementum.

321 3134 424 3192 Sed
451 3135 517 3191 ad
547 3132 898 3203 indigentiam
925 3130 1284 3203 supplendam
1307 3130 1559 3186 humanas
1589 3130 1717 3187 vilae
1748 3138 2013 3203 quantum
2040 3132 2108 3187 ad
2140 3134 2322 3188 nutri..

325 3230 584 3287 mentum,
614 3220 756 3293 qnod
807 3219 1096 3292 respondet
1139 3219 1279 3291 parti
1323 3218 1665 3288 vegetativae,
1698 3218 2023 3274 ordinantur
2066 3220 2322 3291 agricolae

322 3312 437 3369 sive
467 3310 518 3364 in
549 3325 704 3381 pane,
732 3308 846 3365 sive
871 3310 924 3365 in
952 3308 1098 3373 vinc,
1130 3308 1246 3363 sive
1273 3308 1324 3363 in
1355 3305 1640 3382 fructibus,
1668 3306 1786 3363 sive
1813 3306 1867 3361 in
1894 3306 2170 3378 gregibus,
2204 3310 2322 3365 sive

323 3400 378 3458 iu
419 3398 696 3465 armentis,
729 3398 845 3453 sive
887 3398 940 3453 in
971 3396 1260 3464 volatibu5‚
1291 3411 1417 3469 quae
1462 3396 1642 3452 omnia
1686 3395 1897 3467 dejure
1928 3410 1993 3451 ao
2033 3392 2319 3453 civitatem

324 3503 418 3560 per
446 3486 712 3563 agricolas
739 3486 1058 3547 deferuntur
1081 3490 1136 3541 et
1167 3490 1627 3557 transportantur.
1657 3482 1955 3540 Bellatores
1976 3490 2161 3540 autem
2186 3500 2323 3541 con-

322 3592 456 3649 grua
471 3582 596 3633 sunt
616 3592 745 3649 pars
770 3576 994 3649 politia,
1011 3575 1261 3632 ordinata
1283 3574 1505 3647 quidem
1530 3580 1718 3630 contra
1744 3573 2066 3647 impulsores
2092 3574 2323 3631 aliarum

321 3667 578 3739 partium,
606 3674 662 3723 et
687 3666 754 3721 ad
781 3666 1022 3737 ipsarum
1053 3664 1347 3722 munimen.
1379 3662 1463 3721 Ad
1488 3663 1591 3719 hoc
1619 3664 1763 3719 enim
1788 3662 2141 3723 constituitur
2162 3664 2320 3723 miles

323 3756 377 3817 in
409 3756 652 3826 civitate,
682 3762 741 3820 ut
769 3769 828 3811 se
858 3769 954 3827 pro
993 3768 1093 3809 sua
1123 3754 1301 3828 patria
1337 3758 1531 3811 contra
1560 3753 1745 3811 hostes
1780 3758 2036 3825 opponat,
2072 3752 2213 3811 unde
2251 3755 2319 3814 ad

323 3844 428 3911 hoc
447 3846 758 3929 juramento
781 3842 1158 3919 astringuntur
1184 3858 1310 3919 cum
1335 3842 1406 3915 ad
1434 3842 1667 3931 padum
1690 3840 1981 3921 militarent
1996 3842 2317 3920 ascendunt,
