2784 4392
803 375 808 380 ι
842 309 952 356 xv.
983 325 1062 341 -·
1089 308 1168 354 nn
1207 308 1515 358 nemmem
1557 309 1897 359 Pammenia:
2246 293 2367 358 265

365 423 768 484 institutionem
806 425 950 498 regis
993 425 1399 496 commendans„
1432 427 1509 483 ait
1550 427 1576 484 1
1620 427 1755 500 Reg.
1784 429 2009 497 x111,⁴4
2053 445 2067 484 ε
2112 427 2368 496 Quaesivit

364 516 467 572 sibi
489 517 750 574 Dominus
775 515 954 572 vimm
976 515 1260 573 seeundum
1277 532 1370 572 cor
1394 532 1567 573 suum.
1587 517 1795 574 Deinde
1822 518 1903 574 sic
1926 517 2261 590 disponenda
2282 527 2366 575 est

365 606 517 676 regni
555 603 899 677 gubernatio,
944 612 1006 661 ut
1043 605 1156 676 regi
1199 607 1316 677 jam
1359 605 1612 662 instituto
1655 605 1962 680 tyrannidis
2007 606 2363 664 subtrahatur

364 693 601 750 occasio.
631 692 803 750 Simul
837 694 1003 749 etiam
1033 693 1113 748 sic
1159 695 1277 765 ejus
1313 700 1663 766 temperetur.
1690 702 1954 767 potestaS,
1989 703 2049 750 ut
2078 695 2133 749 in
2170 701 2364 767 tyran-

364 781 546 837 nidem
589 781 656 837 de
703 781 850 837 facili
893 768 1166 837 declinare
1203 796 1314 839 non
1350 783 1543 854 possit.
1585 783 1721 852 Quae
1758 782 1979 856 quidem
2018 791 2078 839 ιιι
2125 783 2278 851 fiant,
2305 784 2360 838 in

363 869 720 942 sequentibus
747 869 1203 947 considerandum
1239 869 1364 926 erit.
1395 871 1627 926 Demum
1668 886 1799 930 vero
1836 871 2139 928 curandum
2180 877 2283 940 est,
2316 872 2361 926 si

361 973 458 1015 rex
481 959 536 1013 in
562 957 907 1031 tyrannidem
937 957 1252 1025 diverteret,
1281 958 1518 1030 qualiter
1539 967 1725 1032 posset
1756 960 1991 1016 occurri.

431 1047 502 1102 Et
525 1045 746 1119 quidem
787 1046 832 1102 si
871 1061 978 1102 non
1015 1044 1178 1103 fuerit
1205 1061 1461 1106 excessus
1492 1049 1814 1120 tyrannidiS,
1844 1048 2032 1105 utilius
2056 1054 2139 1106 est
2164 1049 2363 1106 remis·

360 1150 480 1190 sam
530 1133 876 1206 tyrannidem
915 1132 1156 1189 tolerare
1206 1133 1276 1190 ad
1321 1140 1556 1207 tempuS,
1593 1151 1757 1207 quam
1806 1144 2099 1210 tyrannum
2150 1138 2360 1210 agendo

361 1219 548 1292 multis
602 1220 871 1294 implicari
920 1221 1194 1295 periculis,
1240 1238 1364 1295 quae
1412 1230 1538 1279 sunt
1588 1225 1839 1294 graviora
1888 1225 2004 1298 ipsa
2048 1227 2357 1298 tyrannide.

282 1304 546 1368 ’‘Fotest
587 1310 732 1370 enim
761 1311 1077 1383 contingere
1103 1319 1165 1367 ut
1194 1312 1286 1384 qui
1321 1318 1513 1368 contra
1543 1319 1835 1386 tyrannum
1864 1321 2033 1386 agunt
2053 1314 2358 1387 praevalere

361 1415 468 1456 non
509 1399 737 1472 possint,
769 1404 827 1455 et
863 1399 944 1455 sic
973 1409 1312 1472 provocatus
1355 1405 1622 1474 tyrannus
1666 1403 1839 1472 magis
1883 1403 2166 1459 desaeviat.
2199 1403 2354 1472 Quod

359 1487 728 1561 si-praevalere
757 1487 880 1560 quis
908 1489 1081 1560 possit
1121 1488 1383 1545 adversus
1413 1498 1723 1562 tyrannum,
1754 1507 1821 1550 ex
1846 1490 1950 1546 hoc
1994 1491 2112 1562 ipso
2157 1507 2357 1564 prove·

360 1578 516 1632 niunt
546 1575 860 1632 multotiens
887 1577 1226 1648 gravissimae
1265 1577 1631 1634 dissensiones
1660 1577 1715 1634 in
1744 1578 1961 1651 populo,
1994 1579 2111 1637 sive
2140 1579 2271 1634 dum
2298 1579 2356 1636 in

359 1673 654 1739 tyrannum
679 1664 996 1736 insurgitur,
1027 1665 1143 1720 sive
1164 1671 1289 1738 post
1315 1665 1678 1737 dejectionem
1709 1667 1927 1738 tyranni
1963 1682 2092 1738 erga
2131 1669 2357 1724 ordina-

361 1754 566 1810 tionem
595 1753 872 1824 regiminis
901 1753 1192 1809 multitudo
1234 1763 1521 1826 separatur
1551 1754 1606 1810 in
1635 1764 1837 1827 partes-
1869 1755 2145 1828 Contingit
2188 1757 2353 1812 etiam

283 1913 290 1920 ἱ
359 1849 420 1898 ιιι
450 1841 722 1897 interdum
765 1843 892 1897 dum
924 1841 1154 1913 alicujus
1193 1843 1394 1898 auxilio
1438 1843 1731 1900 multitudo
1773 1843 1993 1917 expellit
2036 1848 2357 1919 tyrannum,

358 1929 447 1986 ille
471 1936 742 2003 potestate
767 1936 992 2002 accepta
1021 1931 1366 2004 tyrannidem
1398 1933 1643 2004 arripiat,
1670 1939 1726 1989 et
1770 1933 1968 1990 timens
1996 1935 2107 2005 pati
2148 1933 2217 1989 ab
2246 1935 2351 1990 alio

357 2019 500 2092 quod
525 2019 642 2092 ipse
669 2018 727 2074 in
749 2018 916 2075 alium
938 2018 1086 2085 fecit,
1115 2020 1352 2090 graviori
1378 2021 1643 2078 servitute
1666 2021 1915 2080 subditos
1940 2023 2245 2106 opprimat]
2264 2025 2353 2080 Sic

357 2109 501 2164 enim
525 2109 580 2163 in
609 2107 900 2182 tyrannide
924 2107 1061 2162 solet
1089 2109 1425 2180 contingere,
1442 2116 1502 2164 ut
1535 2111 1801 2181 posterior
1825 2113 2043 2184 gravior
2068 2113 2164 2169 fiat
2188 2129 2353 2186 quam

356 2197 694 2270 praecedenS,
723 2195 853 2250 dum
897 2196 1261 2266 praecedentia
1303 2199 1620 2266 gravamina
1658 2216 1764 2255 non
1803 2196 2026 2269 deserit,
2050 2211 2105 2259 et
2135 2203 2252 2276 ipsa
2288 2221 2351 2260 ex

357 2285 437 2340 sui
469 2283 650 2340 cordis
686 2280 898 2338 malitia
937 2297 1080 2338 nova
1105 2285 1408 2354 excogitat3
1437 2285 1580 2342 unde
1609 2288 1891 2360 Syracusis
1916 2291 2191 2361 quondam
2214 2293 2352 2348 Dio-

357 2373 499 2447 nysii
521 2379 755 2428 mortem
780 2370 1029 2426 omnibus
1053 2370 1507 2440 desiderantibus,
1541 2389 1676 2430 anus
1699 2378 1954 2448 quaedam
1980 2387 2037 2435 ut
2066 2379 2352 2438 incolumis

357 2473 412 2518 et
435 2461 538 2518 sibi
567 2468 846 2534 superstes
872 2468 1034 2526 esset,
1063 2459 1318 2515 continue
1343 2460 1565 2530 orabat;
1596 2464 1740 2535 quod
1766 2471 1839 2518 ut
1864 2471 2127 2538 tyrannus
2147 2467 2353 2540 cognoss

358 2553 454 2619 vit,
480 2567 578 2608 our
605 2549 707 2606 hoc
732 2549 936 2606 faceret
967 2549 1342 2620 interrogavit.
1366 2550 1505 2606 Tum
1528 2549 1621 2608 illa
1654 2569 1667 2606 :
1692 2572 1717 2604 α
1752 2553 1952 2620 Puella,
1981 2556 2177 2628 inquit,
2204 2559 2353 2613 exis-

359 2646 477 2698 tens
505 2653 630 2696 cum
657 2653 881 2711 gravem
911 2646 1206 2711 tyrannum
1236 2637 1579 2708 haberemuS,
1610 2649 1837 2698 mortem
1885 2647 2001 2714 ejus
2042 2645 2348 2717 cupiebam,

358 2745 465 2802 quo
512 2729 802 2784 interiecto
836 2725 1178 2800 aliquantum
1215 2728 1401 2786 durior
1437 2731 1719 2798 successit,
1762 2733 1881 2803 ejus
1918 2748 2136 2806 quoque
2173 2737 2354 2793 domi-

358 2817 635 2874 nationem
678 2815 820 2871 finiri
861 2833 1117 2888 magnum
1154 2815 1555 2884 existimabam,
1576 2820 1797 2876 tertium
1829 2829 1880 2876 te
1905 2823 2351 2895 importuniorem

357 2907 557 2962 habere
584 2903 850 2976 coepimus
872 2913 1162 2961 rectorem.
1187 2907 1378 2980 Itaque
1406 2907 1453 2964 si
1482 2916 1539 2964 tu
1564 2908 1731 2966 fueris
1757 2909 2095 2985 absumptuS,
2117 2915 2354 2974 deterior

358 2997 414 3052 in
440 2994 618 3050 locum
643 3001 797 3049 tuum
819 2992 1097 3049 suecedet.
1129 3012 1157 3046 ιο

431 3085 498 3139 Et
526 3084 573 3139 si
601 3082 675 3138 sit
702 3080 1061 3161 intolerabilis
1084 3096 1338 3140 excessus
1362 3085 1685 3157 tyrannidis,
1711 3085 2227 3158 quibusdamvisum
2252 3092 2356 3148 suit

287 3167 290 3169 ’
363 3179 425 3229 ut
453 3172 524 3229 ad
546 3170 770 3229 tortium
805 3169 1049 3225 virorum
1078 3170 1336 3226 virtutem
1369 3173 1641 3242 pertineat
1686 3179 1977 3245 tyrannum
2020 3178 2352 3248 interimere,

361 3277 526 3334 seque
580 3275 678 3334 pro
729 3259 1050 3315 liberatione
1095 3257 1463 3314 multitudinis
1506 3274 1774 3337 exponere
1825 3262 2081 3334 periculis
2134 3269 2356 3335 mortis3

361 3353 519 3423 cujus
561 3349 640 3404 rei
685 3346 994 3418 exemplum
1045 3347 1212 3402 etiam
1250 3347 1304 3402 in
1345 3347 1515 3402 veteri
1552 3354 1879 3406 testamento
1921 3349 2172 3408 habetur.
2220 3356 2362 3411 Nam

363 3429 528 3496 Aioth
563 3435 790 3510 quidam
825 3436 995 3506 Eglon
1033 3451 1216 3507 regem
1261 3435 1437 3503 Moab,
1461 3437 1556 3509 qui
1598 3439 1753 3509 gravi
1794 3438 2061 3496 servitute
2102 3443 2362 3514 populum

365 3530 461 3586 Dei
488 3524 789 3602 premebat,
819 3525 934 3581 sica
965 3525 1130 3581 infixa
1159 3525 1215 3579 in
1247 3525 1364 3595 ejus
1412 3525 1615 3582 femore
1656 3526 2034 3595 interemit,·et
2072 3529 2251 3586 factus
2280 3541 2365 3592 est

361 3617 546 3694 populi
585 3615 779 3688 judex.
805 3613 914 3670 Sed
955 3612 1057 3668 boc
1098 3612 1415 3686 apostolicae
1442 3613 1707 3670 doctrinae
1748 3630 1856 3670 non
1899 3619 2170 3686 congruit.
2194 3621 2367 3686 Docet

363 3709 508 3764 enim
529 3715 684 3773 Μ
716 3704 909 3760 Petrus
942 3717 1048 3758 non
1089 3700 1248 3759 bonis
1290 3709 1503 3760 tanturn
1540 3708 1595 3758 et
1635 3702 1918 3771 modestiS,
1966 3721 2154 3763 verum
2200 3710 2367 3767 etiam

367 3796 612 3874 dyscolis
645 3793 882 3852 dominis
915 3798 1232 3852 reverenter
1272 3791 1520 3852 subditos
1560 3807 1699 3861 esse,
1731 3794 1781 3849 11
1825 3795 1973 3851 Petr.
2000 3810 2065 3854 11.
2113 3797 2246 3856 Haec
2286 3807 2371 3856 est

371 3887 520 3945 enim
547 3883 808 3960 gratiani
833 3889 1059 3959 propter
1085 3882 1476 3944 conscientiam
1500 3883 1608 3942 Dei.
1639 3882 1909 3958 sustineat
1952 3885 2079 3958 quis
2099 3887 2374 3956 tristitias
