2784 4392
470 167 590 239 224
945 189 1001 240 s.
1042 183 1277 237 raom
1316 183 1652 243 Aornum
1688 183 2006 239 orassem

540 305 700 367 Item.
744 305 828 368 Ad
869 303 1054 367 Galat.
1100 323 1140 379 1,
1172 309 1241 364 lo
1282 324 1297 364 ε
1341 307 1401 365 Si
1428 305 1598 382 adhue
1627 303 1922 367 hominibus
1961 307 2243 383 placerem,
2273 303 2494 370 Chr-ista

470 412 653 457 servus
676 414 781 457 non
816 412 991 458 errem.
1018 395 1161 472 Ergo
1188 397 1428 472 religiosi
1471 397 1652 472 quise
1675 411 1864 457 servos
1901 397 2102 457 Christi
2134 397 2488 474 profitentur,

471 498 577 544 non
606 484 807 544 debent
834 499 1079 560 quaerere
1110 491 1171 542 ut
1200 481 1510 542 hominibus
1537 481 1816 560 placeant.

540 573 698 634 rtem.
728 573 757 632 1
779 573 903 633 Cor.
936 587 1015 644 tv,
1042 587 1208 648 super·
1233 571 1367 631 illud
1401 589 1416 631 ε
1450 569 1622 648 Usque
1650 571 1710 632 in
1737 572 1874 632 hane
1912 570 2100 634 lim-am
2127 572 2398 636 esurimus
2427 585 2484 638 et

467 662 699 732 sitimus,
731 673 839 722 etc.
866 661 1061 722 Glossa
1088 679 1101 719 ε
1132 682 1159 718 «
1187 661 1381 720 Libere
1409 673 1466 722 et
1491 665 1610 721 sine
1635 660 1821 738 aliqua
1846 663 2160 723 adulatione
2187 667 2487 726 veritatem

377 787 383 794 -
469 753 857 828 praedicantes,-
898 758 954 809 et
995 757 1149 825 gesta
1194 765 1379 826 pravae
1409 753 1542 810 vitae
1583 750 1852 810 malorum
1899 761 2211 827 arguentes,
2244 759 2488 829 gratiam

470 859 577 900 non
600 841 803 900 habent
828 839 972 916 apud
1002 839 1268 899 homines.
1304 861 1331 895 »
1372 839 1430 900 Si
1472 857 1601 914 ergo
1628 839 1868 914 religiosi
1900 841 2100 902 debent
2130 845 2248 902 sine
2281 847 2486 904 adula-

470 933 619 988 tione
643 931 809 988 libere
828 929 1121 988 veritatem
1143 931 1464 1005 praedicare,
1493 945 1603 988 non
1627 927 1830 988 debent
1854 947 2102 1006 quarere
2127 935 2273 1008 quod
2297 935 2486 994 homi-

468 1017 630 1078 nibus
658 1017 930 1092 placeant.

538 1107 695 1166 Item.
726 1106 1022 1182 Gregorius
1043 1109 1098 1165 in
1120 1103 1337 1166 Pastor.
1366 1122 1381 1166 t
1417 1128 1445 1163 α
1475 1104 1815 1168 Adulterinae
1843 1107 2192 1183 cogitationis
2219 1129 2347 1170 reus
2371 1123 2480 1185 est,

468 1195 514 1256 si
557 1197 773 1270 placere
817 1209 955 1271 puer
1000 1211 1214 1270 sponsae
1242 1193 1415 1254 oculis
1455 1197 1685 1271 appetit,
1719 1213 1815 1272 per
1845 1214 2008 1274 quem
2051 1215 2284 1274 sponsus
2332 1203 2484 1262 dona

471 1287 791 1344 transmisit.
826 1303 853 1340 n
884 1285 1150 1359 Sponsam
1180 1293 1366 1343 autem
1394 1281 1471 1342 ibi
1496 1283 1796 1344 Ecclesiam
1823 1296 2000 1356 vocat,
2033 1304 2262 1362 puerum
2291 1299 2481 1350 autem

469 1370 568 1432 Dei
590 1375 922 1433 ministrum.
948 1370 1090 1448 Ergo
1118 1375 1165 1431 si
1197 1371 1455 1447 religiosi,
1490 1377 1582 1448 qui
1611 1391 1670 1432 se
1698 1372 1797 1432 Dei
1827 1376 2107 1435 ministros
2131 1377 2476 1452 profitentur,

469 1460 776 1522 bominibus
802 1463 1017 1538 placere
1041 1471 1311 1539 quierant,
1344 1460 1671 1522 adulterinae
1694 1465 2044 1538 cogitationis
2073 1466 2152 1523 rei
2182 1473 2330 1526 sunt.

536 1551 694 1612 stem.
726 1552 1067 1612 Desiderinm
1110 1549 1422 1622 hominibus
1461 1553 1712 1628 placendi
1741 1554 1987 1629 procedit
2034 1573 2100 1612 ex
2129 1573 2314 1616 amore
2356 1561 2478 1632 sui3

466 1641 563 1702 sed
605 1645 751 1702 sicut
788 1642 922 1702 dicit
960 1633 1259 1716 Gregorius
1294 1643 1349 1699 in
1388 1637 1608 1700 Pastor.
1633 1658 1654 1701 .·
1685 1662 1712 1696 α
1750 1643 1976 1701 Auctori
2015 1644 2194 1702 reddit
2235 1643 2478 1722 aliquem

466 1739 787 1790 extraneum
813 1747 966 1791 amor
985 1747 1137 1789 suus.
1170 1751 1196 1784 r>
1222 1727 1364 1804 Ergo
1388 1746 1486 1805 per
1512 1732 1614 1788 hoc
1637 1731 1787 1806 quod
1809 1731 2009 1807 aliquis
2031 1733 2233 1790 homini
2258 1737 2478 1809 placere

464 1823 685 1895 quaerit,
714 1823 828 1878 Deo
857 1829 1147 1877 extraneus
1176 1819 1448 1874 redditur.

532 1901 692 1966 Item.
730 1905 867 1965 lllud
910 1905 1057 1980 quod
1099 1905 1155 1962 in
1185 1903 1383 1963 vitium
1411 1911 1591 1976 sonat,
1621 1903 1892 1981 praecipue
1921 1923 1954 1968 a
1982 1905 2251 1985 religiosis
2287 1915 2471 1972 caveri

462 1995 657 2068 debet3
701 1993 799 2054 sed
828 2010 949 2052 esse
976 1993 1252 2069 placidum
1286 2001 1446 2051 sonat
1489 1993 1544 2050 in
1571 1993 1784 2065 vitium,
1819 2005 1880 2055 ut
1909 2005 2062 2071 patet
2091 2017 2186 2073 per
2224 1999 2472 2060 Philoso-

464 2082 630 2160 phum
654 2085 709 2142 in
738 2101 799 2143 ιν
826 2082 1009 2142 Echio.
1034 2079 1177 2156 Ergo
1200 2079 1442 2156 religiosi
1463 2097 1712 2158 quaerere
1736 2099 1841 2144 non
1862 2083 2063 2144 debent
2079 2095 2138 2145 ut
2162 2088 2472 2151 hominibus
2746 1968 2752 2172 1

464 2175 734 2249 placeant.
768 2168 849 2231 Ex
883 2171 1189 2247 hujusmodi
1226 2171 1397 2247 igitur
1437 2173 1670 2247 probare
1696 2174 1906 2243 volunt,
1936 2177 2082 2250 quod
2120 2177 2267 2236 nullo
2307 2183 2470 2240 modo

460 2263 663 2338 aliquis
700 2263 897 2321 debeat
938 2277 1184 2338 quaerere
1224 2260 1537 2320 hominibus
1574 2261 1812 2338 placere.
1856 2261 1963 2321 Sed
1992 2264 2095 2324 hoc
2123 2283 2243 2325 esse
2271 2267 2471 2330 falsum

464 2353 839 2428 multipliciter
868 2351 1207 2421 ostenditur3
1236 2348 1440 2408 dicitur
1464 2352 1609 2408 enim
1639 2352 1709 2409 ad
1737 2349 1896 2411 Rom.
1927 2369 2026 2423 xv,
2055 2359 2088 2414 2
2121 2373 2135 2412 ε
2169 2352 2471 2433 Unusquis-

462 2457 563 2518 que
578 2439 827 2517 proximo
844 2439 1057 2516 placeat
1078 2439 1139 2497 in
1167 2439 1379 2507 bonnm,
1403 2439 1475 2496 ad
1497 2437 1921 2512 (edificationem.

533 2531 691 2590 Item.
718 2531 744 2589 1
770 2531 837 2590 ad
869 2529 994 2589 Cor.
1022 2543 1083 2600 x,
1120 2529 1195 2589 32'
1221 2548 1235 2586 ε
1267 2525 1395 2586 Sine
1418 2527 1694 2602 offenswne
1721 2535 1879 2588 estote
1905 2528 2110 2592 Iudaeis
2136 2539 2188 2592 ot
2207 2535 2470 2608 gentibus,

460 2629 512 2680 et
538 2617 785 2679 Ecclesiae
809 2617 929 2686 Dei,
958 2618 1097 2676 sicut
1120 2623 1169 2674 et
1193 2633 1283 2690 eye
1303 2633 1406 2690 per
1427 2619 1610 2675 omnia
1635 2617 1876 2677 omnibus
1892 2623 2095 2694 placeo.

533 2709 692 2767 Item.
720 2706 877 2766 Rom.
908 2719 1017 2775 κη,
1064 2703 1139 2762 47
1178 2723 1191 2761 =
1232 2703 1584 2764 Providentes
1611 2703 1767 2774 bona,
1793 2721 1902 2766 non
1929 2709 2098 2770 solum
2129 2729 2308 2772 coram
2336 2715 2468 2785 Deo,

460 2795 551 2855 sed
571 2794 735 2854 etiam
762 2809 943 2851 coram
976 2789 1215 2851 omnibus
1242 2790 1557 2856 hominibus.
1602 2792 1720 2854 Hoc
1747 2804 1931 2856 autem
1965 2815 2071 2856 non
2097 2811 2241 2860 esset
2274 2819 2469 2862 neces-

462 2887 686 2952 sarium,
722 2901 768 2942 si
785 2897 891 2940 non
921 2887 1197 2957 oporteret
1225 2896 1441 2954 curare,
1465 2883 1739 2959 quomodo
1767 2865 2079 2946 hominibus
2107 2889 2466 2964 placeremus.

460 2970 605 3050 Ergo
634 2970 865 3050 quilibet
890 2987 1084 3030 curare
1113 2967 1277 3031 debet
1300 2982 1361 3030 ut
1386 2969 1698 3031 hominibus
1721 2973 1960 3049 placeat.

530 3067 690 3124 Item.
719 3061 912 3120 Matth.
960 3077 1016 3131 v,
1047 3064 1162 3118 ⁴6:
1192 3061 1280 3120 Sic
1307 3063 1478 3119 luceat
1506 3061 1602 3120 lux
1631 3070 1810 3121 vestra
1839 3078 2017 3128 coram
2045 3065 2363 3139 hominibus,
2407 3080 2469 3131 ut

456 3155 673 3212 videant
714 3168 880 3227 opera
919 3159 1098 3210 vestra
1144 3150 1301 3218 bona,
1328 3158 1381 3208 et
1419 3151 1717 3224 plorificent
1746 3151 1968 3211 Patrem
2003 3164 2235 3214 vestrum
2273 3161 2367 3232 qui
2408 3163 2468 3219 in

459 3245 602 3302 eoelis
628 3251 739 3313 est3
780 3241 878 3298 sed
914 3241 1098 3299 nullus
1134 3244 1387 3298 movetur
1429 3239 1502 3296 ad
1527 3236 1868 3312 gloriandum
1917 3257 1985 3299 ex
2023 3243 2179 3301 bonis
2215 3248 2468 3320 operibus

456 3335 563 3390 nisi
603 3345 706 3406 per
745 3333 853 3388 hoc
876 3329 1027 3404 quod
1064 3327 1171 3388 sibi
1216 3329 1460 3400 placent.
1488 3329 1630 3402 Ergo
1657 3329 1889 3402 quilibet
1923 3329 2148 3390 studere
2175 3333 2360 3405 debet,
2408 3345 2468 3393 ut

456 3435 625 3495 opera
667 3436 769 3477 sua
808 3420 922 3476 sint
967 3418 1120 3485 talia,
1152 3431 1279 3492 quae
1320 3417 1445 3474 aliis
1467 3417 1684 3492 placere
1707 3418 1965 3477 debeant.
2003 3420 2090 3477 Ad
2117 3422 2312 3480 horum
2339 3441 2467 3498 ergo

456 3507 810 3574 evidentiam,
856 3505 1141 3564 sciendum
1174 3513 1277 3574 est,
1311 3502 1459 3579 quod
1487 3503 1662 3563 tribus
1688 3503 1867 3565 modis
1895 3507 2235 3581 prohibetur,
2267 3529 2336 3570 ne
2365 3514 2467 3570 ali-

457 3596 582 3671 quis
644 3591 957 3652 hominibus
1001 3594 1220 3669 placere
1268 3593 1546 3652 desideret
1591 3594 1678 3652 vel
1729 3600 1982 3669 quaerat:
2015 3595 2136 3655 Uno
2186 3601 2348 3656 modo
2402 3617 2468 3658 ne

452 3691 681 3760 propter
722 3699 781 3742 se
810 3686 993 3758 ipsum
1020 3683 1237 3758 placere
1268 3688 1504 3757 quaerat,
1539 3681 1700 3757 quasi
1731 3684 1786 3740 in
1815 3685 2054 3744 humano
2084 3687 2272 3746 favore
2304 3689 2466 3748 finem

452 3772 827 3842 constituens;
857 3774 953 3829 sed
978 3771 1081 3828 hoc
1113 3771 1261 3844 quod
1284 3771 1596 3829 hominibus
1622 3771 1842 3846 placere
1867 3781 2046 3846 curat,
2075 3775 2241 3834 debet
2267 3775 2471 3852 aliquis

404 4367 529 4390 ...κ-κη,
498 4340 2272 4390 ,ο---χ-ᾌΜῌ-Ἇζῌμ
2357 4349 2470 4356 ἡ
2529 4225 2746 4360 *a*
