2784 4392
485 295 618 342 xiv.
649 312 729 326 —
755 293 996 342 eon-'rna
1035 294 1250 344 mroo.
1295 295 1403 345 mu
1443 295 1619 344 cunr.
1659 297 1739 344 m·
1776 297 1985 345 Remo.
2124 275 2243 342 203

237 412 434 469 iterum
458 417 630 485 patet,
659 413 804 487 quod
829 411 1146 472 doctoribus
1170 426 1344 472 sacras
1371 415 1671 488 Scripturas
1696 414 1955 474 convenit
1976 413 2245 488 eloquen-

236 501 312 558 tia
339 508 397 558 at
433 501 706 576 sapientia
733 501 986 562 saeculari
1027 503 1131 560 uti.
1173 503 1468 562 Sciendum
1510 509 1595 560 est
1634 503 1820 576 igitur,
1854 503 1999 578 quod
2040 503 2123 560 uti
2146 515 2246 559 sa-

237 587 442 662 pientia
479 596 538 646 et
575 589 890 665 eloquentia
932 591 1184 650 saeoulari
1231 592 1287 648 in
1324 603 1485 650 sacra
1518 592 1802 664 Scriptura
1840 589 2257 665 quodammodo.

237 679 649 736 commendatur
670 684 727 736 et
745 680 1150 753 quodammodo
1172 681 1611 755 reprehenditur.
1630 679 2085 754 Reprehenditur,
2112 678 2243 752 qui-

237 767 380 836 dem,
407 767 626 842 quando
645 767 848 842 aliquis
873 769 944 826 ad
967 771 1296 842 jactantiam
1319 769 1403 826 eis
1430 771 1621 838 utitur,
1652 775 1711 826 et
1734 769 1953 844 quando
1976 768 2245 842 eloquen-

239 855 330 913 tioe
352 861 407 912 et
431 855 718 931 sapientias
743 857 995 916 saeculari
1037 857 1413 931 principaliter
1434 858 1639 915 studet.
1672 859 1825 915 Tune
1852 858 1997 914 onim
2026 861 2243 930 oportet

237 945 383 1019 quod
407 945 500 1002 ilia
529 947 615 1002 vel
641 951 843 1014 taceat,
869 946 958 1004 vel
980 953 1142 1026 neget
1170 963 1296 1022 queo
1321 947 1603 1005 saecularis
1633 946 1871 1004 s‘eitmtiu>
1903 961 2010 1003 non
2038 959 2245 1018 appro-

237 1033 350 1102 bat,
397 1033 542 1092 sieut
580 1033 842 1092 articulos
881 1035 1008 1092 fidei
1046 1037 1300 1110 quisunt
1338 1052 1504 1111 supra
1532 1037 1826 1094 humanam
1854 1037 2144 1093 rationem·
2174 1035 2243 1090 Et

238 1121 488 1180 similiter
511 1123 608 1196 qui
625 1123 954 1198 eloquentiae
978 1123 1353 1199 principaliter
1375 1125 1583 1194 studet,
1614 1125 1862 1182 homines
1880 1139 1986 1182 non
2007 1123 2243 1180 intendit

241 1213 496 1269 inducere
530 1213 584 1268 in
621 1212 1040 1272 admirationem
1068 1212 1413 1289 eorum‘quae
1439 1215 1595 1280 dicit,
1626 1215 1725 1274 sed
1752 1215 2006 1272 dicentis.
2043 1214 2113 1270 Et
2142 1213 2245 1269 hoo

239 1299 400 1357 modo
436 1299 675 1358 humana
713 1302 982 1374 sapientia
1019 1309 1076 1359 et
1110 1303 1423 1377 eloquentia
1453 1304 1893 1378 pseudoapostoli
1922 1302 2239 1370 utebantur,

239 1395 430 1446 contra
457 1401 596 1463 quos
631 1391 924 1462 Apostolus
967 1391 1210 1466 loquitur
1238 1395 1296 1449 in
1333 1392 1565 1465 epistola
1590 1394 1637 1448 11
1670 1389 1743 1449 'ad
1773 1395 1899 1449 Cor.
1938 1392 2089 1448 Unde
2118 1392 2143 1446 1
2172 1389 2241 1446 ad

239 1476 386 1546 Gor„
408 1495 427 1535 1
453 1493 615 1552 super
638 1479 771 1536 iilud
801 1495 816 1536 x
841 1479 966 1540 Non
992 1479 1055 1537 in
1071 1481 1315 1538 huntam
1331 1481 1613 1553 sapientiae
1630 1476 1824 1547 verbis,
1844 1481 1981 1536 dicit
2000 1479 2198 1538 Glossa
2224 1494 2241 1534 ε

131 1599 146 1605 -
209 1619 214 1623 .
243 1586 270 1620 α
301 1565 764 1640 Pseudoapostoli,
807 1581 874 1624 ne
897 1567 1052 1624 stulti
1089 1568 1404 1624 viderentur
1432 1567 1790 1642 prudentibus
1814 1565 2023 1634 mundi,
2057 1567 2114 1621 in
2150 1579 2246 1622 sa·-

240 1656 448 1729 pientia
490 1655 726 1714 humana
767 1656 1042 1714 Christum
1083 1657 1457 1730 praedicabant
1502 1656 1812 1730 dupliciter,
1864 1653 2075 1711 scilicet
2126 1653 2246 1710 elo·
2285 1704 2287 1706 ,
2323 1706 2328 1711 .

243 1746 481 1818 quentiae
525 1747 808 1806 studentes
854 1749 910 1803 et
953 1758 1080 1820 quae
1126 1745 1360 1802 mundus
1406 1744 1575 1802 stulta
1611 1745 1843 1818 judicat,
1890 1744 2180 1801 evitantes.
2215 1759 2243 1796 n

241 1834 666 1891 commendatur
689 1841 873 1892 autem
901 1836 1122 1910 quando
1147 1835 1216 1892 ad
1245 1849 1304 1892 se
1332 1845 1440 1892 non
1464 1833 1881 1904 ostendendum,
1914 1831 2009 1891 sed
2034 1830 2103 1887 ad
2131 1831 2245 1888 uti-

243 1924 454 1980 litatem
502 1923 858 1995 audientium,
903 1925 998 1998 qui
1026 1925 1107 1981 sie
1126 1923 1456 1998 quandoque
1498 1921 1712 1979 facilius
1738 1927 1796 1978 et
1823 1921 2101 1978 efficacius
2128 1921 2244 1976 ins·-

243 2019 518 2081 truuntur,
552 2013 636 2070 vei
665 2015 1060 2070 convincuntur
1095 2013 1417 2081 adversarii,
1450 2013 1625 2068 utitur
1661 2010 1861 2086 aliquis
1897 2010 2163 2083 sapientia
2189 2015 2245 2066 et

243 2100 556 2172 eloquentia
582 2099 854 2168 saeeulari.
897 2101 964 2156 Et
1001 2101 1216 2169 iterum,
1247 2099 1467 2174 quando
1498 2097 1697 2172 aliquis
1726 2113 1831 2154 non
1872 2095 2245 2172 principaliter

242 2190 326 2245 eis
372 2189 626 2255 intendit,
665 2189 761 2244 sed
809 2189 892 2244 eis
930 2189 1104 2246 utitur
1136 2191 1191 2245 in
1220 2189 1543 2263 obsequium
1580 2201 1754 2244 saerae
1792 2189 2111 2259 Scripturae,
2156 2185 2245 2242 cui

243 2277 621 2351 principaliter
645 2277 871 2333 inhaeret
891 2283 952 2332 ut
977 2277 1056 2334 sic
1075 2277 1256 2335 omnia
1282 2279 1389 2335 alia
1414 2279 1468 2334 in
1490 2277 1810 2351 obsequium
1834 2277 1955 2350 ejus
1979 2281 2242 2342 assumat,

245 2365 546 2422 seeundum
568 2365 623 2422 id
654 2365 798 2438 quod
841 2365 1071 2423 habetur
1093 2365 1142 2422 11
1163 2367 1369 2423 Corint.
1398 2381 1459 2436 x,
1492 2369 1525 2421 a
1566 2380 1578 2420 t
1614 2365 1680 2422 In
1703 2365 2066 2438 captivitatem
2094 2364 2247 2419 redi-

244 2463 421 2528 pentes
445 2471 649 2512 omnem
679 2455 996 2512 intellectum
1022 2454 1078 2512 in
1109 2452 1406 2528 obsequium
1436 2455 1663 2522 Christi,
1692 2455 1847 2510 etita
1872 2455 2039 2510 etiam
2066 2457 2249 2524 Apos-

247 2545 344 2601 toli
373 2545 682 2618 eloquentia
710 2543 1022 2602 utehantur.
1049 2542 1202 2603 Unde
1222 2543 1560 2617 Augustinus
1588 2545 1643 2600 in
1668 2559 1727 2600 iv
1750 2544 1831 2599 De
1856 2542 2026 2598 doctr.
2055 2539 2243 2598 christ.

247 2633 399 2700 dicit,
431 2634 574 2706 quod
595 2632 650 2690 in
676 2634 857 2692 verbis
878 2635 1118 2708 Apostoli
1145 2642 1266 2692 erat
1289 2633 1401 2690 dux
1429 2631 1697 2707 sapientia
1722 2637 2035 2706 et‘sequens
2062 2641 2246 2686 comes

245 2720 575 2794 eloquentia,
617 2727 674 2779 et
711 2725 981 2798 sapientia
1023 2721 1336 2798 praecedens
1382 2721 1749 2796 eloquentiam
1780 2726 2099 2794 sequentem
2138 2729 2242 2774 non

248 2809 566 2883 respuebat;
596 2813 691 2866 sed
721 2818 902 2868 tamen
932 2816 1261 2886 posteriores
1287 2811 1542 2869 doctores
1580 2811 1757 2883 magis
1794 2811 1971 2867 adhuc
2002 2810 2082 2865 usi
2117 2813 2248 2865 sunt

250 2899 516 2974 sapientia
555 2906 609 2954 et
647 2899 953 2972 eloquentia
997 2903 1246 2959 saeculari
1283 2909 1505 2976 propter
1539 2901 1785 2957 eamdem
1824 2899 2092 2957 rationem
2133 2911 2245 2972 qua

247 3002 354 3044 non
387 2989 537 3060 prius
567 2985 869 3060 philosophi
895 2997 949 3044 et
980 2991 1224 3047 rhetores
1248 2997 1376 3046 sunt
1402 2989 1563 3046 electi
1592 2989 1662 3046 ad
1693 2989 2121 3062 praedicandum,
2148 2986 2244 3043 sed

243 3075 412 3150 plebii
441 3083 496 3132 et
523 3075 840 3149 piscatores,
869 3076 961 3148 qui
987 3077 1340 3152 postmodum⁴
1369 3075 1716 3150 philosophos
1742 3085 1796 3132 et
1826 3083 2073 3133 oratores
2106 3088 2243 3131 con·

243 3173 546 3232 verterunt,
595 3169 653 3222 ut
691 3163 900 3220 seilicet
929 3165 1063 3222 iides
1100 3174 1285 3234 nostra
1315 3180 1421 3222 non
1448 3167 1713 3224 consistat
1750 3167 1805 3221 in
1830 3164 2097 3240 sapientia
2140 3163 2245 3218 ho-

245 3255 471 3324 minum,
499 3255 593 3310 sed
623 3255 676 3309 in
703 3253 904 3309 virtuto
929 3255 1062 3323 Dei;
1092 3259 1144 3311 et
1165 3269 1272 3310 non
1288 3255 1557 3328 ytorietur
1583 3253 1753 3312 omnis
1774 3269 1903 3322 curo
1925 3267 2105 3309 eoram
2129 3251 2241 3318 illo,

245 3351 306 3398 nt
336 3340 564 3399 habetur
587 3341 693 3398 iad
713 3341 922 3398 C2rint.
944 3359 982 3408 ι,
1007 3347 1073 3400 29
1095 3342 1152 3399 in
1175 3348 1348 3413 textu,
1369 3347 1427 3400 et
1448 3342 1645 3402 Glossa
1670 3356 1835 3418 super
1858 3342 1990 3400 illud
2021 3357 2034 3399 ε
2062 3335 2272 3400 Videte·

242 3432 562 3490 vocationem
585 3437 832 3498 vestram,
861 3431 1086 3504 fratrea,
1111 3439 1220 3490 etc.

315 3521 382 3579 Et
423 3537 520 3594 per
559 3519 660 3576 hoc
689 3525 840 3594 patet
883 3521 1162 3594 responsio
1199 3520 1269 3578 ad
1295 3518 1405 3578 duo
1446 3521 1623 3595 prima
1648 3534 1777 3596 quae
1820 3521 1876 3580 in
1904 3519 2243 3580 contrarium

243 3611 658 3684 objiciebantur.

314 3700 396 3756 Ad
435 3701 654 3756 tertium
684 3699 992 3767 dicendum,
1021 3698 1168 3773 quod
1191 3699 1492 3757 secundum
1533 3700 1899 3773 Augustinum
1937 3701 1994 3757 in
2035 3715 2113 3770 iv,
2160 3699 2241 3760 De

242 3789 412 3846 doctr.
451 3788 634 3855 christ,
682 3789 896 3845 videtur
924 3787 1234 3863 ApostoluS,
1279 3787 1371 3846 ubi
1403 3789 1481 3847 ait
1524 3806 1539 3846 t
1585 3810 1613 3844 α
1648 3789 1767 3846 Etsi
1806 3791 2089 3864 imperitus
2117 3807 2240 3848 ser-

245 3895 423 3948 mone,
454 3879 550 3937 sed
577 3893 685 3936 non
727 3879 976 3952 scientia,
1021 3899 1047 3936 n
1078 3879 1234 3955 quasi
1277 3881 1623 3940 concedendo
1663 3880 2119 3940 obtrectatoribus
2158 3883 2241 3942 sic

1506 4077 1551 4095 k
