2784 4392
1273 454 1575 601 CAPUT·
1603 526 1794 599 XIX.
2734 354 2737 509 Ι

522 662 655 727 Hic
701 662 972 727 declarat
1015 662 1088 727 de
1125 661 1353 743 politia
1408 660 1948 741 Calcedoniorum„
1974 658 2243 741 qualitor
2292 660 2541 739 famosa
2736 661 2738 757 4

597 754 817 830 suerit,
869 757 927 816 et
965 752 1034 814 in
1071 769 1187 832 quo
1226 751 1644 815 conveniebant
1670 750 2106 815 Lacedaemonii
2130 753 2190 815 et
2228 747 2542 815 Cretenses

601 858 737 904 oum
765 841 940 920 ipsis,
967 845 1024 903 et
1041 842 1119 903 in
1143 857 1262 922 quo
1290 840 1673 922 differebant.
2019 837 2031 847 ‘

518 304 636 368 410
999 320 1052 369 a.
1096 320 1329 367 'monae
1370 319 1701 374 nouimus
1737 317 2049 367 ornacum

587 973 693 1029 Sed
725 979 780 1029 et
826 973 895 1029 de
927 971 1115 1045 politia
1144 972 1554 1031 calcedoniensi
1582 986 1725 1028 nunc
1748 977 1831 1029 est
1861 971 2151 1045 agendum,
2179 986 2346 1045 quam
2370 973 2539 1031 Aris-

519 1060 714 1117 toteles
742 1061 977 1118 multum
1004 1061 1372 1129 commendat,
1405 1060 1594 1118 dicens
1621 1061 1758 1118 istas
1785 1069 1898 1118 tres
1925 1060 2145 1133 politiae
2172 1060 2537 1119 Lacedaemo·

520 1151 752 1218 niorum,
783 1150 1124 1207 Cretensium
1153 1158 1209 1207 et
1238 1150 1688 1211 Calcedoniorum
1717 1149 1864 1223 apud
1900 1150 2124 1205 Graecos
2151 1149 2327 1221 magis
2356 1149 2531 1207 fuisse

523 1238 776 1306 famosae,
793 1239 918 1312 quia
940 1241 1112 1309 magis
1127 1240 1376 1295 ordinate
1393 1238 1924 1295 fueruntseoundum
1936 1237 2218 1293 virtutem.
2232 1237 2329 1293 Est
2346 1245 2537 1294 autem

520 1326 842 1383 calcedonia
872 1327 1068 1383 civitas
1093 1328 1150 1382 in
1177 1326 1409 1383 Thracia
1451 1327 1579 1395 sita,
1613 1325 1704 1382 ubi
1734 1325 2069 1382 celebratum
2103 1325 2208 1383 fuit
2236 1326 2537 1384 concilium

519 1421 777 1491 quartum
797 1424 1177 1472 sexcentorum
1197 1416 1433 1488 trigenta
1448 1416 1841 1489 Episcoporum
1864 1416 1968 1473 sub
1986 1416 2165 1473 Leone
2184 1416 2227 1483 1,
2252 1424 2531 1487 praesento

519 1506 786 1561 Martiano
810 1505 1072 1578 principe,
1101 1504 1246 1579 quod
1273 1519 1378 1560 non
1409 1505 1512 1561 fuit
1537 1505 1655 1560 sine
1679 1520 1878 1576 magna
1905 1505 2063 1578 copia
2086 1504 2323 1575 regionis
2352 1502 2537 1561 facul-

523 1601 690 1650 tatem
733 1593 936 1651 habere
984 1594 1053 1651 ad
1110 1592 1476 1665 provisionem
1524 1599 1691 1651 tantae
1736 1592 2105 1650 multitudinis
2150 1592 2533 1667 praelatorum.

414 1717 418 1722 -
523 1684 693 1754 liujus
713 1698 843 1753 ergo
862 1681 1109 1754 politiam
1133 1681 1458 1738 Aristoteles
1488 1683 1543 1737 in
1570 1682 1618 1737 11
1635 1682 1799 1738 Polie.
1828 1681 2049 1754 prael'ert
2072 1682 2308 1750 caeteris,
2333 1695 2539 1755 quam-

523 1772 606 1827 vis
637 1772 1006 1843 praecedentes
1030 1770 1155 1827 duae
1178 1770 1355 1827 eidem
1380 1770 1677 1843 plurimum
1705 1770 1815 1827 sint
1840 1769 2182 1843 propinquae,
2209 1770 2369 1841 cujus
2403 1769 2539 1844 qui-

492 1930 498 1937 *
523 1859 647 1914 dem
691 1858 1038 1931 perfectionis
1077 1865 1131 1913 et
1179 1858 1441 1915 bonitatis
1487 1857 1809 1916 Aristoteles
1866 1858 1974 1913 tria
2018 1858 2180 1929 signa
2226 1857 2535 1929 subjungit.

507 1944 699 2005 'Unum
730 1948 860 2022 quia
889 1946 1147 2004 officiales
1176 1946 1421 2019 ejusdem
1451 1946 1708 2003 vivebant
1731 1946 1999 2013 ordinate,
2027 1954 2083 2002 et
2110 1961 2212 2003 sua
2236 1945 2539 2019 tranquille

525 2036 935 2108 exequebantur
959 2034 1138 2091 officia
1175 2050 1302 2090 eum
1326 2036 1569 2108 quadam
1605 2034 1907 2091 stabilitate
1952 2049 2187 2092 morum.
2218 2034 2539 2091 Secundum

527 2139 674 2191 vero,
702 2125 847 2197 quod
879 2125 1021 2179 inter
1043 2138 1139 2180 eos
1167 2124 1222 2181 in
1254 2124 1558 2181 ministerio
1580 2123 1897 2195 reipublieae
1924 2123 2063 2181 satis
2090 2122 2385 2181 videbatur
2412 2138 2537 2179 esse

526 2212 836 2277 concordia,
869 2228 971 2268 nec
1001 2229 1242 2289 unquam
1262 2222 1344 2268 est
1364 2212 1435 2268 ibi
1461 2214 1738 2271 concitata
1760 2210 1959 2269 seditio
1975 2212 2123 2277 talia,
2147 2212 2291 2270 unde
2306 2212 2535 2284 dignum

528 2309 675 2358 esset
699 2294 754 2359 i'n
783 2303 1091 2379 scripturis,
1123 2303 1207 2359 vel
1247 2317 1593 2376 quocumque
1622 2303 1784 2361 modo
1813 2302 1882 2358 de
1923 2302 2044 2374 ipsa
2079 2300 2262 2358 facere
2291 2303 2535 2358 mentio-

529 2406 674 2448 nem.
704 2392 950 2449 Tertium
995 2400 1180 2471 autem
1217 2400 1599 2465 argumentum
1636 2407 1752 2453 suae
1798 2389 2063 2449 bonitatis
2088 2390 2258 2447 sumit
2286 2390 2535 2447 Philoso-

527 2480 669 2553 phus
696 2496 764 2537 ex
788 2482 975 2555 quieto
1008 2482 1270 2539 dominio.
1313 2483 1607 2553 Nunquam
1648 2482 1795 2539 enim
1832 2480 1976 2536 inter
2003 2494 2098 2535 eos
2144 2480 2383 2537 surrexit
2417 2480 2535 2535 sive

531 2568 744 2635 nobilis,
772 2571 889 2627 sive
918 2572 1310 2643 cujuscumque
1333 2570 1613 2643 potentiae,
1642 2568 1737 2642 qui
1763 2566 1967 2625 ibidem
1996 2567 2342 2641 tyrannidem
2371 2584 2536 2624 exer-

527 2666 696 2715 ceret.
724 2658 1012 2731 subjungit
1037 2652 1222 2717 autem
1249 2658 1569 2715 Aristoteles
1587 2656 2039 2715 communitatem
2064 2672 2228 2730 quam
2258 2655 2535 2713 habebant

527 2746 924 2804 Lacedaemonii
944 2762 1066 2803 cum
1083 2746 1477 2813 ChalcedoniiS‚
1494 2746 1587 2803 sed
1600 2744 1945 2803 Chalcedonii
1962 2742 2331 2807 excellentiori
2348 2746 2534 2805 modo.

531 2834 710 2889 Primo
741 2833 960 2905 quidem
1001 2834 1056 2891 in
1085 2820 1352 2891 conviviis
1379 2840 1436 2889 et
1482 2833 1655 2903 festis,
1684 2848 1809 2907 quae
1839 2832 2040 2893 fiebant
2079 2834 2143 2893 in
2180 2834 2533 2895 demonstra-

533 2921 770 2977 tionibus
816 2921 1211 2981 honorabilium
1257 2937 1612 2997 personarum
1668 2938 1794 2994 quae
1842 2920 2121 2981 faciebant
2177 2924 2397 2998 utrique
2436 2940 2535 2997 per

531 3009 1008 3079 contributionem‚
1028 3010 1123 3067 sed
1143 3010 1490 3068 Chalcedonii
1512 3011 1809 3079 honestiori
1833 3010 2012 3079 modo,
2036 3010 2167 3085 quia
2185 3011 2304 3072 sine
2317 3022 2545 3087 oppres·

533 3100 682 3157 sione
729 3114 1046 3173 pauperum.
1088 3100 1397 3158 Secundum
1449 3104 1635 3157 autem
1686 3100 1741 3159 in
1788 3115 1901 3177 quo
1944 3100 2363 3169 conveniebant,
2410 3109 2539 3159 erat

533 3189 726 3245 electio
751 3188 1023 3245 seniorum
1047 3196 1102 3245 et
1118 3188 1404 3261 regis3sed
1422 3188 1477 3244 in
1504 3188 1609 3244 hoc
1622 3188 1968 3255 differebant,
1987 3189 2117 3262 quia
2131 3189 2535 3249 Lacedaemonii

533 3277 880 3335 assumebant
910 3292 1283 3351 quoscumque
1311 3277 1379 3332 de
1406 3274 1624 3349 populo,
1656 3291 1795 3349 quos
1832 3274 2112 3351 Aphorym
2148 3276 2443 3347 vocabant,
2476 3286 2535 3337 et

532 3372 686 3422 erant
703 3365 860 3439 pauci
883 3365 950 3421 ad
975 3380 1112 3438 quos
1135 3364 1445 3439 pertinebat
1473 3364 1667 3421 electio
1690 3364 1871 3437 regis3
1902 3364 1997 3423 sed
2023 3364 2373 3423 Chalcedonii
2404 3368 2535 3441 plu·-

530 3472 620 3512 res
639 3454 914 3526 eligebant
941 3460 998 3510 et
1038 3470 1105 3513 ex
1141 3453 1477 3521 melioribus,
1503 3468 1642 3530 quos
1668 3461 1726 3510 et
1750 3454 2077 3513 Aristoteles
2115 3454 2393 3530 principes
2426 3474 2537 3532 ap·

532 3543 786 3617 pellabat,
805 3549 860 3599 et
885 3549 1039 3605 erant
1054 3544 1110 3603 in
1133 3543 1495 3601 Chalcedonia
1518 3550 1740 3601 centum
1764 3549 2001 3621 quatuor
2022 3561 2037 3614 ;
2056 3559 2194 3619 quos
2221 3544 2348 3602 ideo
2376 3547 2533 3619 prin-

527 3634 675 3708 cipes
691 3632 934 3691 nominat
952 3637 1173 3709 propter
1193 3634 1454 3691 virtutem
1481 3634 1567 3690 sui
1592 3633 1891 3705 regiminiS,
1924 3632 1981 3691 in
2004 3647 2115 3707 quo
2142 3648 2303 3693 nemo
2331 3634 2535 3692 melius

530 3722 886 3795 principatur.
916 3722 1056 3779 Istos
1096 3721 1316 3781 eosdem
1345 3720 1702 3797 Philosophus
1740 3722 1997 3795 genisioS,
2026 3722 2085 3779 id
2110 3727 2197 3780 est
2232 3721 2532 3782 honoratos

528 3816 826 3883 nuncupat,
858 3826 1089 3884 quorum
1128 3809 1368 3873 officium
1395 3817 1519 3873 erat
1559 3818 1617 3868 et
1662 3812 1921 3869 assistere
1961 3811 2099 3885 regi,
2129 3819 2187 3870 et
2209 3812 2389 3887 ipsum
2421 3812 2531 3870 eli·

527 3910 676 3975 gere.
706 3896 842 3961 ltem
870 3896 923 3952 in
953 3897 1054 3959 hoc
1081 3898 1405 3965 differebant
1428 3916 1464 3965 a
1491 3900 1938 3974 Lacedaemoniis,
1962 3901 2093 3979 quia
2116 3916 2224 3961 non
2248 3901 2531 3977 eligebant
