2784 4392
432 253 554 321 300
911 269 964 322 s.
1004 269 1240 322 ruciam
1280 271 1609 326 nomm-rm
1648 273 1965 324 causeum

433 391 856 464 magnificentias
883 401 1112 464 magnos
1137 397 1388 466 sumptus
1416 393 1669 465 respicit,
1656 403 1669 424 ·
1705 409 1732 446 s
1764 393 1943 464 magni
1970 395 2162 450 'autem
2191 399 2443 468 sumptus

433 481 502 538 ad
558 479 963 554 magnanimum
1009 479 1304 554 pertinent,
1359 481 1456 554 qui
1503 485 1587 538 est
1644 492 1759 548 rex,
1802 487 1861 537 ut
1908 483 2024 554 ipse
2077 481 2449 558 Philosophus

434 571 610 643 tangit
655 568 878 627 ibidem.
921 567 1077 627 Unde
1117 570 1172 626 in
1219 564 1433 638 Esther,
1467 582 1506 637 1,
1538 570 1798 626 scribitur
1846 571 1913 626 de
1956 573 2215 640 Assume,
2245 571 2339 646 qul
2388 575 2442 629 in

434 657 657 717 Oriente
685 657 1071 716 dominabatur
1095 665 1313 716 centum
1356 666 1413 716 et
1452 657 1648 731 viginti
1695 665 1905 733 septem
1947 659 2263 734 provinciis,
2294 661 2447 736 quod

431 750 486 804 in
512 747 762 807 convivio
787 749 934 823 quod
963 747 1092 805 fecit
1120 746 1455 821 principibus
1482 749 1564 804 sui
1588 750 1760 820 regni,
1781 748 2233 808 ministrabatur
2218 766 2273 807 in
2302 749 2441 808 cibis

431 847 486 894 et
526 838 764 912 potibus,
792 843 954 912 prout
991 837 1247 911 exigebat
1291 837 1699 909 magnificentia
1738 838 1917 910 regis;
1946 835 2049 896 hoc
2090 846 2276 897 autem
2323 840 2441 898 sine

433 929 794 984 instrumento
821 929 952 985 vitae
979 927 1097 984 fleri
1127 941 1232 983 non
1260 933 1464 1001 potest,
1492 923 1638 1001 quod
1673 935 1758 984 est
1784 927 2073 998 numisma,
2094 929 2211 988 sive
2245 943 2437 986 aurum

432 1016 516 1072 vel
547 1024 860 1088 argentum3
893 1031 1063 1090 quare
1083 1015 1228 1073 idem
1251 1013 1400 1090 quod
1426 1013 1597 1088 prius.
1630 1015 1985 1073 Concluditur
2010 1031 2141 1090 ergo
2178 1024 2437 1092 exparte

431 1104 595 1176 regis,
626 1105 804 1162 eidem
834 1099 1149 1164 thesaurum
1193 1117 1316 1162 esse
1353 1105 1745 1174 necessarium,
1776 1107 1907 1180 qula
1948 1105 2265 1184 artificiales
2292 1107 2439 1164 divi-

435 1194 540 1250 tias
565 1193 830 1252 continet.
2438 1208 2447 1214 ·

501 1285 750 1341 Secunda
777 1285 868 1343 via
896 1284 1131 1343 sumitur
1160 1284 1216 1341 in
1245 1283 1654 1358 comparatione
1683 1279 1751 1341 ud
1784 1280 2059 1358 populum,
2088 1285 2206 1344 sive
2247 1285 2301 1343 in
2333 1297 2432 1359 ge-

432 1389 580 1440 nere,
607 1374 724 1430 sive
748 1373 803 1429 in
833 1373 1034 1446 specie,
1067 1371 1197 1446 quia
1223 1372 1291 1428 ad
1320 1370 1424 1428 hoc
1460 1372 1623 1428 debet
1651 1389 1746 1428 rex
1774 1373 2051 1430 abundare
2077 1376 2342 1447 pecuniiS,
2377 1382 2436 1431 ut

431 1463 602 1534 possit
625 1477 739 1520 suae
760 1461 945 1518 domui
987 1453 1276 1532 providere
1303 1453 1358 1516 in
1401 1451 1745 1526 necessariis,
1776 1470 1831 1517 et
1880 1479 2101 1518 suorum
2145 1463 2434 1520 subvenire

431 1550 849 1630 necessitatibus
866 1549 1314 1608 subditorum.Ut
1339 1551 1485 1608 enim
1512 1549 1680 1607 tradit
1710 1550 2063 1624 Philosophus
2082 1551 2201 1610 vul
2220 1552 2433 1610 Echinus

433 1631 460 1694 α’
489 1640 578 1697 Sic
597 1657 656 1698 se
684 1656 781 1698 rex
803 1638 1002 1698 habere
1031 1637 1194 1697 debet
1223 1637 1292 1696 ad
1324 1635 1606 1714 populum,
1643 1635 1787 1696 sicut
1830 1646 2013 1712 pastor
2052 1641 2120 1698 ad
2163 1655 2348 1712 onera,
2380 1645 2436 1697 et

431 1729 576 1786 sicut
619 1735 778 1802 pater
818 1729 886 1786 ad
931 1727 1100 1798 filios;
1137 1749 1178 1785 »
1192 1725 1273 1784 sic
1317 1743 1376 1784 se
1418 1725 1609 1784 habuit
1652 1727 1862 1785 Pharao
1904 1730 1971 1784 ad
2012 1736 2185 1786 totam
2232 1736 2434 1787 terram

431 1811 670 1890 AEgypti‚
699 1823 761 1873 ut
789 1817 846 1873 in
871 1815 1070 1874 Genesi
1095 1815 1376 1873 scribitur.
1407 1816 1488 1872 De
1516 1815 1733 1889 publico
1769 1817 1915 1874 enim
1948 1817 2144 1875 oerario
2188 1808 2436 1876 frumen-

433 1915 550 1964 tum
575 1905 727 1973 emit,
755 1904 901 1980 quod
925 1905 1212 1977 ingruente
1236 1905 1380 1962 fame
1422 1903 1722 1977 distribuit,
1749 1906 2047 1964 secundum
2090 1907 2444 1981 prudentiam·

430 1993 647 2068 Joseph,
675 2007 744 2049 ne
770 1992 1002 2067 populus
1021 1993 1164 2050 fame
1193 1993 1473 2050 deficeret.‘
1498 1993 1769 2052 Salustius
1797 1997 1965 2052 etiam
1994 2001 2181 2052 narrat
2212 2005 2433 2054 seuten-

435 2083 566 2141 tiam
592 2081 814 2139 Catonis
846 2081 903 2138 in
933 2081 1227 2140 Catilinar.
1255 2083 1496 2157 qualiter
1522 2083 1830 2157 respublica
1874 2084 2113 2158 profecit·
2143 2085 2431 2157 Romanis3

431 2169 561 2244 quia
585 2171 840 2228 aerarium
869 2169 1140 2244 publicem
1168 2171 1345 2243 viguit
1367 2172 1577 2240 Romae,
1609 2187 1719 2246 quo
1766 2172 2053 2230 deficiente
2091 2173 2162 2232 ad
2208 2173 2440 2232 nihilum

431 2264 516 2316 est
545 2259 785 2328 redacta,
815 2263 876 2316 ut
902 2257 1236 2333 temporibus
1264 2259 1509 2334 ejusdem
1534 2261 1758 2318 Catonis
1785 2262 1923 2336 dicit
1950 2263 2239 2321 accidisse.

501 2349 750 2423 Amplius
785 2354 968 2406 autem
1015 2348 1297 2423 quodlibet
1333 2361 1562 2422 regnum
1601 2351 1720 2408 sive
1765 2350 1981 2420 civitas,
2008 2353 2125 2408 sive
2170 2361 2429 2417 castrum.

431 2439 550 2496 sive
587 2439 972 2513 quodcumque
1011 2436 1301 2510 collegium
1341 2439 1680 2496 assimilatur
1718 2439 1954 2496 humano
2006 2443 2243 2514 corpori,
2295 2445 2436 2500 sicut

431 2531 550 2603 ipse
575 2529 932 2603 Philosophus
958 2526 1147 2598 tradit,
1179 2537 1234 2585 et
1255 2527 1360 2585 hoc
1388 2527 1535 2585 idem
1564 2515 1621 2584 in
1654 2527 1928 2587 Polis-rato
1952 2529 2213 2587 scribitur
2246 2547 2260 2587 :
2294 2531 2435 2589 unde

433 2627 782 2691 comparatur
808 2617 1010 2675 ibidem
1041 2629 1329 2674 commune
1367 2617 1627 2674 aerarium
1668 2619 1815 2690 regis
1857 2618 2159 2689 stomacho,
2192 2626 2255 2675 ut
2291 2621 2435 2679 sicut

431 2707 490 2763 in
529 2707 810 2764 stomacho
847 2703 1183 2778 recipiuntur
1211 2703 1319 2762 cibi
1348 2712 1405 2762 et
1451 2702 1829 2763 diffunduntur
1868 2707 1936 2764 ad
1970 2705 2235 2777 membra,
2257 2708 2335 2765 ita
2380 2715 2436 2766 et

431 2794 688 2852 aerarium
729 2795 874 2866 regis
903 2791 1156 2867 repletur
1203 2794 1460 2852 thesauro
1497 2795 1873 2868 pecuniarum,
1902 2803 1959 2853 et
2002 2795 2439 2855 communicatur

432 2890 600 2956 atque
623 2882 962 2952 diffunditur,
994 2897 1094 2956 pro
1117 2882 1537 2941 necessitatibus
1558 2883 1902 2941 subditorum
1932 2889 1987 2942 et
2013 2887 2189 2958 regni.

450 3003 454 3012 ·
503 2969 714 3027 Rursus
755 2977 812 3028 et
852 2971 908 3045 in
951 2971 1136 3044 specie
1169 2971 1273 3030 hoc
1319 2971 1466 3028 idem
1511 2972 1802 3045 contingit.
1833 2974 2014 3046 Turpe
2056 2983 2141 3032 est
2182 2975 2347 3048 enim,
2378 2977 2437 3032 et

433 3059 665 3118 multum
707 3059 875 3132 regali
913 3061 1236 3120 reverentiae
1268 3059 1496 3132 derogat
1532 3075 1565 3118 a
1610 3063 1725 3118 suis
1767 3061 2001 3120 subditis
2038 3067 2291 3121 mutuare
2338 3077 2437 3138 pro

431 3147 738 3222 sumptibus
789 3149 932 3222 regis
983 3149 1070 3207 vel
1119 3149 1294 3221 regni.
1326 3149 1575 3222 Amplius
1620 3157 1805 3207 autem
1842 3167 1907 3207 ex
1944 3150 2049 3208 hac
2100 3138 2437 3225 subjectione

434 3237 610 3296 mutui
653 3238 954 3296 sustinetur
1001 3247 1034 3296 a
1071 3237 1309 3296 dominis
1353 3243 1416 3296 ut
1466 3253 1561 3310 per
1602 3237 1851 3296 subditos
1895 3239 2012 3297 'sive
2062 3255 2437 3316 quoscumque

430 3325 566 3384 flant
604 3341 767 3401 super
807 3339 1032 3400 regnum
1071 3325 1386 3384 exactiones
1423 3324 1703 3396 indebitas,
1733 3328 1878 3385 unde
1912 3333 2093 3386 status
2140 3339 2439 3389 enervatur

430 3417 609 3490 regni.

451 3505 660 3563 ·.Item
686 3503 773 3563 Ad
805 3503 998 3563 idem·
983 3547 996 3560 .
1026 3505 1091 3562 In
1113 3501 1318 3564 mutuls
1349 3517 1497 3579 saepe
1542 3511 1803 3564 mutuans
1842 3506 2163 3565 scandalum
2207 3507 2431 3581 patitur,

431 3595 561 3668 quia
593 3595 712 3652 haec
739 3599 824 3652 est
865 3598 1063 3652 natura
1106 3595 1411 3651 mutuantis
1440 3599 1501 3650 ut
1540 3592 1763 3652 difficile
1799 3597 1871 3652 sit
1909 3597 1963 3653 ei
2008 3603 2259 3656 mutuum
2307 3596 2441 3656 red·-

429 3683 580 3741 dere.
611 3682 765 3741 Unde
791 3683 1062 3740 sententia
1091 3681 1265 3740 fertur
1291 3697 1414 3740 esse
1444 3682 1655 3742 Biantis
1683 3683 1844 3742 unius
1871 3683 1943 3742 de
1969 3693 2180 3759 septem
2204 3685 2438 3760 Sapien-

433 3772 578 3828 tibus
609 3788 623 3828 t
658 3792 686 3828 α
713 3772 903 3829 Amico
941 3789 973 3829 a
999 3778 1054 3829 te
1099 3781 1384 3830 mutuante
1430 3773 1738 3850 pecuniam,
1770 3777 1827 3831 et
1855 3773 2033 3849 ipsum
2062 3778 2120 3830 et
2147 3773 2439 3847 pecuniam

379 3871 384 3874 ·
429 3857 635 3932 perdis.
669 3871 698 3915 s
719 3859 1103 3919 Necessarium
1131 3865 1216 3918 est
1241 3859 1412 3934 igitur
1446 3862 1563 3934 regi
1592 3861 1913 3920 artificiales
1940 3861 2165 3920 divitias
2201 3873 2436 3934 congre-
