2784 4392
501 270 620 333 108
978 286 1028 329 s.
1075 282 1308 329 ‘rueme
1349 282 1677 333 Aoumffls
1718 284 2034 328 croscum

503 403 652 463 dict-a
695 402 858 470 mitti,
890 408 946 458 et
975 406 1156 457 tamen
1205 400 1280 455 illi
1319 399 1470 457 missi
1498 416 1527 455 a
1566 400 1801 457 Domino
1851 399 2250 471 intelliguntur,
2287 404 2379 477 qui
2414 420 2517 476 per

501 497 835 567 potestatem
864 507 897 548 a
921 490 1152 545 Domino
1179 489 1438 545 traditam
1484 488 1792 555 mittuntur,
1826 496 1881 543 et
1919 504 2106 545 omnes
2136 490 2213 547 illi
2242 492 2323 547 sic
2354 494 2509 549 missi

501 598 532 641 a
573 580 812 652 praelatis
848 579 1217 635 Ecclesiarum
1265 577 1474 633 scilicet
1503 576 1785 649 Episcopis
1833 576 1915 632 vel
1961 578 2318 651 presbyteris,
2366 580 2516 637 inter

500 669 859 740 opitulatores
912 672 1326 739 computantur,
1384 665 1515 739 quia
1572 665 1673 737 ipsi
1729 664 2025 737 majoribus
2077 682 2234 737 opem
2289 666 2509 737 ferunt,

499 758 750 830 quamvis
781 773 887 813 non
917 758 1024 811 sint
1067 754 1449 811 Archidiaconi
1486 772 1498 808 ε
1536 754 1679 826 quod
1712 754 1855 809 enim
1888 753 1939 809 in
1969 755 2164 810 Glossa
2193 756 2415 823 dicitur,
2452 766 2509 814 ut

497 848 652 902 Titus
682 845 868 915 Paule,
901 845 985 900 vel
1016 844 1399 899 Archidiaconi
1428 842 1726 914 Episcopis,
1759 858 1854 914 per
1881 844 2102 899 modum
2135 846 2371 917 exempli
2404 862 2508 917 po-

496 936 664 990 nitur.
697 934 848 990 Unde
878 950 982 989 non
1027 933 1296 1004 sequitur,
1326 931 1474 1005 quod
1523 932 1616 1002 qui
1650 946 1753 985 non
1802 938 1927 985 sunt
1958 932 2366 999 Arcliidiaconi‚
2403 948 2509 989 non

500 1024 710 1097 possint
737 1022 1032 1094 majoribus
1053 1021 1340 1093 opitulari:
1364 1028 1419 1076 et
1449 1026 1632 1075 tamen
1655 1032 1779 1075 cum
1807 1019 2007 1092 aliquis
2034 1036 2099 1075 ex
2122 1026 2509 1077 commissione

499 1112 751 1184 Episcopi
795 1110 1075 1184 praedicat,
1107 1110 1189 1165 vel
1232 1110 1602 1166 confessiones
1646 1109 1821 1175 audit,
1860 1108 2160 1183 Episcopus
2186 1112 2286 1167 hoc
2328 1112 2508 1167 facere

498 1199 840 1271 intelligitur,
875 1207 933 1253 ut
960 1205 1110 1271 patet
1136 1216 1201 1254 ex
1230 1199 1562 1256 auctoritate
1595 1199 1836 1272 Dionysii
1863 1214 2027 1269 supra
2053 1199 2297 1255 inducta.
2326 1201 2510 1263 Nihil-

499 1290 714 1344 ominus
747 1297 928 1345 tamen
954 1294 1008 1342 et
1029 1288 1072 1343 si
1100 1288 1208 1342 duo
1223 1287 1440 1342 ordines
1463 1293 1681 1343 tantum
1708 1294 1887 1343 essent
1920 1287 2158 1344 instituti
2188 1304 2221 1344 a
2247 1290 2500 1358 Domine,

499 1378 593 1451 qui
628 1385 845 1451 possent
876 1375 1176 1448 praedicare
1210 1374 1425 1449 propria
1454 1376 1801 1441 auctoritate,
1833 1382 2017 1449 posset
2050 1382 2230 1431 tamen
2256 1377 2502 1433 Ecclesia

499 1468 722 1525 tertium
748 1466 993 1523 ordinem
1018 1471 1258 1521 statuere
1289 1464 1731 1536 praedicatorum,
1764 1464 1894 1537 quia
1924 1465 2143 1537 propria
2174 1466 2506 1522 auctoritate

498 1556 858 1629 praedicarent
885 1561 939 1610 et
971 1554 1239 1626 praecipue
1273 1555 1435 1624 Papa,
1468 1554 1562 1625 qui
1602 1552 1763 1608 habet
1793 1553 2184 1624 plenitudinem
2211 1556 2505 1626 potestatis

497 1647 551 1699 in
599 1644 857 1709 Ecclesia,
908 1645 1048 1699 sicut
1090 1644 1255 1697 etiam
1303 1640 1355 1697 in
1403 1641 1682 1715 primitiva
1730 1641 1973 1698 Ecclesia
2003 1642 2224 1700 fuerunt
2260 1644 2360 1699 soli
2394 1645 2498 1701 duo

498 1734 716 1789 ordines
766 1734 929 1799 sacri,
974 1732 1183 1788 seilicet
1226 1730 1535 1803 presbyteri
1578 1738 1633 1788 et
1681 1730 1919 1797 diaconi,
1969 1738 2024 1786 et
2072 1740 2252 1788 tamen
2310 1742 2502 1805 postea

496 1821 740 1877 Ecclesia
787 1822 1024 1876 minores
1065 1820 1167 1875 sibi
1215 1821 1433 1875 ordines
1482 1819 1711 1889 intituit,
1764 1827 1823 1875 ut
1870 1819 2127 1891 Magister
2169 1821 2226 1875 in
2256 1821 2494 1879 sentent.

498 1910 652 1965 dicit.
1105 1958 1112 1964 .

566 1999 650 2054 Ad
697 1998 750 2057 id
790 1997 932 2072 quod
982 2003 1168 2069 postea
1211 1996 1468 2069 objicitur
1510 1993 1819 2063 dicendum,
1864 1997 2010 2069 quod
2038 1998 2322 2054 decretum
2372 2000 2502 2057 illud

495 2087 736 2159 loquitur
779 2088 846 2141 (le
889 2084 1231 2157 quibusdam,
1279 2084 1371 2157 qui
1418 2085 1731 2158 Coepiscopi
1762 2086 2120 2152 vocabantur,
2164 2088 2258 2159 qui
2301 2104 2409 2143 non
2449 2091 2502 2144 in

495 2174 832 2244 civitatibuS,
864 2175 960 2230 sed
994 2176 1046 2229 in
1070 2175 1224 2242 viciS,
1260 2188 1354 2231 seu
1384 2175 1529 2231 villis
1554 2174 1965 2241 ordinabantur,
1996 2176 2087 2248 qui
2120 2176 2305 2249 aliqua
2334 2187 2507 2251 ,pote-

495 2273 616 2323 rant
643 2264 930 2338 plusquam
954 2263 1045 2320 alii
1070 2263 1401 2327 sacerdotes,
1431 2263 1641 2318 scilicet
1672 2264 1907 2318 minores
1936 2264 2153 2320 ordines
2183 2265 2335 2331 dare,
2365 2276 2420 2323 et
2452 2267 2505 2321 hi

497 2353 679 2427 aliquo
717 2361 956 2425 tempore
987 2352 1041 2407 in
1073 2351 1313 2409 Ecclesia
1339 2353 1556 2407 fuerunt
1585 2352 1842 2417 instituti,
1877 2351 2139 2408 habentes
2170 2353 2505 2411 ordinariam

495 2449 821 2517 potestatem
851 2460 864 2496 ε
897 2443 990 2497 sed
1025 2448 1230 2515 postea,
1260 2450 1320 2496 ut
1359 2440 1412 2495 in
1442 2441 1631 2496 eadem
1658 2442 2007 2497 distinctione
2034 2442 2253 2507 dicitur,
2284 2452 2503 2517 propter

493 2532 838 2588 insolentiam
881 2548 1034 2589 suam
1091 2520 1197 2603 q'ua
1242 2530 1634 2601 Episcoporum
1674 2529 1849 2586 officia
1881 2529 1983 2586 sibi
2030 2516 2389 2603 usurpabant.
2436 2532 2508 2590 ab

494 2614 735 2677 Ecclesia
776 2619 1029 2692 prohibiti
1061 2628 1207 2674 sunt.
1242 2618 1310 2673 Et
1349 2618 1471 2672 ideo
1504 2625 1672 2690 patet,
1704 2618 1850 2690 quod
1891 2634 1993 2673 non
2025 2627 2103 2675 est
2138 2620 2331 2675 similis
2362 2622 2505 2677 ratio

495 2710 562 2763 de
611 2708 876 2778 religiosis
918 2708 1024 2761 illis
1053 2709 1165 2779 qui,
1199 2722 1262 2761 ex
1303 2706 1685 2762 commissione
1721 2706 2089 2778 praelatorum,
2136 2708 2506 2765 confessiones

496 2796 726 2854 audiunt
762 2802 1088 2867 potestatem
1127 2794 1609 2872 ordinariam-non
1642 2795 1922 2851 habentes.
1958 2797 2165 2851 Horum
2192 2796 2337 2851 enim
2371 2797 2505 2852 ordo

494 2889 548 2941 in
587 2901 871 2941 numerum
902 2901 1007 2940 non
1047 2884 1195 2955 ponit
1228 2892 1417 2940 contra
1456 2884 1674 2939 ordines
1702 2900 1733 2939 a
1777 2885 2003 2940 Domino
2044 2883 2342 2951 institutOS‚
2379 2902 2506 2941 cum

496 2973 586 3029 ille
621 2973 917 3029 secundum
949 2974 1073 3044 jura
1105 2972 1282 3027 facere
1312 2972 1666 3043 intelligatur,
1696 2975 1857 3044 cujus
1882 2972 2211 3029 auctoritate
2240 2974 2323 3041 fit,
2358 2974 2505 3047 quod

493 3050 661 3119 etiam
689 3069 839 3136 patet
871 3078 963 3135 per
994 3062 1378 3117 auctoritatem
1404 3060 1647 3133 Dionysii
1677 3076 1838 3132 supra
1868 3062 2169 3117 inductam.

565 3153 648 3208 Ad
684 3151 828 3207 aliud
865 3150 1173 3216 dicendum,
1208 3151 1351 3223 quod
1389 3166 1455 3204 ex
1494 3149 1584 3205 illa
1612 3153 1939 3206 auctoritate
1969 3151 2237 3225 Dionysii,
2271 3151 2504 3224 amplius

493 3241 682 3297 haberi
722 3256 827 3295 non
869 3247 1066 3312 potest,
1102 3240 1202 3295 nisi
1247 3240 1375 3313 qnia
1424 3238 1669 3293 monachi
1711 3255 1777 3293 ex
1807 3246 2077 3310 potestate
2110 3239 2388 3296 ordinaria
2420 3242 2503 3295 sui

493 3329 700 3389 ordinis
726 3344 830 3383 non
860 3328 1078 3393 habent,
1117 3327 1260 3399 quod
1292 3328 1401 3381 sint
1434 3326 1642 3397 praelati
1678 3327 1757 3381 vel
1785 3327 2014 3381 aliorum
2040 3326 2343 3383 adductivi.
2384 3328 2501 3382 Non

493 3424 675 3473 autem
705 3416 1031 3481 excluditur,
1079 3415 1208 3487 quin
1239 3414 1536 3469 monachus
1568 3415 1735 3485 possit
1766 3415 2013 3486 accipere
2047 3421 2376 3487 potestatem
2408 3431 2505 3471 or-

495 3506 784 3573 dinariam,
813 3506 896 3560 vel
927 3504 1270 3561 commissam
1299 3502 1363 3557 ad
1393 3501 1529 3558 alios
1558 3502 1957 3569 adducendum,
1992 3504 2269 3575 praecipue
2292 3520 2418 3559 cum
2447 3504 2502 3557 in

491 3593 676 3651 littera
715 3594 947 3661 dicatur,
990 3591 1136 3666 quod
1166 3592 1501 3647 monasticus
1525 3591 1657 3646 ordo
1700 3607 1803 3646 non
1843 3600 1926 3647 est
1956 3590 2077 3647 aliis
2104 3591 2383 3664 praelatu3‚
2418 3592 2503 3646 vel

495 3682 725 3739 aliorum
757 3682 1102 3750 adductivuS‚
1130 3696 1237 3738 non
1261 3688 1444 3737 autem
1474 3680 1620 3755 quod
1650 3696 1769 3737 esse
1799 3697 1904 3737 non
1927 3680 2120 3753 possit,
2152 3680 2240 3736 vel
2280 3679 2499 3735 debeat..

499 3764 506 3769 ’
562 3771 646 3826 Ad
677 3772 824 3829 aliud
853 3770 1161 3835 dicendum,
1195 3770 1340 3842 quod
1377 3768 1745 3825 ecclesiastica
1780 3767 2082 3825 hierarchia
2112 3769 2361 3824 imitatur
2384 3783 2505 3824 coe-

488 3855 702 3925 lestem,
733 3866 999 3929 quantum
1026 3863 1224 3929 potest,
1248 3854 1342 3911 sed
1371 3872 1478 3911 non
1506 3857 1560 3912 in
1586 3856 1855 3912 omnibus.
1888 3856 1946 3911 ln
1972 3855 2182 3911 coelesti
2210 3856 2357 3911 enim
2382 3854 2507 3910 hie-
