2784 4392
445 279 560 341 100
919 298 970 341 ι.
1016 295 1250 339 'monae
1291 296 1617 346 souma-ms
1661 296 1971 341 ornacum
2732 26 2751 417 ι

509 414 668 469 Item.
717 411 907 467 Nullus
950 416 1133 485 potest
1169 412 1322 477 dare,
1366 411 1512 483 quod
1558 427 1662 467 non
1706 411 1907 480 babet3
1939 411 2035 467 sed
2064 409 2319 483 Episcopi
2362 416 2499 467 est.

441 500 571 555 dare
598 499 974 556 sacerdotibus
998 512 1214 555 omnem
1243 500 1649 566 auctoritatem,
1677 514 1843 572 quam
1874 498 2188 556 sacerdotes
2215 498 2451 562 habent,

444 587 649 643 nullum
693 594 874 644 autem
923 585 1208 660 spirituale
1245 587 1538 653 amittitur,
1572 603 1698 645 cum
1738 589 1923 654 datur,
1969 588 2097 661 quia
2138 585 2461 660 spiritualia

445 692 548 732 non
579 676 798 742 dantur,
827 677 929 731 nisi
956 692 1049 747 per
1077 676 1348 732 actionem
1378 676 1563 733 dantis
1584 676 1639 731 in
1670 676 2043 749 recipientem,
2072 692 2238 747 agens
2265 682 2459 731 autem

443 781 548 821 non
573 750 778 823 amittit
804 767 1062 822 virtutem
1089 764 1284 835 agendi
1315 780 1381 820 ex
1405 764 1511 820 hoc
1539 764 1677 837 ipso,
1706 766 1853 837 quod
1884 766 2017 837 agit.
2050 758 2191 838 Ergo
2220 764 2458 837 Episco-

443 869 544 925 pus
585 854 749 909 habet
795 868 1138 909 communem
1186 859 1517 924 potestatem
1559 869 1726 926 quam
1772 853 1936 909 habet
1982 854 2240 911 sacerdos
2284 867 2456 923 paro-

445 941 655 998 chialiS.

518 1030 724 1085 Deinde
749 1030 1144 1085 ostendendum
1174 1036 1278 1097 est,
1323 1030 1469 1102 quod
1497 1029 1667 1103 aliqui
1712 1046 1778 1085 ex
1813 1030 2193 1087 commissione
2218 1030 2453 1101 Episco-

415 1125 640 1189 ‘porum
683 1127 913 1190 possunt
963 1120 1280 1189 praedicare,
1327 1129 1383 1173 et
1429 1118 1797 1174 confessiones
1840 1119 2030 1176 audire
2080 1120 2133 1173 in
2177 1117 2453 1191 parochiis

447 1207 816 1262 sacerdotum.
846 1208 987 1263 Nam
1015 1216 1167 1262 extra
1203 1207 1280 1262 De
1301 1207 1464 1279 officio
1478 1207 1651 1277 judic.
1683 1207 1863 1262 ordin.
1896 1223 2017 1280 cap.
2050 1206 2202 1262 Inter
2235 1213 2450 1270 coelera,

446 1295 648 1350 dicitur
672 1295 816 1366 quod
843 1315 869 1347 α
916 1295 1214 1366 Episcopus
1244 1294 1389 1350 viros
1428 1296 1653 1351 idoneos
1688 1296 1755 1350 ad
1798 1304 2004 1351 sanctae
2044 1295 2453 1367 praedicalionis

447 1382 682 1437 officium
710 1382 1000 1439 salubriter
1041 1383 1420 1455 exequendum
1451 1390 1712 1439 assumat.
1750 1404 1777 1435 »
1807 1384 1873 1439 Et
1912 1383 2051 1439 infra
2083 1402 2094 1437 :
2132 1405 2155 1435 α
2194 1384 2453 1454 Praecipi-

451 1487 570 1526 mus
599 1481 709 1527 tam
742 1472 794 1526 in
824 1471 1248 1537 cathedralibuS,
1278 1473 1445 1543 ‹juam
1467 1472 1520 1527 in
1549 1472 2000 1528 conventualibus
2024 1470 2282 1527 Ecclesiis
2308 1472 2453 1527 viros

448 1559 674 1615 idoneos
697 1559 957 1625 ordinari,
987 1573 1125 1631 quos
1166 1557 1419 1630 Episcopi
1462 1559 1812 1629 coadjutores
1850 1570 1905 1615 et
1936 1568 2317 1630 cooperatores
2349 1558 2449 1613 ha-

448 1646 612 1703 beant
637 1662 740 1702 non
766 1647 942 1704 solum
967 1647 1020 1701 in
1054 1647 1461 1719 praedicationis
1499 1646 1695 1711 officie,
1741 1662 1927 1701 verum
1958 1648 2123 1701 ctiam
2149 1646 2203 1701 in
2230 1646 2448 1701 confes-

448 1736 691 1791 sionibus
733 1735 1037 1801 audiendis,
1080 1742 1135 1790 et
1175 1735 1516 1806 poenitcntiis
1555 1735 1923 1806 injungendis,
1971 1743 2026 1791 et
2068 1735 2286 1791 caeteris
2328 1749 2450 1807 quae

451 1824 723 1893 pertinent
770 1824 839 1877 ad
883 1824 1115 1878 salutem
1158 1824 1484 1878 animarum.
1517 1841 1543 1873 ι)
1590 1823 1669 1878 Ex
1719 1839 1826 1895 quo
1870 1831 2036 1896 patet,
2071 1824 2216 1896 quod
2266 1823 2451 1879 clerici

451 1908 891 1965 conventualium
918 1908 1283 1965 Ecclesiarum
1314 1909 1546 1980 alicujus
1574 1911 1848 1978 dioecesis,
1876 1912 1967 1984 qui
1996 1927 2099 1967 non
2128 1919 2258 1968 sunt
2287 1927 2450 1983 paro-

450 1996 654 2051 chiales
682 1998 1013 2062 sacerdoteS,
1040 2003 1264 2068 possunt
1290 1996 1589 2069 praedicare
1619 2007 1674 2052 et
1702 1999 2067 2055 confessiones
2100 1998 2292 2055 audire
2318 2016 2450 2056 auc-

456 2086 674 2141 toritate
700 2086 974 2157 Episcopi.

524 2174 724 2228 lterum
746 2186 900 2229 extra
927 2174 1001 2229 De
1016 2172 1298 2237 haereticis,
1321 2188 1444 2245 cap.
1470 2174 2118 2248 Eaecommunicavimus,§
2144 2177 2285 2243 Quia
2306 2194 2449 2242 vere,

453 2261 655 2317 dicitur
684 2280 696 2316 :
733 2284 758 2314 α
791 2262 991 2318 Omnes
1022 2263 1114 2335 qui
1165 2262 1442 2335 prohibiti,
1482 2263 1564 2318 vel
1593 2280 1701 2319 non
1747 2264 1893 2320 missi
1926 2272 2125 2338 praeter
2151 2268 2453 2323 auctorita·
2526 2326 2535 2330 ,

457 2357 565 2407 tem
611 2350 680 2406 ab
723 2351 1033 2424 Apostolica
1078 2350 1234 2418 Sede,
1266 2351 1347 2406 vel
1393 2351 1663 2407 catholico
1708 2353 1971 2425 Episcopo
2004 2354 2105 2409 loci
2139 2364 2452 2426 susceptam

456 2437 687 2511 publice,
716 2439 798 2494 vel
825 2440 1078 2511 privatim
1102 2439 1507 2512 praedicationis
1529 2440 1766 2497 officium
1796 2457 2054 2514 usurpare
2086 2458 2453 2515 praesumpsc-
2526 2482 2531 2485 -

456 2530 583 2594 rint,
633 2530 1209 2585 excommunicationis
1253 2529 1467 2584 vinculo
1508 2530 1855 2586 innodentur.
1906 2550 1931 2583 n
1975 2531 2054 2585 Ex
2102 2547 2209 2602 quo
2267 2531 2450 2586 haberi

453 2623 652 2688 potest,
682 2618 824 2689 quod
858 2618 1020 2688 Papa,
1053 2617 1136 2671 vel
1176 2617 1476 2689 Episcopus
1516 2624 1693 2690 potest
1718 2620 1849 2674 dare
1875 2618 2039 2675 alicui
2064 2621 2453 2675 auctoritatem

455 2705 806 2775 praedicandi.

521 2793 676 2847 Item.
711 2793 936 2847 Constat
961 2792 1109 2863 quod
1155 2793 1420 2863 Apostoli,
1454 2796 1961 2867 quorumffiEpiscopi
1994 2801 2121 2851 sunt
2162 2811 2450 2852 successo-

454 2896 557 2944 τρε,
581 2895 675 2949 per
698 2878 953 2934 civitates
975 2886 1032 2934 et
1053 2878 1298 2946 castella,
1327 2882 1675 2955 presbyteros
1704 2884 2047 2951 ordinabant,
2071 2886 2164 2955 qui
2193 2886 2451 2942 continue

450 2983 574 3021 cum
601 2967 813 3039 populis
837 2966 941 3021 sibi
987 2966 1249 3037 subjectis
1279 2971 1778 3038 commorabantur,
1806 2979 1859 3027 et
1891 2978 2071 3041 tamen
2096 2971 2234 3028 alios
2261 2976 2451 3030 mitte-—

451 3056 582 3112 bant
629 3056 696 3111 ad
738 3054 1164 3128 praedicandum,
1214 3063 1268 3111 et
1317 3056 1383 3112 ad
1436 3059 1541 3113 alia
1581 3060 1900 3125 exercenda,
1944 3075 2068 3131 quae
2110 3061 2177 3115 ad
2215 3062 2450 3117 salutem

455 3146 724 3216 pertinent
753 3144 1076 3205 animarum,
1111 3145 1132 3199 1
1161 3145 1286 3200 Cor.
1315 3161 1392 3210 ιν,
1434 3148 1501 3199 ⁴7
1534 3164 1545 3200 ι
1579 3146 1708 3202 Misi
1734 3147 1805 3201 ad
1828 3164 1914 3202 vos
1968 3148 2335 3215 Timothaeum,
2360 3149 2451 3221 qui

449 3242 525 3290 est
548 3234 694 3303 filius
716 3248 861 3287 meus
887 3232 1226 3287 charissimus
1255 3240 1306 3289 et
1338 3232 1514 3304 fidelis
1550 3234 1610 3287 in
1640 3234 1883 3300 Domino,
1913 3236 2007 3306 qui
2038 3253 2125 3291 vos
2155 3254 2450 3294 commone-

449 3322 616 3392 faciat
644 3321 759 3375 vias
783 3336 922 3395 meos
946 3336 1060 3391 quoe
1091 3329 1216 3378 sunt
1245 3321 1305 3375 in
1348 3322 1562 3377 Christo
1590 3323 1735 3377 Jesu.
1763 3323 1829 3377 Et
1854 3325 1901 3378 11
1932 3324 1999 3379 ad
2028 3326 2152 3380 Cor.
2192 3342 2302 3396 xn,
2332 3328 2397 3382 ⁴8
2432 3345 2443 3381 :

451 3409 652 3480 Royavi
684 3410 880 3472 Titum,
912 3415 962 3463 et
989 3408 1110 3463 misi
1135 3425 1251 3463 cum
1281 3409 1370 3464 illo
1413 3408 1665 3479 fratrem,
1694 3410 1907 3477 Glossa,
1941 3411 1991 3465 id
2032 3420 2134 3475 est,
2172 3432 2196 3463 (ε
2236 3414 2445 3469 Barna-

451 3498 590 3562 bam‚
619 3497 702 3552 vel
733 3498 956 3553 Lucam.
996 3516 1020 3547 »
1055 3496 1120 3551 Et
1149 3497 1215 3552 ad
1261 3497 1465 3560 Titum,
1504 3512 1541 3561 1,
1577 3498 1608 3550 5
1642 3514 1654 3550 ι
1687 3497 1865 3569 Hujus
1906 3498 1988 3552 rei
2027 3500 2215 3568 qratia
2254 3501 2448 3572 reliqui

451 3590 496 3638 te
521 3586 712 3650 Cretae,
740 3592 800 3639 ut
843 3601 901 3638 ea
951 3600 1065 3655 quoe
1093 3584 1297 3648 desunt,
1339 3585 1581 3656 corriqas
1620 3602 1637 3640 .·
1673 3591 1723 3641 et
1764 3585 2049 3640 comtituas
2090 3603 2193 3658 per
2234 3590 2449 3644 civitate

443 3670 770 3739 presbyteros
814 3672 947 3725 sicut
991 3679 1040 3726 et
1085 3688 1172 3742 09⁰
1218 3671 1433 3741 deposui
1478 3672 1600 3729 tibi.
1649 3673 1791 3744 Ergo
1832 3680 1889 3727 et
1928 3674 2095 3745 aliqui
2140 3673 2231 3729 alii
2282 3693 2446 3751 quam

447 3758 748 3829 presbyteri
796 3758 1131 3829 parochiales
1160 3768 1388 3830 possunt
1428 3760 1806 3833 praedicareet
1848 3761 2217 3818 confessiones
2255 3766 2445 3823 audire

445 3858 510 3897 ex
534 3841 913 3897 commissione
935 3844 1344 3915 Episcoporum.
