2784 4392
529 310 777 362 1111.-
804 313 1043 363 comma
1083 315 1267 360 num.
1313 315 1466 360 nou.
1513 315 1596 360 AB
1634 314 1878 363 means.
1926 314 2140 362 nnuc.
2197 297 2338 401 455

326 428 458 487 inde
484 431 661 505 magis
689 403 1077 492 contemnitur.
1114 452 1139 485 n
1167 433 1309 504 Quid
1334 431 1480 489 enim
1511 432 1658 490 aliud
1687 432 1779 490 isti
1807 432 2034 501 faciunt,
2059 430 2162 489 nisi
2189 431 2341 507 quod

326 526 677 579 contemnere
724 524 973 579 nituntur
1022 538 1133 590 eoS‚
1161 523 1256 596 qui
1298 523 1618 580 christianae
1669 523 2008 596 paupertatis
2051 520 2341 580 consilium

326 612 568 681 perfecte
596 617 897 679 sectantur,
932 620 986 668 et
1016 612 1117 668 hoc
1146 612 1290 680 ideo,
1314 611 1445 687 quia
1481 627 1590 670 non
1626 611 1683 668 in
1716 611 1948 670 terrenis
1974 604 2352 686 possessioni--⁴

328 697 448 769 bue,
480 701 577 758 sed
602 700 658 758 in
686 701 802 758 Deo
831 717 985 775 spem
1009 699 1252 766 babent?
1573 714 1579 721 ·

1070 881 1353 951 CAPUT
1407 881 1588 952 XVI.

514 1013 757 1082 Salutio
785 1014 1096 1082 rationum
1124 1020 1334 1168 myra
1348 1015 1708 1096 pradictum
1728 1014 2150 1098 perfectionem

1126 1107 1193 1169 in
1236 1111 1540 1170 actarum.

400 1238 497 1295 His
524 1239 691 1311 igitur
720 1238 873 1308 visis,
893 1237 1051 1298 facile
1076 1246 1160 1296 est
1190 1240 1517 1313 respondere
1547 1237 1614 1296 ad
1646 1255 1730 1311 ea,
1764 1254 1888 1315 quae
1917 1238 1970 1295 in
2000 1237 2336 1296 contrarium

327 1334 722 1401 proponuntur.
756 1330 913 1399 Quod
948 1329 1091 1385 enirn
1122 1331 1297 1402 primo
1334 1329 1622 1386 inductum
1654 1337 1754 1397 est,
1775 1329 1921 1403 quod
1947 1329 2166 1408 expedit
2205 1344 2338 1401 pos-

327 1419 596 1474 sessiones
612 1435 927 1475 communes
955 1418 1239 1491 possideri,
1254 1419 1369 1490 jam
1399 1426 1568 1492 patet,
1589 1417 1734 1492 quod
1756 1418 1974 1491 expedit
1997 1425 2217 1493 propter
2239 1433 2336 1472 cos

329 1507 422 1578 qui
450 1523 552 1561 non
569 1513 693 1561 sunt
712 1523 941 1563 summae
958 1507 1305 1579 perfectionis
1333 1523 1583 1579 capaces,
1617 1507 1864 1580 qualisin
1887 1507 2078 1578 primis
2100 1506 2335 1577 creden-

331 1593 477 1651 tibus
503 1594 623 1661 suit,
649 1596 741 1668 qui
766 1603 945 1650 tamen
972 1595 1400 1666 imperfectiores
1419 1595 1639 1651 omnino
1663 1595 1966 1665 negligendi
1994 1611 2100 1650 non
2127 1602 2285 1649 erunt
2317 1583 2338 1647 ἐ

328 1683 473 1738 unde
511 1693 565 1738 et
601 1683 745 1754 apud
775 1683 897 1737 iilos
921 1683 1013 1754 qui
1045 1683 1196 1737 iiiam
1229 1698 1499 1738 summam
1531 1682 1920 1754 perfectionem
1953 1682 2329 1749 sectabantur,

329 1772 612 1843 possiones
641 1787 747 1825 non
773 1778 946 1837 erant,
966 1771 1290 1826 sicutetiam
1308 1773 1590 1836 Dominus,
1615 1772 1702 1828 cui
1723 1771 1898 1842 angeli
1917 1769 2328 1837 ministrabant,

324 1856 538 1912 loculos
585 1857 776 1912 habuit
822 1863 1039 1929 propter
1076 1859 1460 1914 necessitatem
1513 1857 1764 1925 aliorum,
1796 1858 1925 1931 quia
1969 1857 2179 1914 scilicet
2217 1857 2336 1928 ejus

327 1944 561 2002 ecclesia
582 1945 786 2002 loculos
809 1955 926 2000 erat
952 1945 1221 2012 habitura,
1247 1947 1389 2003 sicut
1420 1948 1760 2018 Augustinus
1783 1947 1929 2003 dicit·
1947 1963 2110 2019 super
2132 1947 2329 2008 Joan.:

334 2057 358 2088 α
380 2035 543 2092 Unde
570 2036 615 2090 si
648 2051 754 2107 qua
780 2033 850 2090 sit
876 2037 1243 2106 congregatio,
1280 2037 1331 2091 in
1363 2053 1472 2109 qua
1509 2052 1698 2092 omnes
1727 2037 1795 2092 ad
1832 2038 2093 2108 majorem
2121 2034 2338 2106 perfec-

330 2127 534 2181 tionem
564 2125 809 2189 tendant,
842 2125 1059 2196 expedit
1090 2127 1168 2181 eis
1196 2141 1512 2182 communes
1539 2126 1906 2197 possessiones
1931 2141 2036 2180 non
2063 2125 2282 2180 habere.
2310 2141 2337 2174 ι

404 2213 558 2283 Quod
584 2229 712 2268 vero
741 2215 977 2268 secundo
1008 2215 1344 2285 proponitur,
1371 2214 1516 2287 quod
1551 2214 1747 2271 beatus
1771 2215 2095 2270 Benedictus
2135 2213 2189 2268 in
2220 2212 2340 2268 vita

332 2319 432 2358 sua
478 2301 686 2374 amplas
724 2303 1093 2373 possessiones
1140 2304 1363 2376 recepit,
1401 2303 1501 2358 hoc
1547 2302 1746 2359 sufficit
1799 2303 1868 2358 ad
1915 2301 2335 2368 ostendendum,

335 2392 476 2464 quod
502 2405 815 2461 communes
839 2389 1208 2460 possessiones
1234 2405 1338 2445 non
1370 2389 1612 2448 totaliter
1640 2391 1998 2448 monasticam
2031 2390 2334 2464 perfectio·-

336 2498 455 2537 nem
485 2479 809 2547 excludunt3
838 2493 946 2533 non
983 2486 1167 2534 autem
1206 2494 1273 2533 ex
1312 2478 1416 2534 hoc
1457 2477 1642 2533 haberi
1695 2485 1891 2550 potest,
1923 2480 2066 2552 quod
2109 2479 2337 2551 majoris

333 2567 680 2642 perfectionis
710 2585 815 2624 non
845 2569 915 2623 sit
942 2566 1371 2639 possessionibus
1397 2566 1776 2623 communibus
1797 2582 2004 2633 carere,
2032 2568 2340 2638 praesertim

334 2674 457 2714 cum
489 2644 631 2713 idem
658 2657 847 2712 beatus
873 2657 1195 2711 Benedictus
1226 2657 1278 2710 in
1305 2672 1402 2716 sua
1431 2654 1640 2726 Regula
1666 2655 1832 2722 dicat,
1851 2670 1911 2710 se
1933 2654 2140 2728 aliquid
2171 2657 2342 2711 remi-

334 2743 470 2802 sisse
500 2747 567 2802 de
591 2747 767 2816 rigore
796 2746 1113 2801 monasticae
1138 2747 1265 2801 vitae
1299 2761 1329 2802 a
1373 2744 1644 2817 prioribus
1681 2744 1970 2812 institutae,
2000 2745 2340 2802 condescen-

334 2835 513 2892 dendo
551 2835 957 2890 infirmitatibus
990 2835 1071 2888 sui
1104 2832 1364 2906 temporis
1413 2833 1836 2903 monachorum3
1867 2842 1922 2890 et
1961 2835 2154 2891 eadem
2195 2836 2340 2892 ratio

334 2933 419 2980 est
448 2925 515 2978 de
544 2910 703 2979 beato
726 2922 991 2994 Gregorio
1012 2925 1101 2994 qui
1124 2923 1458 2980 monasteria
1487 2921 1810 2990 construxit,
1841 2924 2140 2981 secundum
2170 2941 2338 2998 regu-

334 3013 441 3069 lam
473 3028 505 3068 a
534 3011 694 3067 beato
725 3011 1015 3067 Benedicto
1046 3012 1371 3068 institutam.
2033 3075 2038 3080 .

406 3101 561 3171 Quod
591 3117 719 3156 vero
756 3101 916 3155 tortio
945 3101 1279 3173 propositum
1310 3108 1414 3168 est,
1447 3099 1593 3172 quod
1633 3100 1908 3174 Apostolis
1945 3101 2346 3175 persecutionis

282 3225 291 3231 -
335 3195 577 3262 tempore
604 3181 862 3261 permisit
881 3190 1161 3256 Dominus,
1180 3198 1237 3244 ut
1268 3205 1456 3260 peram
1484 3198 1539 3245 et
1567 3191 1846 3246 sacculum
1873 3190 2144 3258 tollerent,
2163 3192 2341 3262 magis

334 3288 522 3334 contra
550 3293 641 3333 eos
672 3277 822 3342 facit,
855 3277 997 3332 sicut
1026 3295 1093 3333 ex
1128 3279 1421 3349 praemissis
1452 3285 1698 3351 apparet.
1730 3280 1785 3336 Si
1812 3279 1957 3335 enim
1995 3279 2049 3334 in
2083 3295 2338 3351 persecu-

334 3368 498 3422 tionis
535 3382 699 3423 causa
748 3367 893 3437 rigor
939 3367 1136 3439 prioiis
1174 3367 1476 3438 disciptinae
1523 3368 1841 3436 remittitur,
1870 3383 2210 3441 consequens
2251 3376 2335 3422 est

334 3456 479 3527 quod
506 3455 572 3510 ad
606 3455 837 3526 rigorem
866 3453 1167 3526 disciplinae
1198 3455 1523 3526 pertinebat,
1541 3461 1602 3510 ut
1631 3472 1817 3528 peram
1845 3463 1901 3513 et
1931 3455 2210 3514 sacculum
2229 3470 2335 3537 non

334 3543 625 3598 haberent:
648 3559 746 3598 nec
767 3548 947 3598 tamen
978 3543 1174 3613 iegitur
1192 3544 1357 3614 quod,
1391 3542 1483 3598 iilo
1510 3545 1902 3615 persecutionis
1927 3552 2189 3615 tempore,
2207 3559 2344 3616 pro-

333 3640 663 3688 curaverunt
690 3632 793 3688 sibi
824 3631 1034 3704 ailquas
1064 3632 1432 3702 possessiones
1463 3633 1798 3700 communes,
1821 3637 1878 3688 et
1905 3631 1985 3690 sic
2014 3637 2166 3704 patet
2189 3632 2338 3708 quod

332 3719 611 3776 inducitur
638 3721 704 3776 ad
738 3719 1075 3792 propositum
1096 3734 1199 3773 non
1228 3719 1518 3791 pertinere.

404 3810 559 3880 Quod
584 3826 711 3865 vero
738 3817 934 3883 quarto
962 3807 1255 3874 inducitur,
1289 3808 1435 3880 quod
1461 3809 1724 3866 Dominus
1757 3791 1863 3867 non
1902 3809 2143 3868 instituit
2184 3811 2340 3868 ordi-

332 3915 459 3958 nem
486 3915 595 3957 non
633 3891 949 3958 habentium
992 3899 1377 3972 possessioneS,
1409 3898 1507 3957 sed
1549 3898 1762 3960 ordine
1747 3913 1800 3957 n
1843 3899 2212 3976 praelatorum,
2243 3899 2340 3978 qui
