2784 4392
513 314 632 416 318
985 334 1040 393 s.
1081 334 1316 385 morm
1351 335 1692 391 cccmus
1725 332 2038 385 ornnem

1251 543 1537 614 CAPUT
1589 542 1777 613 XVI.

515 675 643 738 Hic
662 680 910 740 sanctus
928 677 1158 740 Docto)-
1183 675 1475 754 declarat,
1492 673 1759 758 qualiter
1778 673 2009 755 oportet
2032 683 2225 756 regem
2246 671 2305 737 et
2324 686 2537 754 quem·

595 781 841 846 euntque
861 765 1281 840 dominantern,
1309 767 1392 829 ad
1414 766 1646 830 cultum
1666 764 1941 829 divinum
1963 763 2285 839 intendere,
2307 767 2367 825 et
2382 762 2536 844 quis

593 855 842 930 fructus
868 855 1076 948 em'koo
1099 859 1409 936 sequatur.

589 987 685 1042 His
730 987 930 1046 habitis
974 989 1244 1064 agendum
1272 997 1360 1047 est
1398 989 1467 1046 de
1506 988 1661 1048 cultu
1700 988 1909 1057 divine,
1940 987 2008 1044 ad
2052 1001 2217 1061 quem
2263 999 2423 1057 reges
2464 991 2531 1039 et

520 1074 791 1147 principes
835 1077 1056 1134 studere
1100 1078 1302 1135 debent
1347 1086 1465 1136 toto
1502 1084 1703 1135 conatu
1754 1085 1812 1133 et
1854 1075 2205 1134 solicitudine
2248 1074 2395 1130 sicut
2452 1072 2529 1128 ad

518 1162 681 1218 finem
708 1163 972 1222 debitum.
1017 1166 1086 1223 Et
1114 1167 1237 1222 ideo
1277 1166 1368 1224 hic
1393 1166 1451 1223 in
1498 1166 1605 1224 hoe
1643 1165 1837 1222 ultimo
1876 1164 2119 1237 capitulo
2161 1162 2419 1231 traditur,
2450 1161 2527 1216 de

517 1268 627 1323 quo
655 1269 751 1308 rex
775 1253 864 1308 ille
901 1254 1222 1326 magnificus
1241 1253 1496 1311 Salomon
1538 1254 1597 1312 in
1631 1253 1999 1320 Ecclesiastis,
2025 1268 2137 1320 ιιι,
2162 1254 2251 1321 43,
2282 1249 2473 1308 scribit
2507 1267 2525 1304 :

517 1340 712 1396 Finem
738 1341 981 1413 loquendi
1018 1357 1193 1398 omnes
1215 1343 1433 1416 pariter
1458 1341 1761 1409 audiamur,
1796 1344 1964 1400 Deum
1992 1342 2143 1408 time,
2187 1347 2239 1397 et
2264 1339 2527 1396 mandata

517 1431 635 1502 ejus
657 1430 872 1486 observa
901 1446 920 1487 .·
953 1431 1048 1486 lioc
1073 1438 1152 1489 est
1177 1431 1320 1488 enim
1348 1430 1521 1488 omnis
1545 1431 1715 1488 homo.
1744 1431 1813 1487 Et
1838 1431 2091 1504 quamvis
2121 1431 2225 1486 iste
2248 1427 2373 1486 finis
2398 1443 2529 1486 om·

429 1574 435 1581 ,
519 1517 678 1575 nibus
717 1520 790 1577 sit
835 1521 1196 1588 necessarius,
1245 1520 1465 1578 divinus
1491 1519 1747 1578 videlicet
1772 1519 1955 1576 cultus
1998 1526 2055 1574 et
2090 1517 2398 1576 reverentia
2426 1533 2523 1590 per

517 1605 922 1666 observantiam
959 1609 1364 1678 mandatorum,
1393 1616 1455 1664 ut
1476 1609 1592 1680 jam
1620 1607 1829 1666 dictum
1854 1616 1961 1676 est,
1994 1607 2109 1679 regi
2136 1613 2323 1664 tamen
2348 1606 2527 1678 magis

517 1697 800 1770 competit,
842 1707 898 1756 et
934 1697 1094 1769 hujus
1133 1698 1210 1753 rei
1257 1705 1342 1754 est
1371 1698 1547 1769 magis
1574 1695 1791 1754 debitor
1831 1701 2053 1769 propter
2081 1695 2189 1754 trin
2216 1711 2347 1768 quae
2390 1699 2525 1752 sunt

519 1785 574 1840 in
603 1787 742 1858 ipso,
768 1787 898 1859 quia
928 1786 1182 1843 videlicet
1201 1786 1384 1854 homo,
1414 1791 1471 1842 et
1497 1785 1630 1858 quia
1657 1785 1929 1852 dominae,
1962 1791 2019 1842 et
2046 1785 2177 1858 qnia
2204 1799 2323 1840 rex.

589 1873 731 1942 Quia
759 1873 919 1930 homo
945 1873 1298 1944 singulariter
1325 1887 1358 1930 a
1387 1874 1501 1930 Deo
1524 1879 1779 1942 creatus;
1810 1879 2041 1930 caeteras
2068 1873 2214 1930 enim
2238 1876 2525 1930 creaturas

520 1962 666 2017 Deus
681 1961 913 2018 dicendo
928 1960 1078 2029 fecit,
1095 1977 1223 2018 cum
1243 1977 1371 2019 vero
1391 1961 1665 2020 hominem
1684 1961 1913 2028 creavit,
1934 1961 2073 2018 dixit
2090 1961 2310 2034 (Genea.
2334 1976 2376 2029 1,
2398 1961 2486 2032 26)
2504 1977 2523 2016 ι

519 2049 800 2106 Faciamus
833 2050 1096 2106 hommem
1135 2050 1208 2106 ad
1240 2051 1525 2123 imaginem
1560 2057 1611 2108 et
1638 2050 2047 2110 similitudinem
2078 2056 2339 2110 nostram.
2368 2049 2527 2107 Unde

519 2136 810 2210 Apostolus
837 2139 894 2194 in
917 2138 1072 2194 Actis
1087 2138 1489 2212 Apostolorum,
1515 2153 1661 2207 xvn,
1684 2143 1771 2206 28,
1800 2137 1967 2196 refert
1986 2138 2154 2196 verba
2168 2140 2323 2198 Arati
2347 2146 2527 2212 poetae

506 2224 754 2284 'dicentis
786 2242 800 2281 z
835 2225 1010 2300 Ipsius
1037 2226 1180 2284 enim
1205 2243 1367 2301 uenus
1398 2227 1499 2286 Dei
1522 2243 1724 2285 eumue.
1758 2227 1823 2284 Et
1848 2227 1950 2286 hac
1969 2243 2101 2300 ergo
2126 2235 2285 2301 parte
2306 2227 2527 2285 debito·

521 2331 610 2372 res
635 2331 823 2372 sumus
849 2331 1038 2372 omnes
1079 2317 1194 2375 Deo
1223 2317 1279 2374 in
1315 2317 1557 2390 generali
1590 2318 1659 2376 ad
1690 2317 1935 2375 divinam
1960 2317 2347 2386 reverentiam,
2378 2317 2525 2390 quod

521 2413 607 2460 est
635 2405 866 2477 primum
889 2413 1223 2480 praeceptum
1250 2409 1447 2480 primae
1470 2405 1701 2476 tabulae;
1728 2406 1873 2462 unde
1890 2405 2094 2464 dicitur
2114 2421 2257 2480 popu
2266 2405 2317 2462 lo
2344 2406 2525 2463 lsrae-

523 2491 672 2552 litico
701 2494 756 2552 in
784 2495 1190 2552 Deuteronomii
1219 2511 1342 2568 cap.
1381 2500 1462 2563 vt,
1500 2498 1555 2566 4,
1580 2511 1677 2567 per
1698 2495 1940 2568 Moysen,
1972 2500 2031 2552 et
2057 2510 2153 2567 per
2187 2509 2527 2567 consequens

522 2583 678 2640 nobis
717 2600 736 2638 ε
763 2585 934 2652 Audi,
962 2583 1156 2653 Israel,
1187 2585 1449 2642 Dominus
1478 2585 1617 2642 Deus
1656 2591 1803 2652 tuuc,
1842 2584 1984 2642 Deus
2008 2599 2150 2640 uitur
2176 2589 2273 2640 eat.
2316 2583 2436 2654 Qua
2477 2583 2527 2638 si

523 2659 686 2728 solus'
709 2672 782 2728 sit
822 2674 912 2730 cui
951 2673 1184 2730 debetur
1210 2673 1539 2741 reverentia,
1584 2679 1643 2730 ct
1676 2672 1865 2742 honor,
1900 2672 1953 2730 in
1990 2678 2261 2746 quantum
2296 2672 2369 2730 ab
2408 2673 2527 2744 ipso

523 2759 639 2816 solo
671 2762 844 2818 creati
879 2777 1090 2829 sumne,
1131 2770 1187 2818 et
1210 2762 1473 2836 singulari
1502 2762 1739 2835 quadam
1769 2761 2132 2834 praerogativa
2160 2759 2431 2833 producti.
2458 2759 2527 2815 Et

523 2854 746 2920 propter
771 2848 895 2918 hoc,
943 2849 1134 2907 habita
1159 2851 1597 2908 consideratione
1627 2849 1767 2906 tanti
1794 2849 2045 2909 beneficii
2081 2849 2277 2906 Subdit
2312 2850 2529 2921 Moyseo

524 2935 582 2990 in
627 2934 820 3014 eodem
850 2937 1042 2994 statim
1071 2938 1208 3008 loco,
1249 2939 1437 2996 dicens
1466 2955 1481 2993 ε
1514 2937 1718 3010 Diliyes
1743 2937 2031 2994 Dominum
2076 2937 2245 2994 Deum
2282 2942 2435 2994 tunm
2462 2951 2525 2990 ex

527 3029 636 3080 toto
661 3024 816 3082 corde
848 3034 962 3093 tuo,
991 3034 1046 3084 ct
1073 3028 1134 3084 in
1159 3033 1272 3086 tota
1297 3029 1485 3084 anima
1510 3033 1627 3093 tua,
1652 3033 1706 3084 et
1731 3026 1797 3084 in
1819 3032 1933 3083 tota
1956 3025 2281 3098 fortitudine
2314 3032 2439 3093 ωας
2471 3026 2525 3079 in

524 3111 630 3169 hoc
660 3113 846 3171 volens
881 3115 1188 3182 ostendere,
1233 3115 1380 3189 quod
1426 3121 1601 3172 totum
1624 3115 1751 3188 *Deo
1790 3115 2087 3172 debeamus
2134 3114 2281 3188 quod
2314 3128 2525 3171 sumus.

522 3199 593 3256 Et
621 3201 674 3256 in
703 3203 1074 3274 recognitione
1101 3204 1220 3276 ejus
1246 3212 1581 3277 praeceptum
1610 3202 1679 3258 de
1703 3203 1933 3260 decimis
1958 3202 2060 3258 suit
2088 3201 2425 3266 institutum,
2454 3201 2525 3258 nd

525 3289 669 3362 quod
695 3290 924 3363 quilibet
942 3291 1214 3363 obligatur
1237 3295 1416 3350 nonin
1436 3293 1747 3365 quantitate
1762 3292 1994 3360 numeri,
2010 3291 2109 3348 sed
2126 3293 2527 3366 cujuscumque

526 3379 604 3435 rei
625 3395 698 3444 ¹ex
726 3380 875 3436 dicta
897 3381 1016 3453 jam
1043 3395 1230 3438 causa.
1761 3379 1767 3383 ’

593 3469 697 3525 Sed
724 3470 978 3541 quamvis
1003 3469 1233 3540 quilibet
1259 3469 1331 3526 ad
1359 3469 1465 3525 boc
1487 3469 1563 3525 sit
1588 3467 1883 3542 obligatus,
1914 3468 2037 3541 plus
2064 3476 2251 3526 tamen
2275 3469 2529 3542 princeps

525 3557 692 3614 etiam
713 3558 855 3612 sicut
881 3557 1092 3628 privata
1124 3571 1372 3630 persona,
1413 3557 1468 3613 in
1498 3563 1761 3630 quantum
1792 3557 1911 3629 plus
1942 3557 2234 3630 participat
2270 3559 2337 3614 de
2366 3557 2528 3613 nobi-

526 3645 680 3702 litate
703 3645 953 3702 humanae
980 3654 1188 3703 naturae
1217 3648 1543 3704 rationo.eui
1568 3648 1783 3719 generis
1810 3648 1949 3703 unde
1982 3647 2147 3704 trahit
2178 3648 2441 3719 originem
2472 3651 2529 3702 et

527 3732 652 3788 inde
694 3733 1054 3801 nobilitatem,
1101 3740 1160 3789 ut
1204 3735 1557 3809 Philosophus
1598 3736 1792 3809 probat
1835 3737 1889 3791 in
1929 3753 2027 3793 sua
2064 3735 2377 3792 Rhetorica.
2410 3736 2529 3804 Qua

525 3821 956 3876 consideratione
987 3830 1166 3878 motus
1199 3825 1380 3880 Caesar
1412 3828 1704 3896 Augustus,
1734 3824 1826 3896 qui
1854 3831 1907 3880 ct
1937 3825 2292 3892 Octavianus,
2320 3832 2380 3880 ut
2410 3824 2530 3880 his-

531 3907 685 3964 toriae
715 3908 953 3974 tradunt,
985 3909 1196 3969 divinos
1224 3911 1457 3969 honores
1485 3929 1589 3968 non
1623 3915 1915 3984 sustinens,
1950 3915 2042 3990 qui
2080 3914 2257 3972 eidem
2300 3912 2527 3972 exhibe-
