2784 4392
539 273 670 319 xxv.
701 238 782 304 -'-
807 270 1048 321 coma
1087 272 1304 320 meua.
1349 272 1453 319 nm
1494 270 1667 324 cun-r.
1711 274 1791 321 nr
1828 275 2038 321 name.
2136 317 2142 323 .
2173 256 2291 320 137

289 388 658 464 possessiones
678 390 896 461 habeat,
919 391 1006 449 vel
1031 390 1135 449 nisi
1159 390 1287 450 talis
1311 390 1403 461 sit,
1436 390 1531 467 qui
1577 390 1762 451 labore
1801 408 2063 451 manuum
2105 390 2291 450 vivere

288 479 557 537 intendat.
593 485 860 538 Asserunt
896 480 1064 539 etiam
1100 487 1485 557 paupertatem
1526 480 1736 539 laudari
1786 482 1842 539 in
1875 482 2158 557 Scriptura
2189 498 2296 539 non

289 570 579 639 actualem,
611 586 721 645 qua
751 567 950 645 aliquis
986 586 1045 627 se
1073 572 1236 629 rebus
1267 570 1657 645 temporalibus
1705 570 1963 645 expoliat,
1996 570 2090 629 sed
2134 570 2294 629 habi-

291 660 512 729 tualem,
541 675 650 733 qua
669 658 870 734 aliquis
897 674 1013 718 rem
1035 660 1391 736 temporalem
1416 660 1716 719 contemnit
1736 662 1920 731 corde,
1950 662 2052 719 etsi
2079 676 2137 718 re
2164 676 2295 735 pos-

289 747 488 807 sideat.
1880 754 1889 762 '

357 838 442 898 Ad
465 837 891 897 destructionem
919 837 1088 913 igitur
1112 838 1272 915 hujus
1299 838 1501 899 erroris
1524 836 1629 899 hoc
1658 840 1817 899 modo
1846 838 2220 916 procedemus.
2298 849 2314 863 ·

357 930 539 986 Primo
564 932 708 1004 enirn
732 930 1078 987 ostendemus
1109 928 1176 987 ad
1204 927 1594 1004 perfectionem
1624 930 1994 1003 evangelicam
2020 930 2294 1004 pertinere

289 1030 400 1075 non
419 1016 595 1076 solum
624 1024 1004 1093 paupertatem
1033 1016 1386 1087 habitualem,
1421 1018 1514 1077 sed
1546 1018 1713 1078 etiam
1751 1017 2041 1101 actualem
2064 1028 2191 1095 quae
2232 1020 2296 1076 fit

289 1123 386 1181 per
413 1106 771 1180 abjectionem
788 1122 980 1165 rerum
1007 1104 1409 1183 temporalium.

357 1194 606 1256 Secundo
629 1194 996 1266 ostendemus,
1024 1193 1168 1271 quod
1199 1198 1319 1256 haec
1345 1194 1606 1271 perfectio
1637 1202 1819 1258 manet
1864 1196 2032 1258 etiam
2072 1196 2120 1256 si
2162 1212 2294 1275 pos·
2377 1214 2380 1217 ·

289 1289 559 1345 sessiones
587 1287 641 1343 in
665 1288 938 1343 communi
966 1302 1073 1345 non
1099 1288 1428 1346 habeantur.

359 1372 562 1443 Tertio,
582 1365 727 1448 quod
755 1370 874 1433 haec
897 1372 1159 1449 perfectio
1194 1385 1377 1435 manet
1408 1375 1574 1435 etiam
1600 1378 1657 1433 in
1695 1374 1783 1435 his
1807 1374 1901 1453 qui
1929 1376 2294 1455 possessioni-

287 1464 390 1540 bus
412 1471 619 1532 carent,
649 1478 754 1521 non
783 1477 998 1537 semper
1026 1463 1258 1538 requirit
1289 1480 1547 1523 manuum
1577 1466 1840 1524 laborem.

359 1556 582 1625 Quarto,
609 1550 884 1611 solvemus
913 1568 977 1611 ea
1005 1570 1128 1627 quae
1152 1568 1252 1627 pro
1281 1568 1340 1611 se
1369 1553 1654 1611 inducunt.

355 1643 440 1699 Ad
465 1639 860 1699 ostendendum
899 1650 1081 1699 autem
1111 1646 1490 1716 paupertatem
1522 1640 1793 1700 actualem
1823 1641 1890 1700 ad
1920 1642 2289 1718 evangelicam

286 1730 671 1807 perfectionem
692 1731 985 1805 pertinere,
1010 1736 1320 1790 assumatur
1343 1731 1517 1807 primo
1544 1732 1675 1789 illud
1692 1731 1837 1805 quod
1868 1732 2070 1790 dicitur
2093 1735 2287 1793 Matth.

287 1834 413 1887 xix,
447 1822 505 1879 2⁴
548 1838 560 1875 ε
589 1820 645 1877 Si
671 1820 751 1876 vis
788 1820 1058 1893 perfectus
1081 1835 1206 1888 esse,
1237 1822 1387 1889 vade,
1421 1826 1468 1878 et
1499 1820 1657 1877 vende
1688 1820 1867 1878 omunia
1897 1838 2012 1895 quoe
2039 1822 2211 1893 habes,
2240 1834 2289 1884 et

285 1908 355 1967 da
381 1909 718 1983 pauperibus.
745 1906 848 1967 Sed
877 1906 966 1967 ille
1004 1909 1098 1984 qui
1125 1924 1223 1968 sua
1245 1910 1452 1980 vendit,
1488 1916 1543 1967 et
1574 1909 1905 1985 pauperibus
1940 1913 2147 1983 tribuit,
2182 1932 2287 1972 non

287 1998 460 2057 solum
495 1991 825 2055 habitualem
865 2004 1242 2072 paupertatem
1273 1999 1445 2072 eligit,
1480 1999 1576 2057 sed
1614 1998 1779 2057 etiam
1828 2000 2117 2060 actualem.
2149 2003 2289 2077 Ergo

287 2088 518 2145 actualis
555 2095 848 2161 paupertas
887 2088 954 2145 ad
1003 2086 1370 2159 evangelicam
1416 2088 1803 2161 perfectionem
1844 2090 2103 2165 pertinet.
2131 2093 2287 2162 Item,

286 2172 549 2252 perfectio
574 2173 887 2248 evangelica
917 2177 1167 2234 consistit
1193 2176 1247 2233 in
1287 2176 1595 2235 imitatione
1633 2178 1832 2235 Christi
1864 2196 1876 2235 ε
1909 2178 2002 2237 sed
2046 2180 2291 2241 Christus

189 2324 198 2330 ,
287 2280 392 2323 non
422 2262 602 2321 solum
627 2262 930 2330 voluntate,
959 2264 1054 2320 sed
1084 2263 1252 2322 etiam
1278 2263 1501 2322 realiter
1548 2264 1652 2321 fuit
1675 2282 1898 2340 pauper,
1928 2272 2070 2326 unde
2094 2272 2286 2347 Matth.

287 2368 433 2421 xvn,
467 2366 630 2427 super
653 2349 788 2408 iliud
818 2367 832 2407 t
869 2348 1011 2411 Vade
1039 2350 1110 2408 acl
1131 2366 1302 2419 mare,
1332 2352 1529 2411 Glossa
1558 2370 1571 2409 :
1606 2374 1632 2407 «
1666 2354 1927 2413 Dominus
1958 2364 2126 2417 tantae
2150 2378 2289 2435 pau-

287 2442 518 2517 pertatis
537 2440 658 2510 fuit,
691 2445 754 2497 ut
775 2440 918 2498 unde
949 2438 1212 2499 tributum
1231 2438 1488 2510 solveret,
1514 2456 1619 2498 non
1646 2440 1888 2513 haberet,
1928 2464 1953 2498 »
1982 2448 2285 2521 etLuc.1x,

287 2547 452 2605 super
479 2528 612 2587 illud
641 2544 656 2587 τ
691 2526 883 2604 Vulpes
923 2526 1100 2603 foveas
1145 2525 1354 2597 habent,
1378 2536 1485 2588 etc.
1518 2529 1653 2587 dicit
1696 2529 1891 2589 Glossa
1925 2548 1937 2588 ε
1972 2556 1997 2589 α
2030 2536 2144 2609 Ego
2172 2556 2292 2597 sum

289 2624 462 2679 tantae
507 2618 866 2693 paupertatiS‚
909 2624 968 2675 ut
1011 2632 1110 2676 nec
1153 2616 1449 2692 hospitium
1487 2617 1709 2693 quidem
1751 2617 1999 2693 habeam,
2033 2643 2133 2684 neo
2170 2646 2291 2688 meo

289 2712 418 2767 utar
447 2715 612 2776 tecto,
634 2726 662 2761 a
688 2714 744 2765 et
772 2722 868 2781 per
894 2708 1096 2765 multas
1127 2706 1264 2765 alias
1293 2709 1650 2766 auctoritates
1679 2710 1746 2767 de
1771 2708 1915 2769 facili
1950 2712 2050 2773 hoc
2075 2716 2293 2792 probari

245 2810 252 2817 ·
292 2803 489 2871 potest.
514 2798 654 2870 Ergo
684 2796 914 2855 actualis
941 2804 1238 2872 paupertas
1262 2796 1330 2854 ad
1358 2794 1744 2871 perfectionem
1787 2802 2022 2874 pertinet
2054 2820 2294 2883 evange-

293 2888 476 2945 licam.
1420 2924 1425 2928 -

364 2976 522 3035 Item.
563 2970 827 3032 Perfectio
876 2970 1190 3048 evangelica
1233 2972 1289 3032 in
1327 2972 1604 3050 Apostolis
1649 2976 1887 3039 maxime
1925 2980 2155 3059 claruit;
2197 2988 2295 3047 sed

294 3063 400 3139 ipsi
443 3063 715 3122 actualem
755 3066 1134 3137 paupertatem
1173 3062 1482 3122 habuerunt
1528 3080 1629 3123 sua
1673 3069 1854 3127 omnia
1906 3070 2293 3148 relinquenteS,

293 3152 437 3210 unde
463 3152 657 3209 Petrus
687 3150 845 3220 dixit,
875 3150 1065 3209 Matth.
1092 3152 1333 3219 x1x‚27:
1357 3150 1493 3209 Ecce
1516 3169 1610 3211 uos
1634 3156 1944 3230 reliquimus
1971 3162 2169 3231 omnia,
2188 3173 2293 3225 etc.

292 3242 363 3299 Et
384 3238 506 3298 ideo
534 3238 900 3314 Hieronymus
925 3237 1060 3297 dicit
1093 3240 1162 3298 ad
1195 3237 1484 3298 Hebidiam
1517 3256 1531 3298 t
1562 3262 1587 3296 α
1622 3242 1715 3302 Vis
1744 3261 1864 3303 esse
1893 3249 2131 3322 perfecta
2159 3263 2214 3310 et
2242 3254 2297 3311 in

294 3328 474 3404 primo
501 3336 649 3384 stare
670 3328 888 3400 fastigio
917 3327 1242 3401 dignitatis?
1261 3328 1348 3388 fac
1377 3328 1525 3403 quod
1554 3330 1804 3391 fecerunt
1830 3338 2095 3404 Apostoli.
2116 3338 2300 3400 Vende

295 3412 479 3476 omnia
526 3428 650 3487 quae
690 3412 877 3484 habes,
911 3422 967 3473 et
1007 3417 1078 3475 da
1114 3411 1462 3491 pauperibus,
1497 3424 1552 3477 et
1584 3434 1814 3495 sequere
1859 3423 2218 3501 salvatorem,
2250 3439 2303 3488 te

297 3502 504 3563 nudam
530 3501 812 3575 solamque
855 3516 1074 3561 crucem
1111 3502 1258 3562 nuda
1301 3506 1552 3579 sequaris
1580 3515 1636 3565 et
1675 3509 1811 3568 sola.
1844 3530 1869 3565 >>
1901 3512 2043 3589 Ergo
2073 3522 2305 3579 actualis

297 3594 594 3671 paupertas
621 3589 690 3647 ad
715 3585 1087 3663 evangelicam
1117 3588 1507 3663 perfectionem
1532 3594 1791 3667 pertinet.

370 3681 528 3739 Item.
559 3676 725 3737 Marc.
756 3690 819 3749 x,
861 3680 947 3749 23,
976 3694 1140 3755 super
1167 3676 1302 3737 illud
1336 3696 1349 3737 ε
1376 3680 1549 3749 Quam
1580 3682 1786 3759 difficile
1808 3685 1902 3763 qui
1921 3692 2177 3764 pecunias
2204 3696 2303 3757 ha-

301 3771 442 3837 bent,
489 3776 622 3838 etc„
671 3767 867 3826 Glossa
911 3785 926 3828 ι
973 3788 1001 3823 α
1037 3768 1199 3826 Aliud
1227 3776 1312 3826 est
1339 3774 1629 3846 pecuniam
1664 3774 1885 3848 habere,
1918 3782 2065 3841 aliud
2098 3801 2303 3845 amare.

301 3854 455 3918 Multi
482 3854 685 3917 habent
708 3863 765 3916 et
787 3870 895 3916 non
921 3862 1128 3932 amant,
1159 3860 1216 3917 et
1243 3858 1401 3920 multi
1424 3873 1533 3921 non
1559 3858 1763 3925 habent
1777 3871 1832 3926 et
1860 3876 2068 3933 amant.
2095 3894 2121 3929 ³>
2146 3874 2302 3946 Item,
