2784 4392
477 224 555 284 44
952 237 1005 284 s.
1048 235 1281 282 moMAE
1320 195 1648 288 Aonium-13
1696 232 2006 282 orusoum

479 350 664 422 lemni,
693 351 837 427 quod
863 367 959 426 per
975 352 1365 426 professionem
1392 351 1680 416 emittitur,
1706 365 1812 406 non
1853 357 2036 407 autem
2065 349 2134 407 de
2171 357 2299 409 voto
2345 350 2488 408 sim-

479 441 628 515 plici,
659 459 767 516 quo
798 441 965 514 aliqui
1003 442 1070 497 ad
1103 441 1418 513 religionem
1443 458 1508 496 ex
1534 439 1822 496 devotione
1847 454 1904 494 se
1933 439 2196 512 obligant.

552 531 707 601 Quod
744 546 873 586 vero
911 531 1123 586 decimo
1161 531 1500 603 propositum
1549 536 1632 585 est
1681 544 1839 602 posse
1880 535 2134 601 parentes
2170 529 2486 602 hujusmodi

478 627 606 676 vota
634 618 971 693 impuberum
996 627 1314 685 retractare,
1330 605 1633 674 efficaciam¹
1654 633 1759 672 non
1790 616 1953 673 habet
1988 634 2128 674 :non
2157 619 2300 673 enim
2322 635 2486 676 omne

380 719 387 724 ·
480 708 532 763 id
580 709 723 780 quod
764 709 1008 766 revocari
1041 714 1238 781 potest,
1273 707 1460 762 illicite
1499 707 1880 773 committitur,
1921 706 2161 779 alioquin
2197 714 2486 780 ,oporteret

482 797 682 863 dicere,
721 798 861 870 quod
893 798 1129 852 minores
1151 796 1590 868 vigintiquinque
1625 796 1780 851 annis
1809 803 2101 868 peccarent
2140 796 2196 850 in'
2233 797 2486 852 omnibus

480 902 604 957 quae
634 901 757 940 cum
789 901 887 941 suo
916 887 1113 941 damno
1138 884 1402 950 facerent,
1431 885 1560 956 quia
1587 890 1810 956 possunt
1842 885 1894 939 in
1921 886 2206 955 «integrum
2240 885 2482 942 restitui.

480 974 569 1029 Sic
593 974 760 1044 igitur
802 973 1109 1044 impuberes
1150 988 1255 1028 non
1288 980 1534 1044 peccant,
1566 973 1609 1026 si
1651 980 1838 1027 votum
1887 972 2164 1044 religionis
2206 975 2480 1044 omittant,

480 1061 564 1116 vel
592 1062 637 1118 si
663 1063 827 1117 etiam
854 1061 1097 1117 habitum
1130 1061 1406 1132 religionis
1435 1069 1716 1116 assumant
1747 1061 1952 1134 absque
1979 1071 2265 1134 parentum
2309 1064 2489 1118 licen-

480 1152 576 1218 tia,
611 1151 862 1223 quamvis
894 1149 996 1206 hoc
1038 1151 1207 1222 possit
1254 1166 1351 1222 per
1391 1156 1644 1222 parentes
1686 1151 1928 1205 revocari
1965 1167 1978 1204 ε
2011 1146 2252 1224 alioquin
2291 1153 2335 1208 si
2380 1152 2485 1208 hoc

480 1245 625 1299 esset
646 1247 946 1310 peccatum,
992 1237 1368 1311 prohiberetur
1413 1255 1507 1312 per
1553 1240 1817 1306 CanoneS,
1852 1255 1948 1312 per
1985 1254 2122 1312 quos
2165 1241 2483 1314 parentibus

479 1327 770 1383 revocandi
796 1325 1028 1383 facultas
1056 1325 1391 1382 conceditur.

550 1415 629 1472 Ea
676 1430 805 1471 vero
846 1431 971 1488 quae
1011 1415 1295 1471 undecimo
1343 1415 1410 1471 de
1455 1421 1721 1488 apparatu
1767 1414 2137 1471 Decretalium
2161 1421 2216 1471 et
2253 1417 2483 1470 summis

474 1505 795 1578 Juristarum
824 1512 1217 1578 proponuntur,
1238 1504 1306 1561 ad
1335 1505 1675 1580 propositum
1701 1519 1807 1560 non
1830 1503 2055 1572 faciunt,
2091 1504 2219 1577 quia
2246 1503 2484 1576 loquun-

480 1601 567 1650 tur
591 1596 659 1650 de
686 1604 813 1650 voto
838 1593 1084 1660 solemni,
1106 1594 1250 1669 quod
1278 1594 1602 1650 monachum
1633 1593 1782 1658 facit,
1817 1592 1899 1649 vel
1932 1594 2322 1666 cujuscumque
2350 1593 2484 1648 retli-

477 1682 655 1752 gionis
697 1681 1020 1754 professum,
1050 1682 1116 1738 de
1147 1699 1253 1754 quo
1298 1681 1517 1738 fuerunt
1563 1681 1705 1735 inter
1751 1681 2016 1736 Doctores
2053 1680 2193 1751 juris
2234 1680 2484 1735 canonici

478 1770 759 1842 opiniones
807 1771 1075 1824 diversae:
1109 1770 1361 1842 quamvis
1408 1770 1764 1824 inconsonum
1801 1774 1856 1823 et
1893 1767 2169 1822 derisibile
2209 1769 2479 1836 videatur,

478 1857 623 1930 quod
653 1872 825 1912 sacrae
853 1843 1118 1912 doctrinae
1152 1857 1484 1927 professores
1525 1843 1851 1911 Juristarum
1877 1854 2145 1927 glossulas
2184 1857 2238 1910 in
2288 1867 2484 1914 aucto·-

480 1945 698 2001 ritatem
728 1945 1006 2012 inducant,
1032 1943 1114 2000 vel
1151 1944 1217 1999 de
1247 1944 1326 1998 eis
1354 1943 1682 2014 disceptent.

548 2033 685 2089 Illud
716 2033 880 2088 etiam
907 2033 1054 2105 quod
1078 2031 1400 2087 duodecimo
1435 2033 1502 2086 de
1526 2033 1846 2103 juramento·
1867 2031 2206 2104 proponitur,
2240 2033 2310 2088 ad
2351 2052 2486 2106 pro-

482 2125 716 2196 positum
744 2137 850 2176 non
877 2121 1027 2187 sacit,
1062 2121 1188 2192 quia
1212 2135 1317 2175 non
1344 2119 1634 2192 prohibent
1661 2121 1910 2177 Canoues
1938 2135 2136 2192 pueros
2159 2123 2365 2194 jurare,
2385 2125 2482 2179 sed

479 2212 792 2266 discernunt
821 2210 966 2284 quod
984 2211 1173 2282 jurare
1200 2225 1307 2264 non
1333 2217 1655 2280 cognantur.

550 2301 702 2370 Quod
739 2316 865 2356 vero
904 2299 1280 2357 tertiodecimo
1320 2300 1658 2371 proponitur,
1691 2297 1986 2355 falsitatem
2027 2299 2291 2355 continet.
2323 2301 2482 2356 Pueri

480 2391 622 2445 enim
649 2389 800 2462 ligati
830 2394 957 2444 sunt
990 2389 1323 2462 professione
1355 2387 1479 2444 fidei
1509 2387 1842 2454 christianae,
1875 2405 2040 2461 quam
2065 2389 2228 2445 etiam
2258 2389 2311 2444 in
2342 2387 2484 2462 bap-

483 2481 643 2536 tismo
674 2478 1144 2536 sacramentaliter
1182 2478 1485 2548 elegerunt.
1516 2477 1670 2532 Unde
1713 2484 1938 2547 possunt
1981 2477 2178 2534 iterato
2219 2476 2373 2548 ligari
2427 2487 2482 2534 et

482 2569 678 2642 eligere
700 2560 1050 2642 perfectionis
1079 2573 1301 2632 statum,
1335 2565 1588 2638 quamvis
1616 2571 1671 2618 et
1699 2573 1921 2637 propter
1961 2565 2110 2627 aliud
2149 2565 2252 2622 hoc
2289 2569 2483 2624 incon.-

482 2673 613 2728 grue
637 2658 869 2724 dicatur,
903 2658 1033 2728 quia
1062 2661 1117 2710 et
1145 2655 1199 2708 in
1224 2655 1339 2726 ipso
1368 2660 1712 2708 sacramento
1754 2653 2009 2725 baptismi
2042 2655 2193 2725 pueri
2225 2653 2480 2712 christia-

484 2761 609 2807 nam
641 2744 956 2817 religionem
985 2743 1308 2814 suscipiunt‚
1341 2750 1395 2796 et
1429 2741 1730 2812 religantur
1761 2743 1894 2810 Deo,
1929 2743 2106 2815 ipsum
2145 2743 2345 2800 iterum
2377 2744 2484 2800 cli-

482 2839 692 2904 genteS,
720 2848 750 2888 a
778 2849 887 2905 quo
916 2847 1013 2904 per
1041 2838 1325 2903 peccatum
1358 2830 1516 2900 primi
1545 2832 1788 2902 parentis
1815 2831 2033 2886 fuerunt
2061 2833 2320 2904 separati.

553 2922 781 2976 Demum
826 2920 1110 2993 profanam
1151 2915 1556 2974 conclusionem
1603 2934 1798 2991 pueros
1851 2919 2102 2976 stultitiae
2137 2928 2476 2992 arguentem,

481 3008 695 3082 piorum
736 3024 894 3065 aures
942 3008 1083 3064 ferre
1115 3023 1222 3064 non
1260 3006 1462 3064 valent.
1495 3008 1628 3078 Quis
1675 3008 1820 3064 enim
1861 3025 2086 3080 puerum
2128 3010 2480 3066 Benedictum

482 3097 731 3154 stultitiae
758 3097 909 3168 argui
938 3096 1202 3169 patiatur,
1234 3096 1378 3168 quod
1411 3095 1600 3152 relicta
1644 3096 1806 3152 domo
1849 3098 2119 3170 rebusque
2162 3100 2353 3171 patriS‚
2383 3099 2482 3155 soli

484 3188 594 3242 Deo
626 3186 836 3259 placere
862 3186 1194 3252 desideranS,
1227 3190 1434 3241 sanctae
1459 3185 1888 3241 conversationis
1929 3185 2174 3242 habitum
2200 3183 2270 3243 et‘
2294 3187 2484 3244 deser-

483 3285 597 3332 tum
624 3272 923 3346 quaesivit?
946 3273 1081 3342 Quis
1112 3273 1215 3328 nisi
1264 3266 1552 3328 haereticus
1592 3271 1927 3344 blasphemet
1962 3262 2226 3334 Joa‘nnem
2261 3275 2482 3348 Baptis-

482 3379 645 3431 mam,
680 3363 747 3419 de
776 3379 885 3436 quo
911 3362 1108 3434 legitur
1136 3363 1267 3418 Luc.
1294 3379 1346 3436 .¹›
1380 3365 1448 3416 80
1473 3379 1488 3418 z
1520 3362 1663 3434 quod
1683 3377 1825 3434 puer
1847 3363 2104 3418 crescebat
2129 3371 2177 3419 et
2207 3364 2485 3436 conforta-

482 3454 641 3510 batur
667 3452 889 3525 spiritu,
920 3459 970 3508 et
993 3458 1112 3508 erat
1141 3452 1201 3507 in
1224 3451 1446 3506 desertis
1473 3467 1633 3523 usque
1661 3451 1732 3506 ad
1767 3450 1904 3507 diem
1929 3452 2243 3510 ostensionis
2279 3470 2387 3510 suoe
2413 3455 2482 3510 ad

482 3541 993 3598 Israeli'Manifeste
1020 3540 1157 3595 tales
1185 3539 1536 3595 insultatores
1565 3539 1826 3597 animales
1853 3556 1912 3596 se
1935 3557 2055 3596 esse
2085 3542 2481 3609 demonstrant,

483 3631 609 3686 dum
635 3630 926 3688 stultitiam
956 3635 1211 3701 reputant
1241 3643 1306 3683 ea
1335 3643 1460 3700 quae
1488 3633 1614 3683 sunt
1639 3629 1862 3701 spiritus
1888 3629 2006 3696 Dei,
2037 3631 2130 3702 qui
2169 3629 2311 3686 sicut
2349 3635 2485 3703 Am7

484 3717 699 3772 brosius
748 3718 883 3774 dicit
924 3733 1085 3789 super
1122 3717 1367 3772 Lucam:
1399 3716 1523 3774 Non
1574 3723 1842 3773 coercetur
1885 3717 2149 3784 aetatibus,
2180 3735 2286 3774 non
2339 3719 2484 3776 obitu

485 3803 846 3876 extiuyuitur,
871 3820 975 3862 non
1002 3805 1118 3862 alvo
1141 3798 1337 3859 matris
1366 3803 1687 3860 ewcluditur.
1719 3804 1788 3865 Et
1824 3806 1904 3860 sic
1927 3807 2228 3877 Gregorius
2257 3807 2392 3864 dicit
2433 3809 2488 3864 in
