2784 4392
610 271 740 314 nv,
771 271 1118 330 -con‘rm
1162 272 1375 337 mene.
1424 272 1527 316 nm
1568 272 1743 318 cunr.
1788 272 1863 316 nr
1905 273 2109 316 name.
2281 255 2358 323 91

353 383 498 440 ultra
536 401 844 444 mensuram
891 387 1131 460 gloriari.
1188 408 1212 439 >2
1257 389 1324 444 Et
1365 388 1525 454 infra,
1558 388 1629 444 ibi
1679 389 1850 446 :Non
1894 388 1952 443 in
2000 389 2111 444 alia
2157 387 2361 460 requla.

352 470 548 530 Glossa
573 476 794 547 exponit
817 481 886 532 de
910 477 1012 542 his,
1046 477 1140 549 qui
1171 485 1296 532 sunt
1335 476 1404 531 de
1430 477 1606 534 alieno
1650 477 1932 549 regimine.
1964 477 2106 548 Ergo
2145 475 2222 530 illi
2264 475 2363 547 qui

353 578 460 617 non
491 564 691 619 habent
715 581 902 620 curam
927 567 1259 635 animarum,
1284 581 1392 620 non
1421 565 1619 621 debent
1639 567 1939 638 praedicare
1966 564 2213 636 plebibus
2236 565 2357 621 aliis

351 651 675 717 commissis,
709 653 802 707 sed
834 651 1248 709 fundamentum
1281 653 1402 707 fidei
1431 653 1483 707 in
1513 652 1819 708 infidelibus
1842 655 2049 724 jacere.

423 741 665 796 Ulterius
698 749 882 797 autem
925 742 1210 798 ostendere
1255 743 1520 808 nituntur,
1569 741 1715 814 quod
1760 741 2127 797 confessiones
2170 740 2361 796 audire

353 844 459 884 non
491 836 732 900 possunt,
767 831 834 884 ⁴6
865 839 1062 901 quaest.
1096 847 1134 897 ι,
1165 847 1284 902 cap.
1315 831 1532 904 Flacuit
1561 847 1579 886 .·
1614 851 1638 884 α
1668 831 1923 886 Firmiter
1953 837 2009 886 et
2049 829 2358 885 insolubili-

351 922 436 978 ter
464 933 651 972 omnes
682 912 1044 990 praecipimuS,
1075 926 1136 973 ut
1178 918 1378 992 aliquis
1421 919 1720 976 monachus
1762 918 2113 992 poenitentias
2149 919 2361 984 ¹nemini

353 1003 578 1058 tribuat.
616 1023 641 1054 »
669 1004 735 1059 Et
759 1004 864 1059 alio
888 1021 1008 1076 cap.
1040 1005 1268 1070 Placuit,
1295 1006 1497 1061 dicitur
1533 1007 1677 1079 quod
1708 1026 1733 1058 «
1764 1005 1941 1061 nullus
1968 1003 2356 1061 monachorum

353 1101 647 1162 praesumat
687 1110 862 1165 neque
902 1095 1278 1166 poenitentiam
1322 1094 1472 1160 dare,
1526 1111 1701 1166 neque
1748 1093 1919 1148 filium
1962 1094 2034 1148 de⁴
2086 1091 2360 1166 baptismo

351 1180 619 1252 accipere,
674 1197 850 1253 neque
896 1182 1167 1237 infirmum
1214 1183 1441 1238 visitare
1490 1190 1543 1238 et
1591 1183 1875 1239 unctiones
1928 1181 2130 1248 facere,
2179 1196 2359 1253 neque

353 1275 622 1330 mortuum
651 1270 896 1342 sepelire,
931 1287 1106 1344 neque
1146 1271 1212 1327 de
1243 1271 1732 1345 qualibuscumque
1758 1270 1989 1342 negotiis
2012 1284 2132 1326 sese
2170 1268 2362 1340 impli-

349 1373 496 1414 care.
534 1377 559 1408 n
609 1358 764 1424 Item,
793 1374 914 1431 cap.
962 1359 1361 1424 Interdicimm,
1392 1360 1595 1416 dicitur
1641 1379 1654 1416 :
1700 1380 1724 1412 α
1758 1358 2139 1415 Interdicimus
2180 1358 2359 1414 abba-

355 1447 521 1515 tibus,
545 1453 597 1502 et
629 1447 908 1503 monachis
935 1448 1182 1519 publicas
1206 1449 1557 1521 poenitentias
1588 1449 1738 1518 dare,
1766 1449 2011 1504 infirmos
2037 1448 2283 1510 visitare,
2306 1453 2362 1500 et

353 1535 636 1590 unctiones
665 1535 865 1590 facere.
904 1555 927 1586 >2
960 1535 1037 1590 Ex
1063 1535 1261 1607 quibus
1283 1536 1535 1590 omnibus
1564 1537 1801 1604 videtur,
1828 1537 1971 1607 quod
2001 1534 2279 1590 monachis
2305 1541 2361 1588 et

353 1622 626 1693 religiosis
651 1624 745 1693 qui
771 1623 961 1677 eodem
981 1625 1106 1693 jure
1129 1631 1421 1678 censentur
1442 1639 1547 1678 non
1572 1623 1731 1678 liceat
1758 1621 2123 1678 confessiones
2148 1621 2359 1677 audire.

425 1715 583 1766 Item.
636 1711 962 1766 Rectoribus
999 1710 1365 1768 Ecclesiarum
1418 1719 1752 1783 praeceptum
1793 1719 1875 1766 est
1916 1710 2353 1777 Proverbiorum,

353 1815 544 1864 xxvu,
578 1802 644 1855 23
675 1815 688 1852 :
721 1798 1023 1870 Diliyenter
1049 1817 1262 1871 aquosce
1290 1799 1497 1856 vultum
1519 1801 1727 1872 pecoris
1756 1795 1858 1864 tui,
1889 1799 2083 1856 Glossa
2118 1817 2129 1852 :
2165 1820 2188 1850 α
2222 1799 2359 1854 Pas·

353 1889 458 1946 tori
517 1886 774 1942 Ecclesiae
816 1889 1018 1944 dicitur
1050 1887 1392 1960 :Diligenter
1440 1889 1637 1946 adhibe
1688 1904 1872 1944 curam
1926 1888 2005 1943 eis
2046 1887 2242 1961 quibus
2298 1897 2351 1944 te

354 1991 589 2050 praeesse
617 1976 928 2046 contigerit.
950 1975 1196 2048 Agnosce
1226 1993 1413 2034 eorum
1440 1984 1595 2033 actus
1620 1985 1674 2032 et
1704 1977 1839 2034 vitia
1866 1993 1991 2050 quae
2015 1975 2069 2031 in
2093 1977 2173 2032 eis
2198 1978 2357 2032 inve-

354 2067 517 2130 neriS,
567 2065 730 2121 citius
771 2066 1043 2136 castigare
1089 2075 1382 2124 memento.
1428 2086 1453 2118 a
1492 2067 1597 2122 Sed
1644 2081 1745 2121 non
1792 2072 2017 2139 possunt
2059 2080 2355 2136 agnoscere

354 2161 509 2210 actus
532 2158 588 2210 et
611 2153 744 2210 vitia
774 2153 1116 2210 subditorum
1138 2161 1384 2226 pastores
1412 2155 1693 2221 Ecclesiae,
1711 2154 1811 2209 nisi
1840 2171 1933 2226 per
1962 2153 2353 2209 confessiones,

353 2243 494 2314 Ergo
532 2258 636 2298 non
680 2241 878 2297 debent
926 2242 1048 2298 aliis
1087 2243 1334 2299 confiteri
1383 2243 1487 2297 nisi
1532 2242 1644 2297 suis
1690 2243 2009 2298 rectoribus.
2062 2243 2353 2306 Praeterea,

354 2330 537 2386 Extra
561 2329 623 2384 de
649 2329 978 2402 poenitentiis
1001 2337 1048 2384 et
1079 2331 1312 2387 remissis
1341 2331 1475 2386 dicit
1514 2331 1861 2386 Innocentius
1894 2331 1947 2384 in
1982 2330 2211 2386 concilio
2257 2346 2356 2400 ge·-

355 2418 523 2478 nerali
555 2436 567 2472 2
604 2439 628 2471 (ι
664 2417 854 2476 Omnis
884 2419 1168 2492 utriusque
1197 2414 1357 2474 sexus
1387 2417 1579 2484 fidelis,
1613 2427 1903 2490 postquam
1939 2419 2009 2474 ad·
2042 2433 2212 2473 annos
2238 2417 2356 2472 dis-

354 2508 616 2564 cretionis·
657 2505 982 2577 pervenerit,
1025 2508 1205 2566 omnia
1247 2523 1346 2562 sua
1395 2507 1543 2562 solus
1582 2514 1806 2578 peccata
1843 2506 2039 2562 saltem
2082 2504 2249 2560 semel
2299 2505 2354 2559 in
2393 2509 2409 2528 “

354 2613 494 2652 anno
525 2596 852 2652 confiteatur
884 2597 1100 2668 proprio
1133 2596 1404 2652 sacerdoti
1432 2613 1459 2647 1>
1489 2612 1503 2648 ε
1534 2595 1629 2651 sed
1661 2595 1751 2650 ille
1779 2595 1871 2667 qui
1898 2592 2179 2651 absolutus
2207 2598 2291 2648 est
2320 2608 2350 2647 a

354 2686 594 2759 peccatis
637 2685 914 2759 praedictis
949 2683 1064 2740 'non
1105 2691 1319 2742 tenetur
1349 2685 1579 2740 ulterius
1614 2691 1839 2756 peccata
1885 2682 2153 2738 confiteri.
2206 2681 2347 2752 Ergo

353 2777 397 2830 si
429 2773 628 2846 aliquis
656 2773 794 2830 alius
822 2789 986 2846 quam
1021 2774 1272 2846 proprius
1317 2774 1573 2830 sacerdos
1612 2782 1794 2846 posset
1834 2771 2202 2828 confessiones
2248 2786 2353 2825 au-

352 2862 490 2930 dire,
521 2869 577 2917 et
606 2861 887 2917 absolvere
913 2861 1168 2934 aliquem,
1198 2861 1287 2917 ille
1311 2877 1419 2918 non
1452 2870 1727 2918 teneretur
1755 2861 1921 2916 semel
1953 2861 2005 2914 in
2035 2875 2176 2916 anno
2214 2875 2351 2914 con-

352 2951 494 3006 fiteri
535 2952 751 3022 proprio
798 2951 1088 3016 sacerdoti,
1137 2951 1280 3023 quod
1321 2957 1405 3006 est
1443 2959 1631 3006 contra
1670 2949 1997 3006 decretalem
2048 2949 2355 3004 inductam.

351 3039 486 3094 Cum
517 3053 646 3109 ergo
671 3037 908 3108 religiosi
937 3054 1038 3093 non
1068 3037 1177 3094 sint
1219 3039 1423 3110 proprii
1471 3039 1801 3105 sacerdotes,
1826 3040 1955 3113 quia
1998 3029 2103 3092 non
2151 3037 2358 3092 habent

351 3127 536 3200 plebes
583 3120 692 3182 sibi'
723 3119 1062 3196 commissae,
1097 3126 1329 3197 videtur,
1357 3128 1504 3201 quod
1550 3143 1657 3184 non
1705 3134 1931 3200 possunt
1981 3125 2349 3181 confessiones

352 3215 542 3270 audire
567 3222 622 3270 et
651 3215 953 3271 absolvere.

419 3305 577 3359 Item.
605 3303 816 3360 Fideles
841 3303 1040 3361 debent
1072 3321 1103 3362 a
1133 3305 1363 3376 propriis
1394 3305 1771 3362 sacerdotibus
1804 3311 2145 3361 sacramenta
2172 3301 2353 3374 perci-

349 3409 496 3469 pere,
531 3400 592 3446 ut
618 3393 671 3446 in
703 3392 959 3448 decretali
987 3393 1208 3448 inducta
1241 3395 1573 3465 praecipitur,
1603 3395 1696 3449 sed
1726 3399 2067 3450 sacramenta
2091 3387 2353 3445 Ecclesiae

350 3495 455 3536 non
477 3481 638 3536 debet
662 3481 974 3536 ministrare
1003 3482 1258 3536 sacerdos
1285 3481 1390 3551 nisi
1422 3482 1614 3552 dign03
1648 3497 1749 3535 non
1782 3489 1965 3535 autem
2005 3483 2183 3550 potest
2212 3477 2355 3533 scire

349 3571 589 3642 aliquem
619 3585 736 3626 esse
768 3571 1012 3640 dignum,
1047 3570 1147 3624 nisi
1175 3571 1291 3640 ejus
1325 3568 1715 3630 conscientiam
1758 3569 1969 3623 noverit
2004 3583 2101 3641 per
2134 3566 2358 3622 coufes-

346 3662 578 3716 sionem.
599 3659 739 3730 Ergo
779 3658 1093 3714 sacerdotes
1127 3657 1324 3713 debent
1364 3658 1555 3712 audire
1594 3655 1962 3712 confessiones
1986 3655 2352 3726 subditorum,

347 3757 403 3805 et
433 3751 512 3804 ita
543 3749 631 3804 alii
665 3765 770 3803 non
797 3754 1022 3820 possunt
1051 3763 1143 3802 eos
1168 3745 1471 3802 absolvere.

415 3839 574 3896 Item.
617 3840 675 3894 In
719 3836 964 3895 Ecclesia
1009 3852 1114 3894 non
1159 3835 1336 3894 solum
1382 3835 1605 3896 vitanda
1655 3843 1783 3894 sunt
1839 3835 2002 3908 mala,
2043 3837 2142 3896 sed
2193 3839 2359 3896 etiam
