2784 4392
571 285 705 332 xxv.
734 301 814 315 -
841 283 1084 330 cournA
1124 281 1343 328 meve.
1387 279 1491 328 Dm
1530 281 1705 329 cum.
1751 280 1829 330 er
1869 283 2074 331 meme.
2207 265 2327 326 233

309 418 615 476 pereamus.
643 405 818 475 Atque
840 401 1052 458 utinam
1077 399 1138 456 in
1165 413 1342 458 servos
1369 403 1423 456 et
1446 397 1681 470 famulae
1706 397 2073 464 venderemur,
2098 405 2325 470 essetque

317 491 593 550 tolerabile
620 492 901 558 malum,et
922 505 1131 562 pemeus
1153 496 1298 546 tacei
1299 505 1397 544 em
1429 487 1643 545 Dicitur
1668 487 1812 546 enim
1836 487 1981 544 Eccl.
2011 492 2213 556 1v,26:
2240 487 2321 546 Ne

315 581 552 654 accipias
572 579 768 652 {eciem
799 580 1054 636 adversus
1087 578 1282 654 faciem
1315 583 1485 644 tuam,
1510 593 1603 634 nec
1629 577 1882 634 adversus
1908 577 2146 637 animam
2174 583 2327 636 tuam

316 669 674 728 mendacium.

392 761 464 816 Ut
506 775 633 832 ergo
680 773 872 815 eorum
915 757 1350 814 detractionibus
1394 756 1707 826 resistatur,
1732 756 2016 814 sciendum
2057 764 2143 814 est
2178 757 2321 832 quod

319 851 424 922 ipsi
455 850 508 904 ivn
547 864 646 906 sua
683 847 1024 904 detractione
1060 845 1491 920 quadrupliciter
1531 846 1851 917 procedunt.
1883 847 1963 902 De
1999 845 2135 900 viris
2180 849 2325 903 enim

321 937 713 1012 spiritualibus
731 936 894 1006 mala,
921 936 968 992 si
1004 952 1110 1008 qua
1150 944 1276 992 sunt
1305 951 1457 1002 vera,
1484 935 1818 1002 extendunt,
1848 934 2013 991 dubia
2051 946 2321 1006 esserunt,

323 1028 459 1084 salsa
484 1026 818 1098 confingunt,
841 1025 980 1082 bona
1005 1030 1346 1098 pervertunt.
1372 1023 1687 1080 Extendunt
1712 1025 1985 1097 siquidem
2008 1025 2172 1095 mala,
2200 1043 2325 1100 qnae

322 1118 376 1172 in
407 1116 674 1188 religiosis
701 1115 930 1170 inveniri
959 1120 1202 1186 possunt,
1238 1113 1547 1186 tripliciter.

394 1206 592 1272 Prim0,
621 1209 886 1278 quantum
927 1201 998 1260 ad
1028 1199 1260 1274 tempuS,
1293 1202 1551 1260 videlicet
1592 1219 1657 1260 ea
1685 1219 1813 1277 quae
1847 1209 1976 1262 ante
2004 1206 2323 1266 conversio·

321 1309 446 1350 nem
469 1293 536 1348 ab
558 1293 640 1348 eis
666 1297 980 1364 perpetrata
1008 1291 1216 1346 suntin
1245 1307 1435 1347 eorum
1460 1292 1846 1350 contumeliam
1872 1301 2318 1354 commemorant.

321 1383 664 1456 Exponentes
693 1380 840 1436 enim
866 1379 970 1436 hoc
996 1379 1142 1454 quod
1171 1379 1373 1436 dicitur
1403 1381 1451 1436 11
1478 1382 1619 1436 Tim.
1653 1398 1719 1438 ιιι
1752 1399 1765 1436 z
1801 1383 1987 1441 Erunt
2012 1385 2245 1440 homines
2270 1404 2323 1442 se

321 1472 462 1544 ipsos
489 1477 744 1534 amantes,
761 1475 890 1534 etc„
913 1475 1104 1524 contra
1133 1469 1437 1540 religioSOS‚
1458 1469 1647 1526 dicunt
1674 1471 1731 1524 in
1754 1485 1945 1526 eorum
1972 1474 2323 1544 opprobrium

323 1560 427 1615 hoc
454 1560 522 1614 de
542 1559 619 1614 eis
642 1557 893 1628 intelligi,
917 1557 1047 1630 quia
1075 1573 1142 1612 ex
1175 1564 1324 1612 statu
1352 1557 1411 1611 in
1438 1571 1547 1629 quo
1576 1557 1884 1629 hujusmodi
1913 1561 2153 1629 peccatis
2175 1560 2321 1617 deti-

321 1649 607 1714 nebantur,
639 1647 707 1703 ad
736 1653 942 1702 statum
979 1644 1258 1714 religionis
1287 1645 1629 1717 perveniunt,
1658 1660 1824 1718 quam
1852 1645 1957 1717 ipsi
1985 1645 2323 1704 detractores

323 1746 530 1794 sectam
578 1734 982 1810 penetrantium
1021 1733 1212 1788 domos
1261 1731 1558 1804 appellant.
1608 1733 1715 1801 Sed
1768 1733 1823 1788 in
1875 1733 1979 1790 hoc
2032 1735 2321 1793 manifeste

324 1843 508 1883 errare
553 1825 970 1888 convincuntur,
1013 1822 1161 1895 quia,
1195 1827 1257 1876 ut
1281 1820 1417 1877 dicit
1458 1821 1755 1892 Gregorius
1801 1822 1856 1878 in
1894 1823 2071 1881 XVIII
2098 1825 2319 1892 Moe-al„

323 1933 486 1987 super
510 1913 640 1970 illud
667 1913 787 1969 Job.
811 1902 1002 1969 xx'vm
1029 1928 1040 1965 :
1067 1911 1308 1968 Ferrum
1332 1910 1394 1966 de
1424 1917 1577 1966 terra
1614 1912 1845 1970 tollitur.
1885 1934 1911 1966 α
1936 1915 2087 1970 Tunc
2115 1907 2315 1973 serrum

324 2004 555 2060 deterre
578 2002 804 2069 tollitur,
827 2001 956 2057 dum
976 2001 1134 2057 fortis
1158 2005 1529 2074 propugnator
1554 2000 1813 2059 Ecclesiae
1835 2017 1869 2059 a
1894 2011 2129 2072 terrena,
2156 2023 2320 2079 quam

325 2095 474 2166 prius
495 2094 688 2156 tenuit,
718 2091 932 2146 actione
951 2095 1258 2162 separatur.
1278 2091 1400 2146 Non
1428 2105 1559 2161 ergo
1586 2088 1750 2146 debet
1772 2089 1827 2147 in
1856 2107 1921 2147 eo
1950 2092 2153 2166 despici
2176 2097 2319 2168 quod

325 2183 446 2250 fuit,
479 2182 606 2254 quia
641 2181 758 2250 jam
787 2177 952 2250 coepit
995 2193 1114 2232 esse
1151 2178 1297 2249 quod
1339 2193 1447 2234 non
1478 2179 1605 2234 fuit.
1640 2197 1665 2230 u
1697 2178 1766 2236 Et
1804 2181 2098 2250 Apostolus
2135 2184 2159 2240 1
2194 2186 2316 2241 Cor.
2359 2177 2363 2180 ’

325 2288 403 2337 vr,
436 2272 523 2333 ll,
558 2274 680 2339 post
716 2265 1010 2320 multorum
1035 2265 1497 2322 enumerationem
1526 2272 1875 2338 peccatorum
1900 2269 2177 2342 subjungit
2204 2289 2222 2329 ε
2248 2276 2321 2332 Et

325 2361 416 2414 hoc
444 2353 728 2427 aliquando
757 2352 962 2425 quidem
991 2352 1194 2424 fuistis,
1219 2353 1310 2412 sed
1337 2353 1508 2410 abluti
1536 2355 1679 2421 esne,
1704 2355 1792 2411 sed
1828 2359 2151 2429 sanctificati
2174 2363 2316 2428 esti«,

323 2449 414 2504 sed
431 2442 719 2520 Justificnti
741 2442 884 2508 estis,
911 2448 1017 2498 etc.
1041 2441 1321 2512 Expositio
1341 2442 1508 2498 etiam
1531 2457 1721 2499 eorum
1745 2453 1936 2500 contra
1965 2447 2319 2506 intentionem
2350 2449 2353 2452 ’

327 2533 570 2608 Apostoli
615 2537 718 2588 est.
764 2530 885 2586 Non
933 2528 1082 2584 enim
1130 2527 1250 2585 vult
1309 2528 1457 2602 quod
1502 2529 1653 2602 prius
1700 2529 1902 2586 luerint
1947 2533 2085 2588 tales
2134 2536 2323 2606 quales

327 2625 558 2690 dixerat,
597 2628 650 2676 et
684 2624 874 2692 postea
918 2624 1294 2690 penetratores
1337 2616 1622 2674 domorum
1667 2617 2006 2688 efficiatum
2056 2623 2152 2678 sed
2192 2627 2321 2696 quia

327 2712 486 2771 simul
515 2709 648 2766 dum
669 2707 858 2764 domos
881 2711 1188 2779 penetrant,
1221 2713 1350 2762 sunt
1375 2703 1445 2762 de
1481 2721 1707 2764 numero
1734 2711 1923 2768 eorum
1950 2720 2316 2822 peccatorum,

329 2818 466 2878 quos
491 2801 642 2874 prius
665 2801 1100 2855 enumeraverat.

398 2889 645 2948 Secundo
674 2885 974 2942 extendunt
1003 2881 1186 2957 quoad
1225 2889 1503 2957 personae,
1537 2891 1597 2942 ut
1634 2885 1889 2946 videlicet
1917 2892 2062 2964 quod
2105 2893 2175 2950 ab
2217 2911 2323 2953 uno

331 2982 415 3038 vel
443 2978 654 3036 duobus
681 2975 909 3048 geritur,
943 2974 1041 3029 toti
1067 2972 1315 3044 religioni
1342 2972 1623 3045 imponere
1646 2987 1995 3047 praesumant,
2028 2982 2171 3039 sicut
2200 3001 2325 3040 cum

330 3069 538 3135 dicunt,
566 3065 713 3139 quod
741 3079 848 3119 non
873 3069 999 3118 sunt
1026 3061 1164 3117 cibis
1193 3061 1297 3116 sibi
1326 3062 1591 3134 appositis
1614 3066 1877 3135 contenti,
1906 3065 2139 3125 lautiora
2170 3089 2327 3142 quae-

332 3166 516 3215 rentes
538 3160 593 3210 et
623 3152 793 3210 multa
827 3149 1156 3223 hujusmodi,
1191 3165 1316 3219 quae
1353 3150 1521 3206 etiam
1548 3151 1595 3206 si
1626 3150 1695 3206 ab
1730 3151 2003 3224 aliquibus
2034 3157 2327 3230 aliquando

333 3248 488 3317 fiant,
515 3243 753 3297 nullatus
776 3247 904 3295 sunt
931 3237 1085 3294 totali
1104 3237 1330 3309 collegio
1355 3237 1702 3310 imponenda.
1724 3240 1879 3296 Unde
1908 3242 2041 3298 dicit
2062 3249 2331 3318 Augusti-

335 3347 438 3388 nus
461 3330 534 3385 ad
561 3328 894 3387 Vincentium
921 3326 1274 3392 Donatistam,
1306 3334 1361 3382 et
1390 3326 1623 3382 habetur
1646 3327 1853 3397 XXIII,
1886 3339 2081 3402 quaest.
2110 3336 2162 3402 7,
2198 3336 2332 3400 Qni-

335 3431 597 3489 cumque:
637 3437 664 3468 α
710 3405 966 3488 Quisquis
1012 3430 1100 3470 res
1141 3431 1459 3487 pauperum,
1494 3432 1632 3488 quas
1678 3416 1779 3471 sub
1822 3419 2038 3475 nomine
2074 3422 2334 3480 Ecclesiae

337 3505 626 3574 tenebatis,
659 3518 764 3558 non
798 3519 894 3572 per
933 3503 1226 3572 justitiam,
1258 3503 1354 3558 sed
1399 3519 1493 3574 per
1531 3503 1820 3560 avaritiam
1870 3511 2039 3576 tenet,
2084 3510 2334 3584 displicet

337 3596 512 3656 nobis.
545 3591 650 3650 Sed
691 3605 794 3647 nec
819 3587 981 3644 facile
1007 3590 1115 3645 ista
1155 3591 1495 3646 monstratis.
1520 3591 1819 3650 Nonnullos
1853 3593 2167 3668 toleramuS,
2200 3616 2337 3673 quos

339 3685 610 3755 corrigere
638 3679 722 3737 vel
767 3676 959 3752 punire
987 3693 1094 3733 non
1133 3692 1441 3750 possumus,
1468 3695 1645 3752 neque
1678 3687 1901 3754 propter
1924 3683 2135 3755 paleam
2168 3688 2338 3745 relin-

339 3775 560 3849 quimus
599 3785 786 3828 aream
822 3767 1059 3834 Domini,
1101 3782 1278 3839 neque
1325 3773 1547 3840 propter
1592 3768 1771 3840 pisces
1810 3772 1983 3830 malos
2036 3778 2339 3850 rumpimus

339 3862 480 3922 retia
499 3858 736 3928 Domini,
759 3863 870 3914 etc.
897 3874 924 3909 r>
944 3856 1066 3912 Non
1086 3870 1214 3928 ergo
1240 3862 1460 3927 propter
1488 3856 1593 3915 hoc
1610 3857 1983 3920 infamandum
2008 3872 2093 3922 est
2116 3866 2329 3939 religio·
