2784 4392
0 4042 22 4112 'k

849 296 962 352 XV.
991 318 1072 338 -·-
1096 302 1176 353 DE
1217 301 1523 356 amima
1564 301 1902 360 Pammenia
2259 285 2379 366 2155

368 400 370 402 ’
429 417 513 469 ste
537 420 758 490 propter
773 414 938 478 finem
961 423 1196 495 operari.
1223 423 1502 500 Contingit
1529 393 1715 507 alitem
1734 427 2101 495 diversimode
2126 430 2379 494 homines

405 501 444 556 ’d
482 501 644 562 finem
686 507 954 566 intentum
983 512 1298 584 procedere,
1328 515 1476 590 quod
1516 516 1637 590 ipsa
1678 520 1969 580 diversitas
2010 523 2374 584 humanorum

405 591 680 650 tudiorum
703 605 761 652 et
797 601 1075 662 actionum
1113 603 1375 662 declarat.
1421 597 1632 679 Indiget
1656 609 1821 682 igitur
1844 610 2009 670 homo
2028 612 2211 687 aliquo
2234 615 2376 696 diri-

411 689 535 739 ente
553 682 623 740 ad
645 679 950 768 finemsfflst
969 696 1152 748 autem
1177 693 1477 768 unicuique·
1494 696 1773 756 hominum
1800 702 2124 762 naturaliter
2146 702 2373 762 insitum

169 808 194 837 ,.
287 809 306 813 ,
402 769 600 830 ationis
645 773 850 848 lumen,
881 795 990 852 quo
1033 779 1090 837 in
1131 779 1246 838 suis
1287 785 1503 842 actibus
1544 787 1813 860 dirigatur
1868 791 2163 854 adfinem.
2208 789 2277 850 Et
2323 795 2371 852 si

411 857 594 918 uidem
621 863 828 922 homini
867 870 1182 927 conveniret
1229 871 1579 946 singul-ariter
1606 877 1811 946 vivere,
1854 879 1999 937 sicut
2024 882 2213 939 multis
2244 884 2371 940 ani-

427 951 619 1019 anum,
657 954 808 1013 nullo·
845 955 957 1017 alio
997 957 1268 1032 dirigente
1313 962 1587 1036 indigeret
1619 966 1689 1023 ad
1740 968 1925 1038 finem,
1966 969 2063 1028 sed
2104 971 2220 1044 ipse
2261 970 2369 1030 sibi

362 1058 416 1097 u1
443 1041 744 1116 usquisque
789 1053 938 1102 esset
975 1063 1086 1121 rex.
1107 1049 1209 1104 sub
1254 1052 1370 1107 Deo
1406 1068 1619 1111 summo
1664 1071 1815 1128 rege,
1858 1058 1916 1112 in
1957 1069 2225 1132 quantum
2266 1079 2388 1136 pen

363 1131 416 1186 lu
441 1196 450 1214 ἱ
485 1143 552 1186 en
577 1131 804 1189 rationis
831 1135 1092 1192 divinitus
1121 1138 1311 1195 datum
1333 1140 1459 1208 sibi,
1486 1143 1539 1197 in
1570 1143 1685 1199 suis
1704 1143 1919 1198 actibus
1942 1159 2001 1198 se
2022 1148 2203 1214 ipsum
2228 1136 2370 1196 diri-

2421 577 2561 934 ἴ,

364 1223 546 1298 genet.
573 1221 834 1279 Naturale
871 1232 1056 1282 autem
1083 1233 1168 1282 est
1197 1227 1403 1284 homini
1428 1236 1489 1285 ut
1519 1231 1830 1288 sit-animal
1858 1231 2061 1286 sociale
2098 1236 2155 1286 et
2176 1228 2369 1302 politi-
2444 1276 2451 1284 .

366 1301 514 1373 cum,
545 1306 601 1362 in
645 1308 996 1373 multitudine
1020 1314 1230 1382 vivens,
1259 1317 1435 1387 magis
1482 1317 1651 1372 etiam
1695 1333 1865 1390 quam
1891 1315 2073 1373 omnia
2107 1315 2215 1374 alia
2240 1317 2367 1372 ani-

368 1397 554 1464 malia,
602 1399 748 1470 quod
793 1401 1014 1473 quidem
1065 1403 1330 1459 naturalis
1372 1407 1671 1460 necessitas
1717 1404 1982 1460 declarat.
2023 1403 2163 1460 Aliis
2219 1395 2386 1461 enim'

370 1485 694 1542 animalibus
722 1496 920 1545 natura
956 1491 1284 1562 praeparavit
1307 1491 1510 1568 cibum,
1542 1497 1858 1562 tegumenta
1885 1491 2141 1563 pilorum,
2172 1485 2367 1548 defen-'-

369 1577 598 1644 sionem,
641 1584 702 1633 ut
748 1577 960 1646 dentes,
1003 1567 1228 1645 cornua,
1261 1595 1489 1650 unguen,
1536 1579 1619 1635 vel
1664 1579 1861 1635 saltem
1902 1578 2251 1634 velocitatem
2295 1580 2367 1637 ad

288 1730 300 1737 ,
369 1665 574 1737 fugam.
615 1665 790 1724 Homo
833 1672 1020 1724 autem
1063 1667 1353 1724 institutus
1393 1674 1475 1723 est
1508 1667 1655 1723 nullo
1702 1667 1898 1724 horum
1938 1666 2044 1723 sibi
2091 1683 2125 1723 a
2167 1673 2367 1724 natura

367 1763 696 1827 praeparat0‚
722 1755 818 1812 sed
843 1755 974 1828 ‚loco
999 1757 1242 1823 omnium
1270 1755 1401 1812 data
1427 1762 1508 1812 est
1532 1757 1581 1812 ei
1608 1755 1767 1824 ratic,
1800 1773 1897 1828 per
1924 1769 2092 1829 quam
2118 1755 2221 1812 sibi
2245 1755 2365 1814 haec
2440 1743 2453 1768 ⁸·

367 1845 552 1900 omnia
587 1845 766 1902 officio
790 1861 1052 1903 manuum
1091 1851 1274 1918 posset
1301 1861 1629 1918 praeparare,
1662 1845 1733 1902 ad
1770 1860 1897 1919 quae
1934 1843 2115 1901 omnia
2146 1859 2369 1918 praepa-

369 1934 706 2003 randaunus
730 1933 892 1992 home
919 1951 1024 1990 non
1053 1933 1274 1990 sufficit.
1305 1935 1445 1991 Nam
1462 1950 1612 2010 ,unus
1638 1934 1799 1990 homo
1822 1950 1919 2006 per
1948 1949 2007 1990 se
2030 1933 2367 1990 sufficienter

367 2023 538 2078 vitam
566 2023 868 2094 transigere
906 2039 1012 2078 non
1037 2032 1244 2096 posset.
1268 2023 1365 2080 Est
1389 2023 1559 2094 igitur
1582 2022 1793 2078 homini
1831 2021 2103 2086 naturale,
2132 2021 2280 2096 quod
2306 2023 2461 2104 5¹¹..ae

366 2112 630 2168 societate
658 2112 954 2167 multorum
981 2112 1152 2168 vivat.
1181 2111 1430 2183 Amplius
1462 2111 1586 2168 aliis
1612 2111 1937 2168 animalibus
1962 2112 2126 2168 insita
2150 2119 2234 2168 est
2262 2103 2489 2168 ria-’'¹'‘

367 2199 562 2260 turalis
590 2199 858 2255 industria
887 2200 954 2254 ad
981 2200 1160 2255 omnia
1191 2215 1254 2256 ea
1281 2215 1407 2272 quae
1426 2206 1553 2256 sunt
1577 2201 1659 2254 eis
1687 2199 1841 2256 utilia
1864 2191 1949 2254 ve'l
1979 2199 2197 2266 nociva,
2222 2199 2369 2255 sicut

367 2287 484 2342 ovis
505 2285 826 2342 naturaliter
840 2287 1082 2342 aestimat
1099 2285 1284 2358 lupum
1309 2285 1611 2342 inimicum.
1629 2285 1889 2356 Quaedam
1919 2287 2087 2344 etiam
2109 2284 2366 2342 animalia

367 2389 435 2430 ex
473 2373 711 2430 naturali
753 2372 1024 2428 industria
1051 2377 1386 2444 cognoscunt
1438 2372 1651 2444 aliquas
1690 2373 1887 2428 herbas
1930 2371 2285 2435 medicinales
2304 2377 2365 2426 et

368 2464 473 2520 alia
501 2449 690 2518 eorum
718 2463 851 2518 vitae
890 2462 1220 2518 necessaria.
1250 2461 1427 2518 Homo
1472 2467 1661 2516 autem
1706 2461 1901 2516 horum
1940 2463 2067 2534 quae
2097 2467 2224 2514 sunt
2246 2475 2363 2516 suae

368 2555 496 2609 vilae
520 2553 852 2616 necessaria,
873 2551 1176 2606 naturalem
1195 2551 1563 2622 cognitionem
1587 2549 1751 2604 habet
1776 2549 1952 2604 solum
1982 2549 2035 2604 in
2064 2547 2361 2616 communi,

369 2643 522 2714 quasi
551 2657 614 2698 eo
638 2657 730 2714 per
761 2641 1028 2697 rationem
1051 2639 1270 2696 valente
1288 2655 1356 2694 ex
1371 2629 1775 2695 uniuersalibus
1797 2637 2081 2710 principiis
2098 2637 2166 2692 ad
2188 2637 2367 2710 cogni-

371 2732 569 2788 tionem
599 2729 932 2802 singulorum
961 2743 1088 2801 quae
1115 2729 1423 2785 necessaria
1460 2736 1587 2784 sunt
1608 2727 1861 2782 humanae
1890 2726 2019 2782 vitae
2058 2727 2367 2796 pervenire.

366 2823 488 2877 Non
529 2826 614 2876 est
639 2827 822 2876 autem
863 2818 1120 2892 possibile
1163 2819 1310 2892 quod
1346 2834 1487 2874 unus
1526 2818 1688 2874 homo
1730 2817 1799 2874 ad
1838 2815 2019 2872 omnia
2056 2813 2369 2884 hujusmom

368 2925 464 2982 per
509 2923 668 2964 suam
711 2908 980 2966 rationem
1026 2908 1328 2980 pertingat.⁴
1362 2907 1460 2962 Est
1512 2906 1679 2978 igitur
1724 2902 2092 2960 necessarium
2134 2897 2371 2960 homini*

370 2999 517 3070 quod
543 2999 598 3053 in
642 2992 990 3053 multitudino
1022 2997 1190 3063 vivat,
1223 3003 1284 3051 ut
1327 3011 1467 3050 unus
1494 2995 1563 3051 ab
1592 2995 1699 3050 alio
1728 2994 2037 3064 adjuvetur,
2060 2993 2114 3044 et
2161 2983 2365 3042 diversi

372 3088 603 3144 diversis
645 3087 988 3143 inveniendis
1027 3101 1122 3156 per
1165 3085 1434 3140 rationem
1472 3087 1887 3154 occuparentur,
1924 3083 2077 3151 puta,-
2130 3089 2265 3128 unus
2310 3073 2369 3126 in

372 3177 660 3244 medicina,
705 3176 844 3232 alius
881 3175 940 3229 in
981 3173 1104 3239 hoc,
1148 3171 1286 3231 alius
1325 3172 1382 3226 in
1424 3169 1550 3226 alio.
1588 3169 1705 3223 Hoc
1746 3167 1915 3222 etiam
1960 3162 2369 3218 evidentissime
2403 3171 2431 3200 ι’

371 3264 680 3321 declaratur
709 3280 806 3337 per
832 3263 934 3318 hoc
979 3261 1126 3334 quod
1151 3266 1235 3317 est
1265 3259 1546 3332 proprium
1573 3255 1808 3312 hominis
1834 3253 2105 3310 locutione
2138 3250 2241 3317 uti,
2270 3261 2370 3320 per

371 3369 535 3428 quam
559 3368 696 3408 unus
719 3353 880 3408 homo
905 3352 1028 3408 aliis
1045 3367 1204 3407 suum
1228 3339 1555 3421 conceptum
1584 3345 1825 3402 totaliter
1846 3348 2024 3417 potest
2040 3339 2371 3428 exprnnere.

370 3443 492 3500 Alia
521 3441 744 3514 quidem
771 3439 1026 3514 animalia
1073 3441 1386 3513 exprimunt
1426 3445 1615 3494 mutuo
1651 3434 1931 3509 passiones
1969 3445 2099 3486 suas
2133 3429 2189 3483 in
2212 3441 2371 3484 com-

371 3533 540 3598 muni‚
568 3538 629 3586 ut
672 3531 826 3586 canis
865 3529 918 3585 in
960 3530 1161 3584 latratu
1205 3529 1364 3594 iram,
1398 3534 1458 3582 et
1496 3525 1603 3582 alia
1651 3521 1907 3580 animalia
1933 3521 2211 3592 passiones
2240 3529 2373 3573 suas

370 3619 600 3678 diversis
645 3617 838 3675 modis,
883 3619 1054 3688 Magis
1114 3617 1280 3688 igitur
1320 3615 1484 3672 homo
1534 3619 1621 3668 est
1664 3609 2155 3666 communicativus
2209 3601 2372 3660 alteri.
2457 3619 2461 3622 ⁴

371 3725 535 3784 quam
565 3706 950 3781 quodcumque
985 3703 1131 3761 aliud
1162 3702 1384 3770 animal,
1416 3701 1562 3776 quod
1604 3697 1821 3772 gregale
1848 3697 2083 3766 videtur,
2125 3701 2187 3752 ut
2214 3709 2369 3766 grus,

374 3799 596 3854 formica
627 3799 681 3852 ct
712 3795 850 3868 apia.
897 3779 1172 3867 Hoc'ergo
1210 3792 1581 3848 considerans
1604 3789 1855 3847 Salomon
1903 3786 1957 3840 in
1984 3783 2192 3842 Eccles.
2222 3798 2304 3851 iv,
2330 3785 2370 3841 9

378 3888 458 3946 ait
487 3904 499 3942 :
531 3885 724 3947 Melius
760 3893 836 3943 est
869 3901 972 3942 esse
998 3883 1126 3942 duos
1149 3897 1305 3957 quam
1340 3896 1527 3938 uuum.
1556 3879 1767 3939 Habent
1801 3876 1941 3934 eni-m
1968 3873 2369 3932 emolumentum

418 4081 459 4102 Ψ
475 4109 480 4116 G
883 4095 890 4102 .
931 4092 940 4098 ι
984 4089 1009 4098 0
1086 4092 1088 4094 v
1128 4087 1139 4094 ‘
1656 4093 1763 4106 w-
1774 4077 1819 4100 2...-

142 4130 153 4196 Ι
1218 4127 1230 4139 1

148 4267 163 4309 A*
303 4273 322 4294 ο

2392 3691 2522 3731 (-”
