2784 4392
614 317 748 362 nv.
772 331 854 347 -
880 318 1121 364 comm
1160 320 1374 364 mune.
1421 321 1525 366 mu
1563 321 1741 366 cum.
1781 319 1862 366 m·
1899 321 2116 367 nume.
2240 301 2391 388 235-

358 430 464 498 dis,
482 429 555 487 de
578 432 779 506 quibus
804 433 971 490 etiam
988 434 1241 505 judicare
1262 440 1621 507 praesumunt.
1641 436 1722 490 De
1744 434 1942 492 futuris
1965 435 2207 508 quidem,
2234 448 2362 491 curn

357 520 569 590 dicunt,
596 522 743 593 quod
773 532 935 579 erunt
964 523 1200 579 finaliter
1221 523 1276 579 in
1306 524 1548 582 moribus
1574 523 1808 595 reprobi,
1835 531 1892 579 et
1923 523 2144 580 tandem
2173 525 2228 579 in
2255 523 2360 578 fide

356 615 519 664 erunt
560 610 825 681 corrupti.
871 611 951 666 De
991 611 1220 668 occultis
1276 627 1406 668 vero
1454 613 1737 678 cordium,
1787 626 1912 667 cum
1955 612 2164 678 dicuni,
2213 611 2360 685 quod

356 703 612 768 quaerunt
652 697 895 754 favorem
942 700 1149 765 mundi,
1200 700 1347 773 quod
1379 707 1637 772 quaerunt.
1676 715 1831 756 suam
1873 698 2104 771 gloriam
2157 706 2212 755 et
2255 715 2361 754 non

356 787 577 853 Christi,
600 793 659 842 et
680 787 853 842 multa
876 786 1205 858 hujusmodi,
1234 788 1291 844 in
1314 789 1514 860 quibus
1539 788 1828 844 manifeste
1851 788 2124 844 temerarii
2146 787 2362 859 judices

356 877 773 942 convincuntur,
816 884 877 930 ut
919 883 1072 945 patet
1111 891 1203 947 per
1245 875 1349 931 hoc
1392 876 1541 949 quod
1595 875 1823 932 habetur
1865 877 2022 932 Rom.
2069 892 2190 942 xxv,
2235 877 2304 930 ⁴3
2343 891 2357 906 ·

354 965 482 1022 Non
518 981 641 1037 erqo
670 956 901 1036 amplius
934 965 1156 1022 invicem
1176 965 1476 1037 ,iudicemus
1493 982 1513 1033 ‚·
1540 965 1630 1022 ubi
1653 965 1791 1021 dicit
1829 965 2024 1021 Glossa
2058 981 2071 1019 ε
2107 987 2132 1017 α
2172 965 2230 1020 ln
2272 963 2358 1019 his

356 1052 567 1108 duobus
588 1054 934 1109 temerarium
954 1054 1245 1124 judicium,
1264 1054 1474 1110 scilicet
1487 1069 1612 1110 cum
1639 1055 1908 1110 incertum
1931 1059 2016 1109 est
2041 1069 2148 1126 quo
2176 1053 2359 1108 animo

356 1142 491 1214 quid
510 1141 716 1198 sactum
736 1144 829 1207 sit,
858 1143 943 1197 vel
968 1158 1091 1199 cum
1114 1144 1383 1200 incertum
1413 1153 1496 1200 est
1525 1143 1705 1216 qualis
1738 1142 1952 1198 futurus
1979 1143 2053 1198 sit
2081 1143 2175 1214 qui
2218 1157 2360 1198 nunc

358 1230 531 1286 bonus
552 1231 638 1285 vel
664 1231 841 1287 malus
862 1231 1145 1286 manifeste
1172 1237 1419 1304 apparet.
1453 1251 1480 1284 n
1507 1231 1602 1288 Vel
1633 1231 1904 1304 superbia,
1937 1230 2022 1288 vel
2055 1230 2356 1287 invidentia

355 1324 438 1372 est
462 1318 531 1373 de
557 1318 642 1374 his
664 1319 931 1389 judicare,
960 1320 1105 1394 quod
1146 1320 1380 1376 maxime
1419 1319 1645 1385 faciunt,
1675 1319 1769 1391 qui
1798 1319 1974 1391 magis
2008 1327 2195 1376 amant
2235 1319 2353 1377 cla·.

354 1422 507 1462 mare
538 1415 594 1462 et
634 1408 965 1479 vituperare,
998 1424 1165 1480 quam
1192 1410 1466 1479 cor-rigere
1505 1414 1561 1463 et
1589 1407 1900 1464 emendare.
1946 1409 2006 1462 ln
2030 1407 2150 1464 *hoc
2189 1407 2356 1462 etiam

356 1492 459 1547 sibi
488 1494 634 1565 quod
662 1494 830 1549 solius
860 1494 958 1549 Dei
987 1503 1090 1561 est,
1121 1501 1404 1566 usurpant,
1431 1494 1642 1550 scilicet
1667 1495 1806 1549 scire
1829 1494 2032 1558 sutura,
2065 1503 2120 1550 et
2145 1503 2356 1550 secreta

357 1581 622 1637 cordium.
652 1583 1037 1638 Undc.dicitur
1063 1583 1169 1637 lsa.
1199 1598 1315 1647 xm,
1346 1587 1413 1640 23
1449 1600 1462 1636 ι
1490 1581 1830 1637 Annuntiate
1846 1598 1961 1652 quoe
1980 1588 2210 1637 ventura
2227 1589 2350 1637 sunt

357 1669 415 1722 in
454 1669 724 1739 futurum,
750 1675 798 1724 et
834 1669 1055 1724 sciemus
1095 1669 1221 1740 quia
1269 1670 1367 1724 Dii
1399 1670 1523 1725 estis
1559 1685 1666 1723 vos.
1704 1669 1773 1723 Et.
1803 1669 2041 1723 Hierem.
2093 1684 2236 1734 xvn,
2270 1674 2300 1724 9
2340 1687 2352 1723 ε

354 1757 595 1812 Pravum
628 1765 704 1813 est
732 1772 823 1811 cor
845 1756 1088 1824 hominis,
1118 1764 1165 1812 ei
1197 1757 1560 1814 incrustabile.
1589 1756 1708 1827 quis
1737 1763 1998 1828 coquoscet
2035 1755 2210 1812 illud?
2238 1757 2353 1830 Eyo

357 1845 635 1900 Dominus.
677 1852 785 1900 etc.
826 1865 851 1896 ›>
885 1845 1037 1909 Unde
1079 1846 1101 1901 1
1146 1846 1269 1901 Cor.
1320 1862 1395 1912 iv,
1430 1847 1463 1898 5
1510 1862 1523 1899 ε
1567 1845 1749 1902 Nolito
1794 1850 1918 1900 avite
1963 1851 2164 1916 tempus
2193 1845 2356 1917 judi-

356 1940 621 1999 cm·e,etc.
643 1934 839 1990 Glossa
868 1951 881 1988 ε
916 1954 941 1986 α
970 1933 1142 1990 Alit-er
1168 1935 1312 1990 enim
1338 1933 1535 2005 injuria
1557 1933 1666 1989 diei
1692 1933 1770 2002 lit,
1799 1933 1846 1990 si
1871 1941 1996 1989 ante
2019 1935 2356 2006 ,sententiam

356 2026 474 2094 ejus
503 2039 534 2079 a
562 2037 719 2078 servo
748 2023 1008 2094 procedat
1037 2023 1329 2091 sententia,
1362 2042 1389 2075 »
1419 2023 1564 2096 quod
1591 2022 2004 2095 intelligendum
2029 2028 2113 2078 est
2142 2021 2197 2078 in
2228 2022 2352 2091 illis,

359 2127 589 2184 quorum
615 2109 717 2165 sibi
748 2111 1008 2166 Dominus
1023 2111 1292 2182 judicium
1320 2111 1646 2174 reservavit.

1081 2287 1363 2356 CAPUT
1409 2241 1643 2356 XXII(

360 2419 590 2493 TertiO,
604 2417 772 2497 falsa
786 2395 1165 2497 confinqendo
1180 2444 1202 2479 .·
1217 2419 1378 2497 quod
1397 2419 1628 2481 scilicet
1647 2418 1922 2498 reliyiosi
1942 2424 2086 2482 sunt
2100 2420 2353 2498 pseudo-

658 2507 935 2586 apostoli,
958 2506 1486 2585 pseudoproplzetoe·
1511 2512 1567 2569 et
1582 2507 2044 2585 pseudochristi.

425 2640 545 2696 Jam
572 2645 739 2696 restat
762 2639 963 2704 videre,
994 2638 1266 2711 quomodo
1291 2637 1345 2693 in
1367 2637 1792 2694 diffamationem
1825 2637 2197 2708 religiosorum
2219 2637 2354 2695 salsa

358 2729 695 2799 confingunt.
741 2728 808 2782 Et
848 2727 1005 2800 quia,
1054 2735 1113 2782 ut
1153 2727 1408 2794 diximuS,
1461 2727 1526 2782 ad
1565 2726 1957 2783 conterendum
2001 2741 2094 2782 cor
2142 2742 2350 2797 eorum,

356 2825 419 2872 ut
441 2817 642 2872 dicitur
664 2817 768 2872 lsa.
802 2832 861 2883 x,
894 2833 1000 2871 non
1026 2824 1151 2871 sunt
1182 2815 1424 2872 contenti
1453 2815 1711 2889 quaelibet
1737 2815 1877 2872 mala
1903 2815 2229 2888 contingere,
2257 2814 2353 2872 sed

328 2905 680 2976 ,gravissima
718 2905 915 2976 quibus
944 2920 1037 2960 eos
1074 2913 1355 2976 suspectos
1384 2906 1648 2972 reddant3
1691 2909 1746 2959 et
1787 2903 2064 2962 hominum
2089 2902 2355 2960 societate

358 2993 609 3063 indignos
640 2998 696 3047 et
737 2992 987 3047 omnibus
1022 2994 1259 3060 odiOSOS,
1301 3002 1357 3048 et
1404 3000 1462 3048 ut
1501 3009 1594 3050 eos
1635 3007 1732 3048 sua
1774 2992 2113 3049 detractione
2144 2992 2354 3066 plenius

356 3082 682 3153 opprimant,
712 3082 793 3136 eis
822 3082 1105 3153 imponunt
1128 3081 1272 3137 mala
1305 3080 1399 3137 illa
1436 3097 1561 3154 quae
1585 3081 1638 3136 in
1668 3080 2174 3153 Ecclesiapessima
2197 3081 2355 3137 inve-

354 3171 460 3224 niri
492 3175 717 3240 possunt
748 3177 803 3224 et
853 3169 1311 3240 secundumejus
1340 3169 1575 3236 initium,
1605 3174 1665 3224 ut
1695 3170 1750 3223 in
1781 3168 2056 3240 primitiva
2084 3167 2349 3237 Ecclesia,

355 3265 410 3313 et
434 3259 731 3315 secundum
761 3259 877 3329 ejus
908 3273 1271 3329 progressum,
1300 3257 1444 3312 sicut
1467 3256 1766 3312 secundum
1796 3262 2010 3328 tempus
2035 3255 2178 3328 quod
2208 3271 2353 3313 nuuc

354 3347 553 3417 agitur,
582 3353 637 3400 et
683 3346 979 3401 secundum
1012 3348 1127 3416 ejus
1154 3345 1466 3412 terminum,
1497 3345 1639 3402 sicut
1683 3345 1788 3400 erit
1823 3343 2156 3416 temporibus
2193 3344 2352 3399 Anti·

352 3434 566 3490 christi.
610 3434 810 3488 Dicunt
846 3435 990 3489 enim
1027 3449 1120 3490 eos
1154 3451 1274 3490 esse
1311 3433 1814 3507 pseudoapostoloS,
1857 3433 1950 3506 qui
1984 3433 2037 3486 in
2075 3431 2351 3504 primitiva

351 3520 595 3577 Ecclesia
634 3521 1033 3592 vituperantur.
1063 3522 1265 3577 Dicunt
1294 3538 1389 3578 eos
1428 3538 1547 3577 esse
1578 3522 1742 3586 sures,
1783 3525 1840 3576 et
1869 3520 2124 3583 latroneS,
2159 3529 2213 3577 et
2252 3538 2352 3592 pe-

351 3617 660 3666 netratores
705 3608 1007 3672 domorum,
1049 3609 1239 3682 quales
1294 3627 1389 3683 per
1439 3616 1612 3666 totum
1656 3616 1869 3683 tempus
1922 3608 2181 3666 Ecclesiae
2223 3617 2352 3666 sunt

350 3699 601 3756 cavendi.
627 3698 827 3753 Dicunt
861 3713 953 3753 eos
987 3696 1205 3752 nuntios
1241 3699 1563 3754 Antichristi
1601 3697 2017 3754 novissimorum
2046 3704 2352 3771 temporum

352 3789 593 3862 pericula
633 3795 1003 3859 procurantes,
1035 3785 1224 3858 quales
1265 3787 1319 3842 in
1363 3787 1508 3842 finali
1549 3785 1793 3845 Ecclesia
1841 3794 1970 3845 sunt
2015 3787 2281 3857 timendi,·
2317 3804 2354 3847 a

351 3877 548 3950 quibus
574 3876 749 3934 tribus
775 3891 869 3933 eos
890 3891 987 3948 per
1010 3875 1255 3932 ordinem
1280 3874 1654 3960 defendamus.
