2784 4392
495 328 629 386 mir.
659 350 742 371 -
765 334 1006 387 comm
1043 332 1260 386 meua.
1305 330 1409 385 nm
1448 330 1625 386 cum.
1669 330 1750 385 m*
1784 333 1995 385 anne.
2137 288 2257 405 147

238 447 328 511 ria
371 460 668 529 paupertas
701 460 926 532 propter
973 450 1252 517 Christum
1297 461 1557 531 suscepta
1596 472 1631 516 a
1667 452 1850 516 medio
1890 448 2116 519 virtutis
2142 466 2253 532 non

239 543 500 601 discedit.

311 634 399 691 Ad
424 634 772 693 undecimum
801 631 1114 707 dicendum,
1135 634 1283 713 quod
1309 632 1439 697 iicet
1467 632 1559 696 ille
1586 634 1679 713 qui
1710 634 1806 697 dat
1832 629 2012 696 omnia
2032 640 2254 711 propter
2318 662 2325 669 ·

242 718 520 779 Christum
547 722 836 783 subtrahat
865 724 969 782 sibi
1013 723 1238 800 aliquod
1267 722 1531 785 auxilium
1560 728 1709 797 vitae,
1737 742 1845 783 non
1876 732 2059 784 tamen
2090 740 2254 782 omne

242 809 374 882 quia
399 804 578 867 adhuc
609 819 857 869 remanet
881 814 933 870 ei
978 813 1240 871 auxilium
1284 810 1489 873 divinae
1532 811 1910 889 providentiae,
1938 830 2064 887 quae
2102 812 2151 870 ei
2200 812 2254 868 in

243 898 568 957 necessariis
609 917 715 958 non
753 900 952 973 deerit,
979 910 1035 959 et
1073 902 1316 961 fidelium
1359 904 1601 961 devotio·
1642 900 1800 961 Unde
1834 904 2171 975 Augustinus
2199 899 2257 957 in

243 986 340 1043 lib.
365 985 441 1045 De
467 988 645 1047 eleem.
679 990 954 1048 invehitur
983 999 1174 1049 contra
1209 992 1339 1051 talia
1365 992 1706 1067 objicientes,
1734 990 1817 1049 sic
1850 989 2041 1049 dicens
2069 1010 2083 1048 ε
2113 1012 2139 1045 «
2170 990 2255 1047 Tu

242 1076 562 1147 christiano,
591 1084 650 1135 tu
677 1080 777 1136 Dei
804 1096 983 1149 servo,
1013 1088 1072 1138 tu
1102 1081 1259 1139 bonis
1289 1082 1545 1155 operibus
1570 1080 1777 1149 dedito,
1810 1088 1881 1138 tu.
1900 1078 2131 1138 Domino
2154 1096 2259 1138 suo

243 1180 372 1223 caro
409 1165 616 1267 aliquid
655 1168 936 1227 existimas
972 1164 1333 1227 defuturum?
1364 1174 1446 1227 An
1478 1180 1641 1245 putas
1677 1170 1772 1245 qui
1818 1166 2092 1228 Christum
2123 1186 2253 1244 pas-

243 1255 339 1323 cit,
369 1272 399 1311 a
429 1256 644 1313 Christo
674 1252 791 1331 ipse
820 1274 928 1315 non
954 1261 1197 1333 pascitur
1217 1258 1246 1315 ‘t
1283 1262 1366 1316 An
1397 1268 1574 1333 putas·
1597 1266 1815 1317 terrena
1844 1256 2094 1325 deerunt,
2124 1256 2253 1331 qui-

242 1346 346 1401 bus
371 1344 441 1401 de
463 1346 710 1404 coelestia
731 1352 789 1403 et
806 1347 994 1405 divina
1018 1344 1332 1405 tribuuntur
1349 1348 1378 1404 ⁶?
1407 1344 1565 1406 Unde
1593 1343 1715 1405 haec
1744 1343 2025 1405 incredula
2056 1344 2254 1419 cogita·

245 1434 346 1504 tio,
385 1430 528 1489 unde
560 1432 727 1509 impia
760 1444 816 1494 et
851 1436 1130 1512 sacrilega?
1157 1434 1266 1495 ista
1295 1434 1627 1495 meditatio?
1654 1433 1795 1507 Quid
1840 1434 1972 1493 facit
2001 1432 2057 1491 in
2090 1434 2254 1491 domo

243 1520 344 1578 Dei
371 1520 637 1595 perfidum
661 1520 899 1597 pectus?
919 1525 1060 1596 Quid
1086 1525 1182 1599 qui
1210 1520 1427 1583 Christo
1454 1526 1675 1583 omnino
1704 1541 1813 1582 non
1836 1524 2031 1592 credit,
2060 1524 2255 1597 appel-

246 1610 392 1667 latur
414 1618 471 1668 et
485 1611 686 1670 dicitur
713 1610 1095 1672 Christianus?
1123 1614 1381 1673 Pharisaei
1412 1612 1515 1671 sibi
1546 1611 1723 1685 magis
1742 1612 1993 1685 congruit
2020 1624 2252 1681 nomen}

245 1716 374 1757 nam
401 1716 526 1757 cum
555 1703 610 1757 iu
645 1698 947 1777 Evangelio
983 1700 1052 1760 de
1082 1702 1444 1778 eleemosynis
1466 1700 1731 1760 Dominus
1754 1702 2081 1775 disputaret,
2112 1707 2165 1758 et
2194 1707 2255 1757 ut

245 1789 404 1847 nobis
427 1790 632 1849 amicos
655 1792 723 1849 de
749 1792 983 1869 terrenis
1011 1791 1178 1849 lucris
1201 1792 1512 1857 faceremus,
1531 1802 1796 1859 moneret,
1825 1790 2038 1848 addidit
2061 1787 2253 1863 Scrip-

247 1885 390 1948 tura,
433 1874 620 1937 dicens
651 1878 1006 1939 :Audiebaut
1041 1882 1162 1941 haec
1197 1876 1380 1939 omnia
1408 1880 1668 1940 Pharisaei
1698 1882 1974 1955 quierant
2012 1878 2255 1945 avariet

245 1964 570 2025 deridebant
593 1986 740 2039 eum,
785 1970 976 2045 quales
1017 1972 1073 2027 ln
1118 1969 1362 2029 Ecclesia
1387 1967 1658 2046 quosdam
1700 1970 1967 2039 videntne,
2012 1986 2245 2044 quorum

246 2056 531 2130 praeclusae
553 2075 715 2117 aures
741 2060 798 2116 et
824 2058 992 2117 corda
1019 2069 1226 2119 caecata
1259 2060 1469 2119 nullum
1508 2058 1576 2118 de
1612 2056 1989 2135 spiritualibus
2018 2066 2073 2115 et
2098 2056 2253 2116 salu-

248 2146 458 2203 taribus
492 2148 714 2205 monitis
741 2148 926 2205 lumen
965 2148 1286 2217 admittunt,
1317 2152 1386 2207 de
1417 2152 1617 2225 quibus
1644 2164 1751 2207 non
1790 2154 2007 2224 oportet
2038 2148 2249 2215 mirari,

247 2233 394 2309 quod
437 2242 789 2292 contemnant
837 2238 893 2293 in
936 2236 1135 2293 talibus
1177 2252 1382 2306 servos,
1428 2238 1649 2313 quando
1679 2256 1711 2295 a
1759 2238 1959 2296 talibus
2005 2232 2253 2293 videmus

247 2327 426 2403 ipsum
449 2320 742 2380 Dominum
763 2338 884 2381 esse
905 2334 1300 2399 contemptum.
1323 2346 1350 2379 ›>
1371 2328 1437 2383 Et
1460 2328 1540 2383 sic
1559 2333 1711 2401 patet
1735 2322 1879 2401 quod
1905 2324 2254 2398 sacrilegium

245 2422 332 2471 est
354 2414 558 2481 dicere,
590 2414 738 2487 quod
761 2410 840 2470 illi
861 2412 958 2489 qui
989 2416 1170 2472 omnia
1197 2415 1423 2489 propter
1446 2414 1721 2472 Christum
1746 2416 1897 2484 dant,
1924 2430 1985 2471 se
2010 2414 2253 2487 periculo

245 2502 528 2561 homicidii
555 2490 925 2563 committunt.
985 2511 989 2515 ⁴

315 2594 404 2650 Ad
433 2592 818 2651 duodecimum
837 2594 1149 2663 dicendum,
1181 2588 1330 2668 quod
1358 2590 1505 2651 sicut
1532 2606 1600 2650 ex
1619 2590 1737 2665 jam
1762 2586 1927 2648 dictis
1954 2593 2125 2664 patet,
2162 2588 2253 2646 ille

247 2680 346 2757 qui
385 2680 616 2739 dimittit
645 2682 824 2741 omnia
867 2691 1090 2759 propter
1131 2680 1429 2751 Christum,
1462 2696 1567 2739 uon
1608 2698 1670 2739 se
1696 2678 1920 2755 exponit
1959 2678 2089 2737 fami
2129 2686 2253 2754 quae

247 2766 427 2845 ipsum
457 2770 755 2847 interimat,
785 2774 914 2847 quia
955 2790 1236 2848 uunquam
1274 2788 1310 2831 a
1338 2775 1451 2829 Deo
1500 2774 1578 2831 ita
1618 2770 1890 2829 deseritur
1914 2770 2060 2845 quod
2108 2770 2251 2828 farne

247 2858 532 2931 moriatur,
561 2862 706 2935 quod
733 2868 884 2935 patet
907 2862 1072 2920 Hebr.
1105 2863 1318 2931 ultimo,
1344 2875 1509 2937 super
1540 2860 1671 2918 illud
1705 2879 1719 2918 z
1750 2860 1879 2919 Non
1906 2868 1955 2918 te
1990 2855 2249 2927 deseram,

245 2964 411 3024 »teque
432 2948 816 3023 derelinquam.
848 2950 1044 3009 Glossa
1075 2968 1140 3009 t«
1167 2952 1272 3010 Sed
1297 2970 1367 3009 ne
1391 2952 1533 3009 forte
1556 2952 1844 3013 dicerent:
1878 2948 2022 3021 Quid
2051 2945 2255 3007 facturi

248 3042 470 3109 erimus,
487 3042 536 3097 si
561 3040 824 3112 suffragia
849 3038 1004 3097 nobis
1025 3040 1334 3098 necessaria
1357 3037 1701 3097 defecerint?
1730 3059 1756 3093 a
1784 3040 2037 3104 Protinus
2066 3034 2253 3095 subdit

243 3128 694 3197 consolationem.
727 3128 994 3187 adhibens
1021 3131 1393 3188 testimouium
1422 3130 1491 3187 de
1520 3128 1615 3185 lib.
1660 3130 1787 3187 Jesu
1826 3146 1960 3186 nave
1989 3146 2008 3185 .·
2032 3123 2157 3188 Non
2201 3136 2251 3183 te

245 3212 510 3285 deseram,
539 3218 762 3293 quidem
802 3218 1130 3288 necessaria,
1159 3234 1321 3291 mque
1360 3218 1726 3291 derelinquam
1769 3214 2249 3291 Derelinqueretur

245 3306 340 3365 ille
371 3308 467 3379 qui
493 3304 634 3363 fame
659 3308 881 3379 periret,
907 3310 1004 3365 sed
1023 3310 1155 3383 quia
1180 3308 1286 3365 hoc
1305 3324 1413 3365 nou
1438 3316 1541 3376 est,
1575 3324 1679 3364 non
1710 3306 1783 3365 sit
1802 3306 1963 3363 homo
1984 3306 2247 3379 cupidusi

247 3404 308 3456 ot
331 3394 470 3451 infra
497 3411 558 3449 :a
579 3394 694 3451 Hoc
717 3404 902 3453 autem
929 3394 1222 3455 dicitomui
1253 3396 1492 3471 speranti
1520 3398 1576 3453 in
1602 3414 1681 3466 se,
1702 3395 2052 3468 sicut-Iesus.
2088 3416 2113 3447 ι»
2137 3391 2253 3451 Hoc

247 3484 397 3540 enim
421 3480 577 3537 nobis
603 3484 891 3554 promittit,
915 3485 961 3539 si
990 3486 1040 3539 in
1072 3483 1162 3540 illo
1192 3501 1342 3556 spem
1367 3493 1613 3541 nostram
1638 3484 1922 3556 ponimus:
1955 3499 2060 3539 non
2092 3490 2253 3539 tena-

247 3572 424 3639 cibus,
458 3586 562 3627 nou
591 3570 806 3643 cupidis
837 3572 900 3626 fit
947 3573 1052 3628 ista
1077 3574 1384 3645 promissio,
1412 3574 1509 3629 sed
1534 3572 1881 3645 sperantibus
1928 3572 1983 3627 in
2014 3572 2163 3642 Deo;
2194 3578 2250 3629 et

249 3670 432 3719 tamen
457 3660 560 3717 hoc
583 3660 729 3734 quod
753 3658 984 3716 assumit
1007 3667 1092 3716 est
1118 3658 1332 3727 falsum,
1353 3658 1481 3735 duis
1502 3666 1686 3733 posset
1716 3660 1873 3717 horno
1898 3676 1957 3717 se
1983 3676 2252 3735 exponere

249 3751 492 3825 periculo
518 3750 688 3823 gladii
733 3756 954 3824 propter
994 3748 1270 3806 Christum
1313 3747 1681 3819 laudabiliter,
1728 3750 1894 3806 etiam
1936 3750 1982 3806 si
2026 3748 2251 3808 haberet

247 3840 397 3898 eliud
427 3842 572 3914 quod
611 3841 838 3908 faceret,
870 3840 1012 3897 sicut
1059 3834 1365 3911 legitur'de
1410 3839 1598 3897 multis
1634 3839 1968 3913 martyribus
2004 3846 2249 3915 tempore

252 3931 665 4003 persecutionis,
690 3928 786 4005 qui
825 3930 964 3990 ultro
1002 3946 1062 3989 se
1088 3930 1386 3990 offerebant
1432 3930 1488 3991 in
1529 3930 1769 3991 medium
1814 3947 2009 3991 nomen
2047 3923 2247 3991 Christi
