2784 4392
505 227 627 294 250
983 247 1038 298 ε.
1079 249 1312 298 THOMAE
1351 249 1680 304 aemulius
1728 249 2041 300 ornacum

511 367 666 434 patet
697 376 846 436 ergo,
879 362 1026 442 quod
1071 365 1248 423 nuntii
1288 362 1613 424 Antichristi
1652 369 1816 420 erunt
1856 360 2145 422 christiani
2180 367 2515 436 apparentes

499 449 658 520 boni,
696 454 892 512 studiis
925 453 1234 514 litterarum
1274 453 1469 522 dediti,
1514 452 1571 511 in
1610 451 1855 512 consiliis
1889 450 2087 512 dandis
2136 450 2353 521 famosi,
2386 449 2524 509 reli-

513 540 668 612 giosi,
701 542 768 598 ad
797 543 1024 600 consilia
1059 543 1306 614 obligati,
1337 543 1392 598 in
1422 557 1531 616 qua
1555 540 1907 602 conclusione
1930 540 2064 614 quid
2090 539 2399 606 intendant,
2426 553 2522 596 os·-

517 630 764 688 tendunt.
795 633 902 691 Eos
943 633 1087 690 enim
1129 648 1266 706 quoe
1311 632 1576 691 infamare
1614 632 1883 698 nituntur,
1917 629 1996 686 ita
2042 629 2349 697 notificant,
2382 643 2451 684 ac
2476 627 2551 708 si,

515 734 608 780 ecs
647 721 1012 794 exprimerent
1059 721 1401 782 nominatim.
1427 719 1574 782 Nihil
1598 718 1745 778 enim
1790 718 1974 778 differt
2012 718 2199 778 dicere
2238 717 2524 778 Socratem

401 841 408 850 -
515 809 934 884 etSophronisci
967 811 1156 878 filium,
1187 811 1235 868 si
1277 809 1429 868 solus
1474 809 1545 866 sit
1582 805 1932 880 sophronisci
1970 805 2117 868 filius
2152 806 2433 867 Socrates.
2464 806 2527 864 In

515 915 624 972 quo
654 914 840 956 eorum
871 903 1150 958 excusatio
1187 898 1414 967 tollitur,
1452 903 1507 956 et
1544 895 1706 956 simul
1735 894 2063 964 ostenditur,
2090 894 2237 968 quod
2278 893 2350 952 ad
2394 909 2527 966 per-.-

517 1003 678 1045 sonas
701 987 1067 1060 descendunt3
1093 988 1192 1049 sed
1215 989 1272 1052 in
1299 988 1405 1051 hoe
1431 987 1627 1052 horum
1650 1001 1907 1060 processu
1934 983 2311 1062 multipliciter
2338 999 2527 1044 errare

519 1075 930 1138 convincuntur.

589 1163 788 1231 Primo,
839 1181 906 1220 ex
949 1165 1072 1232 hoc,
1110 1166 1260 1240 quod
1307 1164 1526 1224 nuntios
1576 1159 1899 1222 Antichristi
1946 1160 2214 1222 definiunt
2260 1166 2529 1234 tanquam

523 1269 684 1310 unum
713 1270 884 1326 genus
913 1253 1208 1324 hominum,
1241 1270 1366 1313 eum
1395 1271 1464 1310 ex
1496 1252 1731 1312 diversis
1754 1251 1991 1316 statibus
2018 1250 2296 1309 hominum
2325 1251 2529 1309 minis-

523 1349 636 1400 tros
690 1343 1010 1400 Antichristi
1073 1343 1285 1404 futuros
1339 1341 1537 1404 Glossa
1590 1341 1849 1404 ostendat
1900 1331 2064 1414 super
2133 1339 2267 1398 illud
2318 1339 2525 1400 Psalm-

521 1448 708 1494 nxxxu
738 1450 751 1488 :
783 1434 924 1490 Deus
946 1433 1065 1506 quia
1089 1432 1280 1491 similis
1299 1432 1406 1492 erit
1434 1430 1581 1506 tihi?-

591 1522 860 1594 Secundo,
893 1523 1024 1594 quia
1045 1523 1150 1581 etsi
1177 1523 1416 1586 diversae
1448 1521 1809 1580 auctoritates
1838 1520 1905 1578 de
1950 1518 2180 1590 singulis
2200 1533 2327 1591 quae
2366 1517 2533 1577 colli-

523 1618 675 1682 gunt,
714 1610 1030 1684 loquuntur,
1071 1627 1180 1671 non
1219 1618 1405 1670 tamen
1447 1617 1629 1684 potest
1668 1609 1857 1675 haberi
1903 1609 2051 1682 quod
2093 1610 2299 1667 omneis-
2332 1607 2533 1666 condi-

475 1766 480 1769 ,
525 1703 699 1758 tiones
738 1701 1018 1774 praedictae
1059 1707 1482 1772 congregentur,
1508 1699 1605 1761 fied
1638 1698 1778 1756 forte
1818 1697 1979 1757 multi
2012 1702 2173 1756 eruut
2213 1695 2533 1755 seductores

529 1789 704 1846 nuntii
747 1789 1094 1858 Antichristi,
1123 1805 1356 1862 quorum
1385 1789 1480 1848 'alii
1522 1794 1683 1850 erunt
1728 1786 1989 1860 religiosi,
2024 1785 2117 1845 alii
2156 1785 2407 1852 litterati,
2436 1785 2534 1844 alii

527 1878 720 1934 famosi
745 1879 800 1934 in
825 1877 1084 1946 consiliis,
1113 1883 1170 1934 et
1198 1878 1278 1935 sic
1301 1878 1369 1937 de
1391 1877 1537 1944 aliia,
1568 1883 1623 1933 et
1648 1876 1789 1936 forte
1818 1892 1923 1934 non
1946 1880 2107 1934 erunt
2130 1873 2298 1947 aliqui
2327 1873 2395 1933 de
2426 1891 2533 1932 nu-

531 1981 680 2027 mero
705 1981 892 2024 eorum
910 1965 975 2020 'in
997 1964 1198 2038 quibus
1219 1963 1403 2026 omnia
1427 1964 1691 2038 praedicta
1715 1963 2066 2024 conveniunt.

599 2054 964 2134 Torum-quia
988 2053 1094 2112 >etei
1121 2053 1263 2113 inter
1289 2053 1425 2114 istos
1458 2052 1849 2121 invenirentur,
1878 2067 1985 2112 non
2034 2056 2217 2111 tamen
2264 2049 2406 2108 inter
2435 2066 2534 2107 eos

529 2143 690 2210 soloe,
723 2150 780 2198 ut
817 2143 1107 2214 probatum
1129 2148 1234 2204 est.
1265 2142 1419 2205 Unde
1460 2141 1581 2202 haec
1622 2141 1873 2216 probatio
1916 2157 2021 2204 non
2066 2139 2243 2212 magis
2285 2139 2534 2213 procedit
2584 2141 2589 2144 '

529 2239 720 2292 contra
751 2247 845 2290 eos
875 2247 1039 2304 quam
1067 2237 1258 2294 contra
1287 2231 1445 2290 alios.
1750 2257 1755 2262 ·

601 2319 829 2392 Quarto,
861 2323 992 2396 quia
1015 2322 1120 2380 etsi
1163 2321 1332 2396 aliqui
1363 2320 1557 2381 talium
1591 2319 1703 2379 sint
1746 2319 1916 2382 futuri
1956 2319 2132 2382 nuntii
2174 2317 2533 2388 Antichristi;

533 2429 639 2469 non
667 2419 848 2468 tamen
875 2427 1064 2472 omnes
1084 2409 1239 2480 tales,
1266 2410 1364 2471 sed
1393 2409 1563 2483 aliqui
1592 2410 1735 2473 forte
1758 2409 1937 2482 pauci,
1962 2408 2107 2469 sicut
2130 2412 2187 2466 et
2208 2407 2279 2469 de
2306 2407 2536 2480 singulis

531 2503 768 2560 statibus
790 2500 931 2559 forte
959 2502 1172 2574 aliquos
1201 2500 1270 2560 ad
1299 2516 1359 2559 se
1390 2500 1600 2574 colligit
1622 2499 2012 2560 Antichristus-

600 2592 820 2663 Quinto,
848 2591 981 2664 quia
1005 2592 1126 2650 istae
1149 2589 1491 2652 conditiones
1517 2596 1645 2648 sunt
1673 2588 1849 2656 bonae,
1876 2587 2089 2648 scilicet
2114 2602 2249 2657 esse,
2266 2587 2537 2648 Christia-

535 2697 683 2746 num,
727 2679 1050 2746 litteratum,
1081 2679 1350 2740 famosum
1391 2679 1449 2736 in
1490 2677 1753 2746 consiliis,
1786 2677 2123 2750 religiosum,
2147 2677 2303 2738 Unde
2337 2691 2406 2738 ex
2449 2675 2537 2735 his

533 2767 936 2826 conditionibus
965 2782 1071 2825 non
1101 2773 1281 2838 potest
1301 2757 1536 2839 judicari
1562 2767 1631 2827 de
1650 2767 1833 2840 aliquo
1859 2766 2003 2838 quod
2024 2765 2097 2826 sit
2121 2765 2345 2826 nuntius
2372 2765 2537 2824 Anti-

535 2855 744 2921 christi,
775 2854 870 2911 aed
901 2853 1076 2924 magis
1114 2871 1182 2912 ex
1227 2855 1505 2928 aliquibus
1532 2855 1707 2924 malie,
1734 2855 2050 2915 seeundum·
2076 2854 2385 2916 doctrinam
2420 2855 2538 2913 Do-

538 2943 691 3010 mini,
723 2943 913 3003 Matth.
945 2959 1029 3000 vu
1071 2951 1128 3002 et
1165 2959 1254 3006 ιιι
1287 2961 1298 3000 :
1332 2945 1689 3016 Unaquaeque
1726 2943 1889 3003 arbor
1934 2960 2000 3002 ex
2043 2943 2363 3006 ‚fructusuo
2404 2957 2535 3003 nos-

535 3033 696 3102 citur,
725 3031 935 3092 scilicet
962 3031 1104 3092 bona
1125 3049 1194 3092 ex
1220 3033 1394 3099 bonis,
1421 3031 1564 3094 mala
1590 3049 1659 3090 ex
1684 3031 1860 3096 malis·

1233 3213 1519 3280 CAPUT
1572 3213 1825 3280 XXVI.-

541 3321 843 3426 Quomodo
865 3347 1286 3432 reliyiosorum
1303 3347 1628 3424 manifesta
1648 3345 1815 3421 bmw,
1838 3347 1909 3414 ut
1933 3344 2249 3419 orationes,
2262 3341 2531 3424 jejunia,

571 3443 628 3504 et
665 3437 1033 3517 hujusmodi,
1061 3438 1390 3524 pervertere
1431 3436 1739 3518 nituntur,
1771 3438 1827 3502 et
1868 3439 2143 3514 suspecta
2172 3433 2489 3496 ostendere.

599 3572 758 3628 Nune
825 3570 1019 3628 ultimo
1086 3569 1388 3636 videamuS,
1445 3567 1729 3642 quomodo.
1767 3567 1909 3624 bona
1966 3566 2363 3638 religiosorum,
2408 3579 2538 3636 quae

528 3677 728 3732 negare
775 3675 881 3716 non
928 3664 1174 3731 possunt,
1213 3674 1313 3714 nec
1353 3657 1499 3716 mala
1544 3672 1664 3713 esse
1706 3671 1969 3724 asserere,
1998 3661 2189 3727 utpote
2236 3653 2535 3722 oratione&

524 3750 749 3822 jejunia,
789 3749 1054 3806 miracula
1095 3755 1152 3804 et
1191 3746 1521 3822 hujusmodi,
1555 3751 1839 3820 pervetere
1884 3746 2133 3802 nituntur
2175 3749 2231 3802 et
2276 3750 2538 3814 suspecta

527 3839 838 3908 ostendere,
869 3839 1156 3902 occasione
1187 3844 1416 3912 accepta
1438 3853 1511 3896 ex
1537 3835 1641 3895 hoe
1664 3835 1811 3910 quod
1842 3833 1899 3894 in
1930 3833 2207 3908 aliquibus
2232 3832 2538 3906 scripturae
