2784 4392
423 290 436 295 “
511 320 641 367 xiv.
672 336 752 351 —
780 319 1021 367 comm
1060 322 1276 367 meua.
1323 322 1427 369 nm
1468 324 1640 373 oum.
1681 322 1764 372 nr
1801 327 2011 376 Rama.
2153 314 2270 377 153

259 442 432 495 tatem
473 455 500 489 >2
544 436 755 493 scilicet
790 436 1009 495 vivendi
1049 438 1116 495 de
1153 436 1451 512 Evangelio
1496 440 1613 498 sine
1661 441 1847 500 labore
1891 460 2170 514 manuum,
2215 452 2271 502 et

259 534 444 583 tamen
467 525 544 583 1111
570 532 762 584 contra
803 542 941 602 quos
975 527 1237 601 loquitur,
1271 545 1370 587 sua
1410 538 1630 604 propter
1671 532 1946 589 Christum
1985 535 2267 621 relinque-

257 623 384 673 rant
412 620 466 671 et
487 615 861 689 spiritualibus
885 616 1140 689 operibus
1170 618 1461 688 vacabant,
1488 620 1697 677 scilicet
1728 622 2087 689 orationibus,
2109 624 2268 696 psal-

256 704 382 769 miS,
411 711 466 759 et
497 704 736 771 lectioni,
761 711 816 760 et
846 703 1012 760 verbo
1037 705 1157 771 Dei,
1189 711 1248 759 ut
1278 706 1331 761 in
1363 704 1501 762 libro
1531 706 1623 763 illo
1644 709 1868 765 dicitur.
1896 710 2037 782 Ergo
2068 710 2144 767 illi
2168 712 2266 785 qui

257 808 357 847 sua
376 792 660 848 dimittunt
683 800 902 865 propter
928 791 1221 859 Christum,
1241 794 1409 851 etiam
1438 796 1483 851 si
1511 797 1888 869 spiritualibus
1918 806 2133 865 vacant,
2160 815 2261 856 non

257 880 460 936 debent
485 880 554 936 de
577 880 939 953 eleemosynis
966 880 1168 937 vivere.
1199 882 1354 949 item,
1381 884 1548 940 Marc.
1578 901 1655 951 νι,
1690 891 1739 951 8,
1771 887 1975 942 dicitur
2008 905 2021 941 :
2051 888 2264 943 Praece-

255 969 338 1043 pit
359 969 436 1026 eis
463 986 527 1025 ne
546 968 677 1041 quid
708 969 951 1025 tollerent
980 968 1040 1024 in
1063 970 1154 1025 via
1187 970 1296 1027 nisi
1329 971 1538 1042 vii-qam
1572 980 1802 1029 tantum.
1834 973 2029 1031 Glossa
2061 994 2073 1030 :
2105 997 2129 1029 α
2164 979 2262 1032 Ρω-

257 1060 465 1131 virgam
493 1063 818 1130 potestatem
857 1059 1159 1131 accipiendi
1191 1060 1501 1115 necessaria
1533 1077 1565 1117 a
1594 1062 1829 1117 subditis
1853 1060 2109 1135 intelligit
2130 1082 2144 1133 ;
2168 1066 2261 1121 sed

254 1148 457 1203 habere
485 1146 732 1202 subditos
774 1151 858 1202 est
894 1152 1105 1203 tantum
1153 1149 1526 1220 praelatorum.
1564 1168 1590 1200 >³
1616 1150 1758 1221 Ergo
1790 1150 1865 1206 illi
1898 1150 2135 1224 religiosi
2169 1154 2261 1225 qui

255 1237 466 1309 praelati
500 1251 603 1291 non
635 1242 779 1302 sunt,
813 1250 916 1291 non
947 1242 1173 1307 possunt
1198 1253 1230 1293 a
1260 1236 1509 1293 fidelibus
1546 1248 1800 1311 sumptus
1834 1256 1963 1297 suos
1991 1244 2258 1315 accipere.
2304 1234 2312 1242 ’

326 1327 483 1381 Item.
513 1325 651 1380 lllud
680 1324 824 1397 quod
851 1334 934 1381 est
965 1326 1239 1397 provisum
1270 1326 1322 1381 in
1344 1326 1599 1383 solatium
1630 1328 1849 1396 laboriS,
1878 1346 1983 1387 non
2005 1330 2261 1388 laboran-

256 1414 400 1471 tibus
426 1431 530 1471 non
559 1413 804 1479 debetur,
822 1414 917 1469 sed
944 1415 1128 1472 vivere
1157 1416 1225 1470 de
1253 1416 1562 1488 sumptibus
1583 1416 1823 1474 fidelium
1850 1425 1933 1473 est
1963 1434 1993 1475 a
2026 1420 2257 1477 Domino

253 1505 550 1577 provisum,
581 1502 647 1557 ad
693 1502 947 1557 solatium
975 1518 1163 1557 eorum
1187 1504 1279 1573 qui
1316 1504 1369 1558 in
1398 1504 1991 1575 Evangelio'laborant,
2025 1516 2086 1564 ut
2106 1516 2257 1581 patet

252 1593 275 1646 1
301 1592 423 1648 Cor.
455 1607 536 1657 ix,
569 1598 623 1646 et
647 1592 693 1646 ll
723 1590 790 1647 ad
817 1592 956 1645 Tim.
991 1606 1052 1657 11,
1071 1595 1102 1645 6
1135 1608 1148 1645 :
1180 1590 1535 1647 Laborantem
1560 1592 1872 1663 apricolam,
1898 1602 2103 1664 oportet
2125 1598 2255 1667 pri-

249 1697 395 1735 mum
417 1680 479 1735 de
500 1680 765 1753 fructibus
785 1680 1106 1753 pei-scipere.
1141 1680 1281 1749 Ergo
1307 1679 1501 1735 saltem
1543 1679 1617 1735 illi
1641 1681 1735 1752 qui
1767 1696 1873 1736 non
1910 1681 2160 1739 laborant
2198 1686 2252 1741 in

249 1769 564 1839 Evangelio,
596 1785 703 1823 non
735 1776 961 1840 possunt
989 1768 1058 1825 de
1083 1766 1447 1841 eleemosynis
1474 1768 1677 1825 vivere.

321 1859 478 1913 ltern.
508 1857 800 1929 Apostolus
843 1856 1060 1912 nolebat
1107 1858 1356 1929 accipere
1393 1863 1643 1929 sumptus
1685 1873 1718 1914 a
1768 1857 2063 1916 Corinthiis
2108 1862 2253 1917 unde

249 1947 480 2012 viveret,
507 1952 568 2001 ut
609 1947 950 2002 occasionem
990 1944 1230 2001 auferret
1267 1946 1755 2018 pseudoapostoliS,
1787 1954 1849 2002 ut
1894 1955 2043 2019 patet
2088 1950 2135 2004 Π
2182 1950 2251 2007 ad

248 2036 372 2091 Cor.
400 2050 466 2091 xx
493 2051 507 2089 z
537 2034 636 2090 Sed
659 2051 813 2093 ,nuvae
841 2036 1000 2091 etiam
1039 2034 1194 2090 multi
1231 2041 1354 2089 sunt
1398 2034 1491 2106 qui
1531 2035 1772 2107 turpiter
1814 2034 1878 2090 de
1922 2037 2253 2109 eleemosynis

248 2124 456 2179 vivunt.
478 2124 620 2195 Ergo
654 2121 848 2178 saltem
891 2122 959 2177 ad
989 2123 1339 2177 auferendam
1381 2124 1463 2177 eis
1498 2124 1841 2179 occasionem
1872 2123 2109 2197 religiosi
2148 2128 2250 2183 viri

247 2213 451 2269 debent
480 2211 550 2265 ab
572 2210 932 2281 eleemosynis
971 2208 1274 2276 abstinere;
1301 2210 1445 2265 unde
1488 2211 1824 2280 Augustinus
1868 2210 2005 2269 dicit
2051 2215 2104 2269 in
2155 2215 2249 2272 lib.

247 2300 327 2355 De
350 2313 508 2369 opere
534 2296 772 2350 montach.
805 2311 824 2349 .·
853 2314 878 2347 «
913 2296 1116 2349 Eadem
1145 2294 1298 2350 vobis
1327 2311 1493 2351 causa
1527 2304 1620 2351 est·
1653 2312 1777 2366 quae
1822 2299 2081 2369 Apostolo
2122 2300 2246 2363 fuit,

249 2398 308 2444 ut
340 2385 636 2458 amputetis
662 2383 1003 2439 occasionem
1029 2382 1112 2436 liis
1142 2384 1234 2453 qui
1266 2391 1519 2455 quaerunt
1546 2385 1909 2441 occasionem.
1945 2406 1971 2439 n

319 2477 477 2531 Item.
506 2471 798 2544 Apostolus
835 2472 958 2527 ideo
997 2472 1268 2543 stipendia
1313 2487 1341 2525 a
1391 2469 1645 2541 gentibus
1682 2487 1792 2526 non
1830 2474 2151 2547 accipiebat,
2184 2493 2251 2532 ne

245 2563 564 2622 scandalum
596 2563 648 2617 in
675 2561 780 2615 lide
809 2566 1106 2633 pateretur,
1137 2559 1278 2614 unde
1299 2560 1431 2614 Luc.
1466 2574 1589 2625 viu,
1621 2574 1785 2630 super
1813 2559 1941 2615 illud
1974 2577 1985 2615 :
2012 2562 2089 2617 Et
2127 2563 2251 2619 alica

246 2655 428 2711 multoe
447 2668 562 2725 quoe
590 2650 974 2707 ministrabant
1009 2648 1104 2715 eis,
1130 2655 1238 2704 etc.
1269 2648 1467 2704 Glossa
1496 2664 1518 2723 :-
1542 2666 1569 2701 α
1601 2648 1921 2721 Antiquitas
1966 2664 2083 2706 mos
2130 2662 2248 2707 erat

246 2744 584 2807 Judaeorum,
616 2755 716 2795 nec
745 2738 1047 2794 ducebatur
1077 2739 1132 2792 in
1159 2736 1397 2811 culpam,
1422 2742 1485 2792 ut
1516 2736 1773 2792 mulieres
1808 2752 1908 2794 sua
1942 2739 2247 2797 substantia

245 2835 533 2912 pascerent
578 2836 632 2885 et
676 2829 939 2883 vestirent
989 2827 1327 2901 doctores3'»
1364 2826 1459 2880 sed
1496 2825 1625 2898 quia
1665 2824 1768 2881 hoc
1822 2827 2138 2885 scandalum
2194 2830 2247 2885 in

249 2918 502 2991 gentibus
539 2922 752 2989 poterat
793 2915 989 2981 facere,
1017 2914 1217 2969 Paulus
1263 2928 1322 2968 se
1365 2920 1633 2968 memorat
1675 2912 2021 2982 abstinuisse,
2047 2924 2103 2971 et
2146 2917 2248 2974 hoc

249 3004 392 3064 idem
417 3008 665 3071 habetur,
697 3006 721 3059 1
749 3004 873 3060 Cor.
902 3018 964 3059 rx
997 3020 1010 3057 :
1043 3002 1138 3058 sed
1167 3008 1220 3057 et
1247 3018 1389 3058 nunc
1413 3001 1572 3057 multi
1592 3002 2029 3059 scandalizantur
2056 3005 2125 3060 de
2146 3006 2249 3061 hoc
2309 3034 2314 3037 ·

249 3097 396 3172 quod
435 3095 669 3167 religiosi
701 3095 818 3148 sine
853 3091 1036 3147 labore
1083 3092 1266 3147 vivere
1305 3090 1515 3145 volunt.
1552 3109 1578 3141 »
1607 3090 1748 3161 Ergo
1790 3093 1985 3147 saltem
2029 3102 2249 3164 propter

247 3184 564 3242 scandalum
594 3182 793 3238 debent
819 3180 891 3236 ab
917 3179 1280 3252 eleemosynis
1309 3178 1605 3234 abstinere.
1633 3176 1790 3234 Unde
1828 3180 2165 3249 Augustinus
2195 3181 2248 3235 in

248 3274 343 3331 lib.
377 3273 452 3327 De
476 3286 628 3341 opere
659 3269 896 3326 monach.
919 3285 938 3324 .-
971 3288 996 3320 α
1031 3270 1092 3322 In
1119 3268 1474 3323 meditatione
1516 3272 1696 3323 vestra
1736 3267 2057 3323 exardescat
2084 3268 2245 3338 igniS,

247 3370 310 3419 ut
338 3362 568 3415 istorum
595 3357 739 3413 mala
763 3372 930 3428 opera
951 3355 1108 3412 bonis
1133 3355 1387 3427 operibus
1416 3356 1613 3410 vestris
1639 3355 2061 3427 persequamini,
2083 3362 2145 3409 ut
2172 3356 2250 3411 eis

248 3446 546 3523 amputetis
593 3446 933 3501 occasionem
971 3444 1211 3517 turpium
1252 3443 1638 3507 nundinarum,
1682 3441 1883 3514 quibus
1918 3442 2250 3500 existimatio

250 3547 433 3597 vestra
458 3533 674 3592 laeditur
703 3539 758 3588 et
802 3531 1032 3587 infirmis
1068 3530 1453 3587 offendiculum
1496 3530 1739 3602 ponitur.
1770 3529 2099 3585 Miseremini
2124 3546 2251 3603 ergo

251 3637 306 3685 et
331 3622 760 3698 compatiamini,
791 3626 846 3675 et
869 3619 1140 3675 ostendite
1169 3618 1482 3674 hominibus
1504 3633 1613 3673 non
1653 3632 1753 3675 vos
1793 3618 1849 3673 in
1885 3618 2001 3673 otio
2036 3617 2251 3675 facilem

253 3718 476 3782 victum,
503 3712 599 3770 sed
622 3728 721 3786 per
745 3714 1035 3782 angustam
1064 3708 1210 3765 viam
1236 3715 1292 3766 et
1317 3712 1529 3764 arctam
1551 3706 1713 3781 hujus
1738 3706 2004 3780 propositi
2026 3723 2252 3780 regnum

251 3806 350 3862 Dei
374 3819 641 3879 quaerere.
679 3822 705 3853 »

320 3896 475 3951 Item.
491 3894 548 3953 Si
575 3892 812 3965 religiosi
840 3891 1088 3967 quisunt
1111 3881 1279 3951 validi
1308 3894 1364 3949 et
1389 3887 1561 3948 fortes
1587 3887 1657 3947 de
1682 3886 2047 3961 eleemosynis
2065 3888 2251 3950 vivere

2630 726 2671 816 ‘'m-
