2784 4392
569 292 699 337 xiv.
731 308 812 322 —
840 290 1077 339 coN'rRA
1117 292 1332 338 mres.
1381 294 1483 339 nm
1524 294 1699 339 conr.
1744 294 1821 339 m·
1859 291 2065 341 neue.
2240 254 2343 374 937Ι

315 415 503 481 postea
530 409 600 467 ab
625 409 740 482 ipso
769 408 824 466 in
854 409 1082 466 aiterum
1116 410 1397 479 translata,
1430 397 1659 485 quinon
1680 412 1923 499 idiceret:
1946 414 2016 470 In
2042 412 2187 471 omni
2214 380 2343 471 loco¹

311 500 553 570 ipsorum
583 507 633 557 et
661 507 862 565 nostro,
890 501 934 555 si
966 517 1032 555 cx
1061 517 1168 573 quo
1197 502 1436 574 ipsorum
1460 511 1702 575 coeperat
1732 516 1871 571 esse,
1901 517 1999 559 sua
2043 518 2163 559 esse
2192 505 2323 561 des-

316 589 539 644 titisset.
1047 646 1052 649 .

381 678 540 734 Item.
574 678 764 751 Apollo
792 685 911 735 erat
938 678 1223 751 presbyter
1254 678 1674 747 Corinthiorum,
1711 680 1804 753 qui
1830 681 1911 737 eis
1940 696 2096 743 sacra
2125 682 2323 737 minis-

316 767 513 833 trabat,
542 772 766 839 utpatet
791 768 950 823 ICor.
979 783 1068 837 ιιι,
1099 771 1130 823 6
1165 785 1176 821 :
1203 766 1390 839 Apollo
1416 768 1636 839 riyavit,
1664 769 1861 825 Glossa
1887 787 1899 824 ε
1925 789 1949 821 «
1976 769 2271 844 baptismo,
2294 789 2319 823 i>

315 862 370 909 et
395 864 574 911 tamen
605 855 896 927 Apostolus
915 856 982 910 de
1007 856 1300 911 Corinthiis
1337 872 1397 912 se
1426 856 1841 923 intromittebat,
1874 863 1933 913 ut
1959 864 2109 930 patet
2138 858 2162 913 I
2190 848 2343 915 Cor(

316 959 396 1009 xi,
430 944 528 998 34:
551 935 763 999 Gaeterci
789 951 962 999 autem
988 958 1102 999 cum
1131 960 1319 1000 venero
1348 944 1642 1017 disponam,
1660 954 1765 1002 etc.
1780 962 1801 1013 ‚·
1822 954 1875 1001 et
1905 949 1952 1003 lt
1977 948 2099 1015 Cor.
2136 951 2315 1017 imo:

314 1033 458 1089 Nam
495 1038 544 1089 et
583 1049 672 1107 eqo
713 1032 848 1104 quod
885 1032 1098 1099 donavi,
1129 1034 1334 1106 siquod
1374 1034 1589 1098 donavi,
1626 1041 1852 1106 propter
1884 1052 1971 1091 vos
2000 1036 2059 1090 in
2082 1052 2350 1109 per-'sona-

315 1119 539 1177 Ghristi.
557 1119 624 1174 Et
649 1121 670 1174 1
695 1120 914 1187 Cor.1v,
941 1122 996 1176 21
1025 1136 1036 1175 t
1063 1120 1205 1185 Quid
1230 1120 1509 1177 vultisrln
1538 1121 1696 1193 virya
1721 1122 1930 1177 veniam
1958 1117 2027 1179 ad
2050 1138 2159 1189 vos,
2179 1131 2283 1179 etc.
2294 1140 2317 1191 ;

315 1218 370 1263 et
397 1209 442 1263 ΙΙ
469 1208 591 1263 Cor.
625 1224 682 1276 x,
713 1212 743 1263 3
776 1224 787 1263 :
817 1208 1110 1265 Secundum
1137 1226 1443 1270 mensuram
1468 1211 1662 1284 reyulce
1697 1228 1804 1283 qua
1834 1228 2043 1268 mensus
2065 1219 2137 1267 est
2167 1210 2317 1267 nobis

315 1298 476 1363 Deus,
505 1292 810 1353 mensuram
838 1298 1186 1371 Ρειτιήρεηάί
1217 1314 1376 1371 usque
1419 1298 1489 1353 ad
1532 1316 1637 1365 vos,
1664 1308 1772 1356 etc.
1805 1301 2008 1357 Ultimo
2044 1302 2110 1356 40
2143 1316 2156 1355 τ
2188 1300 2313 1355 Ideo

314 1386 495 1443 absens
521 1387 710 1451 sci-ihc,
733 1393 794 1441 ut
830 1402 938 1441 non
977 1400 1210 1458 proesens
1244 1384 1437 1443 durius
1474 1400 1627 1459 aqam
1664 1390 1949 1446 secundum
1980 1397 2315 1461 potestatem,

315 1473 530 1544 (Nossa,
566 1496 591 1528 <t
634 1475 836 1547 ligandi
881 1487 1048 1549 atque
1089 1476 1356 1545 solvendi,
1394 1494 1420 1528 ιι
1470 1492 1627 1548 quam
1654 1471 1801 1533 dedit
1840 1478 1975 1535 mihi
2030 1478 2313 1535 Dominus.

317 1565 470 1619 Patet
500 1574 626 1633 crgo
653 1563 796 1635 quod
821 1564 1070 1637 Episcopi
1103 1563 1157 1619 in
1186 1562 1435 1636 plebibus
1462 1563 1839 1620 sacerdotibus
1867 1553 2171 1668 commissis
2197 1565 2317 1636 pie·

315 1669 439 1707 nam
465 1652 698 1707 retinent
721 1656 1067 1724 potestatem.
1870 1699 1875 1703 .
2327 1664 2335 1677 ¹

386 1742 540 1797 Item.
575 1742 708 1798 Cum
742 1742 1119 1800 sacerdotesc
1098 1740 1389 1803 succedant
1426 1741 1479 1795 in
1518 1740 1694 1797 locum
1732 1738 2318 1814 septuagintaduorum

314 1828 722 1901 discipulorum,
755 1830 1006 1903 Episcopi
1039 1845 1170 1886 vero
1201 1828 1269 1885 in.
1295 1828 1471 1885 locum
1503 1828 1791 1887 duodecim
1820 1830 2318 1904 Apostolorum,·nt

313 1919 556 1975 dicitur
544 1935 598 1975 ιιι
629 1919 840 1987 Glossa‚
857 1920 987 1975 Luc.
1013 1936 1072 1975 x.
1101 1919 1565 1975 Absurdissimum
1590 1920 1809 1979 videtur
1836 1921 1883 1977 si
1913 1920 2093 1977 dicere
2123 1921 2317 1988 velint,

315 2008 446 2080 quid
479 2008 723 2081 Apostoli
767 2008 976 2064 solvere
1018 2022 1122 2064 non
1165 2025 1257 2081 pos
1235 2017 1388 2065 sunt
1420 2016 1473 2063 et
1515 2008 1701 2081 ligare,
1726 2009 1811 2065 vel
1854 2009 1962 2066 alia
2000 2009 2317 2082 hujusmodi

315 2096 494 2153 facere
546 2099 662 2153 sine
721 2097 940 2153 licentia
997 2100 1341 2171 septuaginta
1398 2099 1629 2153 duorum
1683 2096 2107 2171 discipulorum,
2136 2092 2315 2173 quod

317 2192 498 2240 tamen
546 2200 638 2240 eos
688 2185 870 2239 dicere
925 2192 1157 2257 oportet,
1205 2186 1251 2241 si
1294 2185 1382 2240 hic
1429 2186 1497 2239 de
1549 2185 1827 2258 Episcopis
1873 2193 1929 2241 et
1981 2183 2318 2261 presbyteris

313 2267 570 2328 dix'erint.
1775 2297 1778 2300 ·

384 2364 538 2419 ltem.
592 2362 882 2437 Dionysius
931 2362 1064 2418 dicit
1122 2362 1173 2431 in
1227 2362 1416 2433 quinto
1470 2359 1708 2433 capitulo
1757 2359 1904 2419 Eccl.
1950 2362 2112 2431 hier„
2166 2364 2312 2437 quod

317 2472 342 2503 (ι
371 2452 619 2525 quamvis
658 2452 976 2517 Pontificum
1019 2450 1152 2507 ordo
1191 2452 1264 2505 sit
1306 2450 1653 2532 perfectivus,
1687 2457 1741 2505 et
1784 2452 1915 2507 ordo
1968 2452 2315 2509 sacerdotum

313 2525 722 2609 illuminatiqu
744 2550 798 2596 et
827 2542 1253 2597 ministrantium
1277 2538 1411 2595 ordo
1436 2540 1508 2594 sit
1531 2540 1868 2611 purgativuS,
1902 2546 2081 2595 tamen
2101 2540 2315 2598 hierar-

309 2626 498 2705 ‘chiens
527 2629 678 2699 ord0,
712 2630 920 2685 scilicet
951 2630 1290 2691 Pontificum,
1325 2642 1435 2683 non
1475 2633 1687 2683 tantum
1714 2626 1877 2683 habet
1901 2630 2181 2701 perticere,
2214 2632 2311 2687 sed
2375 2635 2379 2639 '

316 2718 618 2795 illuminare
649 2731 981 2793 et‚purgare,
1012 2728 1065 2774 et
1099 2718 1447 2774 sacerdotum
1474 2718 1605 2773 ordo
1636 2734 1741 2773 non
1773 2717 1947 2774 solum
1978 2713 2321 2785 illuminare‚·

314 2807 406 2862 sed
457 2814 510 2861 et
552 2822 803 2880 purgare.
837 2826 860 2857 ›>
894 2807 960 2860 Et
1001 2806 1276 2878 subjungit
1320 2820 1542 2861 causam
1587 2803 1815 2861 dicens:
1851 2826 1876 2859 «
1910 2808 2049 2880 Ipsae
2088 2806 2311 2880 quidem

312 2897 548 2951 minores
591 2897 820 2953 virtutes
863 2896 912 2949 in
964 2910 1028 2951 ea
1067 2910 1190 2967 quae
1239 2895 1295 2949 in
1339 2893 1563 2950 meliora
1604 2903 1749 2963 sunt,
1795 2904 2166 2953 transmovere
2204 2912 2311 2953 non

314 2990 556 3058 possunt,
587 3000 650 3041 eo
681 2985 824 3058 quod
853 2984 1113 3055 injustum
1143 2983 1221 3039 cis
1249 2984 1321 3039 sit
1357 2984 1422 3039 ad
1469 2984 1774 3055 hujusmodi
1820 2984 2005 3042 conari
2048 2988 2313 3058 majesta⁴

315 3080 443 3129 tem.
477 3075 612 3145 lpsae
651 3081 832 3131 autem
870 3066 1164 3128 diviniores
1191 3072 1421 3129 virtutes
1459 3088 1581 3127 cum
1609 3074 1841 3146 propriis
1868 3074 2067 3130 habent
2095 3082 2149 3130 et
2178 3066 2314 3129 sub·

306 3160 483 3233 joctas
530 3162 894 3234 operationes,
937 3169 994 3216 ut
1040 3166 1190 3232 patet
1229 3177 1324 3231 per
1373 3160 1767 3233 expositionem
1810 3159 2025 3217 Maximi
2083 3160 2310 3216 ibidem.

313 3252 468 3305 Patit
497 3266 623 3320 ergo
663 3251 805 3323 quod
837 3251 980 3307 sicut
1013 3249 1268 3316 sacerdos
1299 3255 1479 3321 potest
1517 3250 1781 3323 quidquid
1816 3249 2079 3305 diaconus
2108 3256 2313 3322 potest‚·

311 3344 368 3391 et
398 3336 574 3391 adhuc
607 3340 855 3410 amplius,
885 3341 959 3400 ita
999 3344 1052 3393 et
1081 3339 1380 3411 Episcopus
1410 3345 1587 3409 potest
1619 3352 1980 3411 quaecumque
2010 3346 2188 3410 potest
2218 3350 2312 3394 sa-

311 3426 523 3489 cerdOS‚
549 3431 603 3478 ct
629 3427 804 3481 adhuc
838 3427 1091 3499 amplius.
1117 3428 1170 3483 Si
1202 3442 1330 3497 ergo
1359 3428 1616 3483 sacerdos
1648 3434 1825 3499 potest
1854 3428 2030 3497 legere
2052 3420 2313 3499 evange-¹

311 3515 442 3569 lium
493 3513 542 3566 in
592 3512 831 3569 Ecclesia
865 3530 966 3568 non
1012 3516 1277 3587 requisito
1306 3515 1555 3580 diacone,
1592 3517 1670 3571 ita
1718 3516 1773 3570 et
1801 3516 2102 3587 Episcopus
2134 3519 2312 3588 potest

311 3604 404 3658 abs
411 3602 612 3667 olvore,
645 3608 696 3656 et
728 3601 834 3657 alia
864 3601 1048 3659 Eccies
1026 3602 1120 3659 siae
1145 3610 1489 3659 sacramenta
1522 3604 1827 3659 ministrare
1859 3603 2057 3676 quibus
2082 3599 2314 3661 voluerit

256 3746 261 3751 .
311 3709 416 3747 non
448 3690 759 3763 ic.quisito
737 3692 1020 3747 sacerdote
1051 3691 1368 3763 parochiali.
2304 3708 2311 3721 ·‘

377 3780 534 3835 Item
561 3780 668 3851 Qui
702 3780 832 3836 facit
868 3778 1073 3854 aliquid
1111 3798 1204 3853 per
1243 3782 1427 3848 alium,
1457 3790 1510 3845 et
1543 3797 1637 3855 per
1684 3796 1743 3839 se
1781 3784 1958 3857 ipsum
1989 3780 2091 3842 hoc
2130 3759 2310 3841 facero

309 3876 507 3942 potest,
539 3872 634 3928 sed
655 3870 785 3927 dum
818 3869 1122 3945 presbyteri
1153 3871 1443 3933 absolvunt
1486 3867 1591 3929 sibi
1636 3872 1904 3945 subdit03,
1932 3873 2037 3933 hoc
2082 3892 2176 3950 per
2210 3866 2348 3934 'eos

815 3988 866 4039 S.
899 3990 1053 4041 Tuon.
1088 3993 1174 4047 Ao.
1209 3982 1475 4043 ovusmi.
1497 4015 1560 4031 -
1582 3990 1642 4042 ut
1696 4016 1761 4033 -
1782 3989 1812 4043 '2
