2784 4392
40 0 500 100 ..at-'‘⁸''

501 223 631 292 272
980 218 1051 295 (ιζ
1080 233 1319 284 mou
1356 231 1692 288 Acunum!
1725 231 2046 282 croscum

512 364 699 416 autem
742 362 959 413 terrena
998 357 1181 412 omnia
1218 371 1343 412 esse
1381 353 1524 410 infra
1571 359 1812 410 mentem
1851 351 2186 422 humanam;
2229 350 2542 412 beatitudo

511 452 697 504 autem
738 453 822 503 est
867 445 1103 502 hominis
1148 443 1325 500 finalis
1361 433 1645 516 perfectio,
1691 449 1748 497 et
1793 442 1996 497 bonum
2039 442 2398 514 completum,
2459 445 2542 502 ad

490 537 660 611 .quod
690 551 879 592 omnes
908 535 1193 608 pervenire
1230 533 1566 599 desiderant,
1598 530 1730 586 nihil
1756 531 1924 602 igitur
1954 539 2233 587 terrenum
2261 539 2349 588 est
2375 535 2536 607 quod

513 625 787 682 hominem
816 625 991 699 possit
1031 623 1255 678 beatum
1293 621 1512 688 facere3
1547 636 1646 676 nec
1689 619 1855 690 igitur
1888 626 2167 674 terrenum
2192 618 2414 690 aliquod
2441 627 2540 675 est

514 716 803 788 proemium
840 714 987 785 regis
1014 699 1463 778 sufficiens3hion
1501 709 1645 765 enim
1685 714 1747 762 ut
1785 709 2122 778 Augustinus
2155 709 2314 772 dicit,
2345 709 2538 764 chris-

515 807 693 861 tianos
716 804 990 876 principes
1020 801 1142 856 ideo
1167 800 1354 855 felices
1382 798 1618 856 dicimus
1640 797 1770 869 quia
1796 797 2012 852 diutius'
2044 798 2404 868 imperarunt,
2437 797 2534 852 vel

510 894 875 966 imperatores
918 891 1058 946 filios
1098 885 1271 945 mor‘te
1311 888 1528 960 placida
1568 887 1928 958 reliquerunt,
1974 885 2060 940 vel
2101 885 2288 941 hostes
2335 888 2533 960 reipu-

514 983 673 1039 blicae
700 982 1045 1052 domuerunt,
1073 979 1159 1034 vel
1190 977 1339 1034 cives
1368 977 1659 1032 adversum
1687 991 1747 1030 se
1772 974 2118 1046 insurgentes
2144 982 2201 1030 et
2229 990 2424 1031 cavere
2469 984 2531 1032 et

516 1071 821 1144 opprimere
855 1077 1184 1143 potuerunt3
1210 1069 1307 1125 sed
1332 1067 1517 1123 felices
1555 1083 1649 1122 eos
1686 1066 1942 1134 dicimus,
1971 1065 2018 1120 si
2044 1066 2194 1138 juste
2228 1065 2526 1139 imperant,

512 1161 561 1218 si
614 1159 821 1214 malunt
864 1157 1259 1229 cupiditatibus
1281 1158 1464 1230 potius
1497 1172 1661 1229 quam
1686 1155 1940 1226 gentibus
1970 1154 2305 1227 quibuslibet
2343 1157 2530 1228 impe-

516 1264 657 1314 rare,
690 1247 737 1301 si
782 1248 963 1301 omnia
1012 1246 1218 1300 faciunt
1266 1261 1370 1299 non
1404 1253 1627 1316 propter
1658 1243 1909 1299 ardorem
1951 1244 2130 1299 inanis
2171 1244 2379 1316 gloriae,
2425 1246 2528 1301 sed

516 1341 739 1411 propter
780 1335 1107 1391 charitatem
1136 1331 1416 1388 felicitatis
1456 1331 1896 1408 aeternaessTales
1940 1331 2303 1404 imperatores
2343 1334 2530 1390 chris-

516 1427 694 1481 tianos
731 1423 915 1480 felices
958 1422 1209 1487 dicimus,
1241 1421 1462 1477 interim
1500 1436 1615 1494 spe,
1649 1426 1838 1493 postea
1882 1437 1941 1475 re
1981 1422 2100 1492 ipsa
2131 1421 2362 1490 futuros,
2394 1438 2526 1479 cum

515 1513 757 1586 id,quod
798 1517 1151 1584 expectamus
1190 1503 1669 1592 advenerit.uSed·
1697 1523 1796 1568 nec
1840 1508 2047 1580 aliquid
2091 1508 2240 1564 aliud
2276 1517 2526 1570 creatum

515 1610 622 1670 est,
679 1601 824 1674 quod
862 1601 1084 1656 beatum
1132 1599 1409 1656 hominem
1461 1598 1627 1654 faciat
1663 1604 1718 1652 et
1768 1597 1942 1669 possit
1985 1599 2101 1668 regi
2151 1597 2368 1654 decerni
2427 1616 2528 1672 pro

516 1691 764 1765 praemi0.
821 1689 1019 1745 Tendit
1074 1688 1219 1744 enim
1270 1687 1697 1759 uniuscujusque
1744 1687 1824 1740 rei
1869 1686 2205 1742 desiderium
2258 1689 2314 1742 in
2363 1704 2526 1744 suum

518 1780 867 1851 principium,
920 1795 951 1834 a
981 1794 1089 1850 quo
1137 1793 1257 1832 esse
1293 1792 1453 1832 suum
1494 1775 1819 1848 principium
1850 1784 2132 1832 causatur.
2177 1777 2356 1833 Causa
2393 1794 2527 1834 vero

518 1869 719 1922 mentis
756 1867 1009 1920 humanae
1033 1882 1139 1919 non
1178 1871 1260 1919 est
1290 1864 1438 1920 aliud
1469 1880 1634 1936 quam
1663 1864 1809 1924 Deus
1833 1865 1928 1936 qui
1958 1880 2080 1920 eam
2105 1865 2176 1921 a'd
2203 1882 2358 1921 suam
2385 1867 2528 1929 ima-

26 1946 191 2006 s
518 1955 701 2026 ginem
745 1951 899 2008 facit.
943 1950 1099 2007 Solus
1128 1951 1295 2021 igitur
1324 1953 1470 2004 Deus
1499 1951 1700 2022 estqui
1732 1950 1966 2006 hominis
2007 1951 2340 2008 desiderium
2365 1955 2527 2030 quie-

519 2048 639 2098 tare
678 2046 879 2113 potest,
920 2045 976 2095 et
1016 2039 1196 2094 facere
1238 2038 1512 2094 hominem
1537 2037 1778 2107 beatum,
1813 2046 1869 2095 et
1902 2054 2022 2096 esse
2049 2038 2166 2110 regi
2195 2044 2526 2110 conveniens

520 2131 828 2206 praemium.

594 2218 865 2293 Amplius,
898 2233 1051 2274 mens
1087 2215 1325 2272 humana
1368 2216 1692 2274 universalis
1726 2217 1854 2273 boni
1898 2219 2274 2291 cognoscitiva
2317 2211 2401 2278 est
2428 2239 2525 2295 per

521 2308 861 2365 intellectum
890 2316 945 2364 et
993 2306 1361 2370 desiderativa
1387 2322 1485 2379 per
1521 2306 1862 2362 voluntatem
1890 2325 1903 2362 z
1929 2308 2131 2364 bonum
2176 2319 2360 2367 autem
2398 2313 2526 2368 uni-

522 2397 734 2456 versale
770 2413 881 2454 non
930 2395 1204 2452 invenitur
1243 2394 1348 2450 nisi
1398 2393 1450 2449 in
1497 2382 1653 2455 Deoli
1671 2395 1815 2450 Nihil
1866 2413 1994 2468 ergo
2035 2404 2119 2453 est
2162 2401 2309 2473 quod
2354 2403 2523 2472 possit

521 2488 797 2555 hominem
825 2486 1049 2543 beatum
1079 2484 1278 2550 facere,
1308 2484 1428 2556 ejus
1452 2482 1724 2556 implendo
1749 2483 2099 2550 desiderium,
2131 2489 2236 2543 nisi
2261 2490 2425 2555 DeuS,
2455 2491 2522 2546 do

522 2592 631 2649 quo
656 2574 859 2632 dicitur
888 2576 940 2629 in
972 2571 1171 2629 Psalm.
1198 2587 1295 2638 cn,
1320 2572 1385 2624 5:
1419 2569 1523 2636 Qui
1546 2571 1714 2642 replet
1737 2570 1796 2626 in
1821 2571 1968 2627 bonis
1991 2573 2310 2632 desiderium
2338 2584 2518 2644 tuum;

523 2673 581 2720 in
603 2665 706 2720 hoc
736 2679 865 2734 ergo
896 2679 988 2717 rex
1014 2678 1175 2718 suum
1202 2661 1485 2732 praemium
1510 2665 1753 2715 statuere
1790 2661 1970 2715 debet.
1999 2663 2114 2718 Hoc
2144 2665 2313 2735 igitur
2341 2667 2521 2722 consi-

523 2753 722 2807 derans
746 2752 921 2807 David
950 2767 1045 2805 rex
1074 2749 1291 2805 dicebat
1318 2749 1517 2804 Psalm.
1543 2764 1741 2816 mxxiv,
1770 2751 1870 2806 24:
1901 2749 2040 2814 Quid
2060 2752 2193 2807 mihi
2221 2761 2295 2810 est
2318 2754 2376 2809 in
2404 2755 2520 2810 coelo

524 2846 575 2893 et
600 2856 633 2893 a
656 2847 705 2893 te
729 2838 856 2908 quid
881 2838 1024 2892 volui
1050 2853 1211 2907 super
1236 2837 1487 2893 terram?
1516 2838 1613 2894 Cui
1645 2838 1936 2910 quaestioni
1968 2847 2156 2908 postea
2195 2842 2519 2914 respondens

524 2926 803 2998 subjungit
837 2944 850 2981 ι
879 2925 1018 2982 Mihi
1046 2933 1223 2983 autem
1265 2926 1542 2982 adhoerere
1586 2926 1776 2981 bonum
1804 2933 1878 2981 est
1916 2934 1968 2983 et
1983 2944 2183 2999 ponere
2215 2930 2275 2984 in
2303 2930 2519 2986 Domino

524 3016 635 3073 Deo
658 3032 796 3088 spem
820 3031 1007 3070 meam.
1036 3015 1157 3087 Ipse
1174 3014 1318 3071 enirn
1346 3024 1429 3071 est
1457 3016 1549 3088 qui
1577 3017 1669 3070 dat
1700 3015 1934 3070 salutem
1956 3016 2192 3088 regibus,
2217 3034 2323 3073 non
2354 3019 2519 3074 solum

528 3104 903 3177 temporalem,
935 3119 1046 3177 qua
1091 3104 1456 3160 communiter
1502 3104 1678 3160 salvat
1723 3103 1968 3159 homines
2017 3114 2072 3162 et
2111 3107 2381 3176 jumenta,
2429 3107 2517 3163 sed

524 3196 696 3252 etiam
719 3209 839 3251 eam
864 3194 931 3249 de
960 3209 1070 3266 qua
1096 3209 1191 3266 per
1222 3193 1347 3248 lsai.
1376 3208 1452 3258 ιι,
1487 3197 1537 3258 6,
1571 3192 1704 3248 dicit
1738 3209 1751 3246 ε
1784 3192 1938 3248 Salus
1973 3201 2151 3249 autem
2175 3211 2287 3251 mea
2310 3195 2372 3250 in
2393 3213 2519 3254 sem·

515 3285 796 3360 piternum
814 3284 953 3352 πίω
974 3299 1083 3357 qua
1106 3281 1354 3338 homines
1368 3281 1566 3351 salvat,
1590 3297 1681 3338 eos
1706 3283 1773 3340 ad
1791 3283 2176 3356 .aequalitatem
2200 3284 2516 3357 Angelorum

525 3374 852 3449 perducens·

540 3490 549 3499 ·
597 3465 687 3521 Sic
729 3463 894 3534 igitur
925 3459 1192 3517 verificari
1239 3464 1422 3532 potest
1451 3458 1596 3531 quod
1642 3459 1785 3531 regis
1829 3460 2116 3532 praemium
2156 3469 2242 3517 est
2277 3461 2518 3518 honoret

528 3552 720 3626 gloria.
746 3551 879 3620 Quis
904 3549 1048 3604 enim
1072 3547 1383 3603 mundanus
1413 3553 1468 3602 et
1498 3548 1736 3604 caducus
1766 3547 1937 3606 honor
1963 3548 2091 3606 huic
2116 3549 2310 3607 honori
2336 3549 2519 3606 similis

527 3656 647 3697 esse
674 3645 872 3712 potest,
896 3644 956 3692 ut
980 3637 1139 3692 homo
1169 3638 1241 3691 sit
1264 3637 1403 3692 civis
1427 3642 1482 3691 et
1512 3636 1846 3694 domesticus
1870 3637 1988 3706 Dei,
2017 3645 2073 3694 et
2103 3638 2248 3695 inter
2268 3637 2364 3692 Dei
2391 3636 2520 3693 filios

527 3735 909 3797 coinputatu3‚
968 3734 1025 3782 et
1086 3725 1471 3782 haereditatem
1521 3726 1674 3796 regni
1731 3726 1967 3784 caelestis
2028 3735 2354 3800 assequatur
2403 3740 2517 3782 cum

496 3888 501 3896 ,
528 3813 783 3872 Christo?
806 3814 909 3869 Hic
927 3821 1012 3870 est
1038 3813 1211 3872 honor
1238 3830 1407 3888 quem
1433 3814 1826 3889 concupiscens
1849 3822 1907 3875 et
1934 3815 2212 3878 admirans
2238 3829 2337 3872 rex
2353 3813 2518 3874 David
