2784 4392
557 320 677 388 444
711 378 719 383 .
1033 337 1090 385 a.
1131 334 1366 383 moun
1406 334 1739 389 Acutum-13
1775 331 2108 381 opuscuu*

559 454 768 525 donati,
797 454 924 515 ideo
949 455 1020 519 ad
1037 453 1143 513 hoc
1161 452 1562 513 excludendum
1588 451 1775 511 subdit
1808 467 1823 511 ε
1852 472 1879 505 α
1903 451 1975 509 Et
2000 450 2323 511 redditurus
2344 450 2590 525 singulis

560 547 864 605 secundum
889 559 1056 619 opera
1083 560 1204 613 sua,
1232 548 1346 601 tarn
1374 543 1621 615 reprobis
1648 557 1817 617 quam
1842 540 2053 597 electis.
2090 560 2119 593 ι
2234 600 2241 605 ,
2364 540 2371 547 ·

629 635 838 707 Deinde
877 641 1046 708 ponat
1081 632 1374 691 articulum
1412 630 1834 689 resurrectionis
1860 630 2155 701 generalis,
2184 644 2313 703 quas
2336 632 2585 702 pertinet

561 724 630 779 ad
671 724 928 779 affectum
977 722 1184 795 gloriae,
1231 722 1420 778 dicens
1465 738 1478 777 ε
1513 740 1540 773 α
1587 720 1691 790 Qui
1740 734 1929 775 omnes
1978 723 2089 775 tam
2140 718 2365 791 reprobi
2406 736 2583 793 quam

559 812 722 870 electi
746 829 871 870 cum
891 812 1006 871 suis
1025 810 1258 885 propriis
1278 816 1565 882 resurgent
1589 808 1928 881 corporibuS,
1952 824 2079 883 quae
2098 824 2241 865 nunc
2263 817 2493 879 gestant
2514 826 2527 876 ;
2550 828 2577 859 n

562 902 708 973 quod
737 902 955 975 ponitur
981 900 1052 957 ad
1077 898 1477 957 excludendum
1504 896 1867 971 quorumdam
1894 896 2279 953 haereticorum
2302 912 2577 963 errorem,

563 990 657 1063 qui
687 990 877 1047 dicunt
903 989 1051 1063 quod
1093 996 1443 1059 resurgentes
1486 1002 1595 1045 non
1635 984 1913 1043 habebunt
1938 984 2135 1043 eadem
2160 1001 2414 1059 corpora,
2452 1002 2579 1057 quae

563 1094 708 1135 nunc
737 1094 832 1151 per
853 1085 1087 1137 mortem
1105 1077 1405 1149 deponunt,
1436 1075 1531 1133 sed
1558 1076 1811 1149 quaedam
1834 1089 2065 1147 corpora
2095 1074 2167 1134 de
2188 1074 2339 1131 caelis
2368 1074 2576 1144 allata;

563 1166 712 1239 quod
751 1172 838 1221 est
875 1173 1068 1222 contra
1115 1164 1248 1221 illud
1283 1163 1551 1237 Apostoli,
1584 1164 1608 1221 1
1640 1162 1711 1221 ad
1748 1163 1869 1220 Cor.
1906 1178 2003 1231 xv,
2034 1164 2105 1221 35
2140 1178 2154 1217 ι
2196 1162 2421 1235 Oportet
2452 1178 2579 1219 cor-

566 1252 822 1325 ruptibile
848 1254 941 1309 hoc
965 1253 1186 1311 induere
1210 1250 1691 1323 incorruptionem.
1898 1308 1908 1317 ,

633 1343 1044 1414 consequenter
1066 1346 1252 1399 autem
1287 1341 1535 1412 assignat
1570 1354 1797 1399 causam
1824 1339 2217 1411 resumptionis
2260 1352 2571 1412 corporum,

563 1444 692 1488 cum
718 1430 884 1487 dicit:
913 1448 942 1484 «x
971 1430 1046 1487 Ut
1069 1430 1338 1504 recipiant
1361 1428 1663 1487 secundum
1688 1444 1855 1502 opera
1880 1420 2001 1497 sna,
2031 1428 2149 1487 sive
2179 1428 2319 1484 bona
2350 1427 2575 1497 suerint,

566 1520 686 1577 sive
713 1519 881 1577 mala.
915 1539 942 1573 ι
973 1519 1115 1591 Quia
1143 1520 1289 1577 enim
1326 1518 1491 1576 homo
1526 1524 1625 1577 aut
1650 1517 1789 1577 bene
1826 1524 1922 1575 aut
1950 1517 2095 1573 male
2118 1526 2379 1589 operatus
2404 1524 2493 1573 est
2521 1519 2577 1573 in

567 1608 750 1667 anima
777 1607 938 1665 simul
969 1616 1026 1665 et
1065 1623 1314 1681 corpore,
1337 1609 1553 1679 justum
1588 1612 1675 1663 est
1702 1613 1765 1663 ut
1802 1607 1859 1661 in
1886 1613 2121 1679 utroque
2150 1608 2441 1671 damnetur
2480 1612 2581 1663 aut

568 1699 908 1772 praemietur.
937 1697 1009 1757 Et
1033 1699 1166 1771 quia
1192 1696 1457 1769 Origenes
1485 1696 1668 1769 posuit
1692 1696 1838 1768 quod
1867 1707 2031 1768 poena
2055 1696 2441 1753 damnatorum
2464 1712 2578 1751 non

571 1788 677 1843 erit
701 1794 985 1860 perpetua,
1025 1784 1278 1845 similiter
1316 1800 1420 1843 nec
1448 1784 1625 1857 gloria
1654 1784 1977 1850 beatorum3
2010 1784 2135 1841 ideo
2159 1784 2227 1841 ad
2255 1784 2361 1841 hoc
2385 1784 2577 1841 exclu-

567 1874 810 1933 dendum
839 1876 1010 1933 dicit:
1039 1895 1068 1929 α
1093 1875 1166 1933 Et
1194 1874 1272 1931 ini
1296 1888 1421 1933 cum
1448 1872 1667 1931 diabolo
1693 1887 1909 1945 poenam
1936 1878 2225 1939 aeternam,
2254 1878 2311 1927 et
2334 1872 2429 1929 isti
2454 1888 2579 1931 curn

573 1963 790 2021 Christo
831 1964 1064 2037 gloriam
1087 1961 1501 2035 sempiternam.
1538 1980 1567 2014 ι
1594 1961 1749 2018 Sicut
1778 1961 1925 2016 enim
1948 1960 2159 2019 invidia
2196 1960 2401 2020 diaboli
2430 1977 2581 2019 mors

575 2052 806 2109 intravit
845 2052 902 2107 in
930 2051 1118 2107 orbem
1157 2057 1447 2117 terrarum,
1480 2054 1543 2105 ut
1566 2048 1768 2107 dicitur
1804 2049 1935 2121 Sap.
1979 2063 2047 2116 u,
2078 2048 2155 2107 ita
2200 2064 2297 2121 per
2344 2050 2583 2117 gratiam

572 2137 773 2195 Christi
815 2152 1136 2210 reparamur
1173 2138 1246 2195 ad
1283 2138 1481 2206 vitam,
1508 2136 1811 2202 secuudum
1857 2136 1993 2197 illud
2024 2138 2184 2197 ἔσει).
2224 2152 2266 2197 x
2293 2138 2430 2209 :Epo
2462 2139 2583 2195 ceni

573 2230 634 2282 ut
657 2224 828 2281 vitam
853 2223 1100 2291 habeant,
1123 2230 1175 2283 et
1199 2222 1569 2285 abuudantius
1594 2224 1842 2281 habeant.

643 2313 850 2371 Deinde
877 2313 1090 2371 accedit
1111 2314 1181 2371 ad
1209 2312 1505 2371 articulum
1524 2311 1619 2387 qui
1645 2319 1731 2369 est
1756 2312 1827 2369 de
1848 2312 2045 2371 effectu
2067 2311 2283 2383 gratiae.
2312 2311 2381 2369 Et
2406 2313 2582 2385 primo

574 2403 752 2473 tangit
779 2402 1032 2459 effectum
1061 2402 1256 2474 gratiae
1276 2410 1547 2476 quantum
1572 2401 1643 2457 ad
1662 2400 1923 2461 Ecclesiae
1946 2400 2236 2468 unitatem,
2256 2415 2382 2460 cum
2402 2402 2543 2457 dicit
2566 2417 2581 2459 ε

576 2510 604 2545 α
636 2492 754 2548 Una
783 2498 866 2547 est
897 2490 1138 2547 fidelium
1170 2489 1492 2548 universalis
1514 2488 1781 2557 Ecclesia,
1807 2495 1963 2546 extra
1990 2504 2159 2562 quam
2186 2488 2367 2547 nullus
2394 2489 2585 2547 salva-

576 2586 667 2635 tur
693 2579 938 2637 omnino,
967 2598 996 2633 x·
1032 2580 1229 2637 Unitas
1269 2586 1459 2637 autem
1481 2578 1744 2638 Ecclesiae
1768 2584 1855 2635 est
1888 2578 2167 2651 praecipue
2196 2586 2421 2650 propter
2454 2578 2583 2635 fidei

573 2668 865 2726 unitatem.
881 2667 1022 2727 Nam
1047 2668 1292 2727 Ecclesia
1317 2668 1453 2725 nihii
1480 2675 1567 2725 eet
1588 2667 1738 2725 aliud
1768 2682 1935 2741 quam
1960 2667 2279 2739 aggregatio
2307 2667 2582 2738 fidelium3

576 2762 632 2814 et
657 2758 785 2830 quia
809 2758 927 2815 sine
951 2757 1059 2815 fide
1077 2755 1414 2831 impossibile
1438 2762 1527 2815 est
1547 2756 1765 2829 placere
1788 2755 1921 2816 Deo.
1953 2755 2078 2812 ideo
2102 2760 2260 2814 extra
2282 2755 2588 2813 Ecclesiam

575 2844 709 2903 nulli
737 2850 892 2918 patet
929 2845 1083 2901 locus
1121 2846 1310 2903 saluti.
1342 2845 1509 2903 Salus
1541 2850 1725 2902 autern
1762 2844 2006 2901 fidelium
2047 2852 2459 2910 consummatur
2486 2862 2589 2917 per

575 2930 836 2989 Ecclesiae
863 2938 1224 3001 sacramenta,
1255 2935 1308 2991 in
1337 2934 1539 3007 quibus
1560 2934 1737 2991 virtus
1761 2933 2032 3005 passionis
2054 2932 2255 2989 Christi
2279 2941 2543 3004 operatur
2571 2951 2587 2993 a

577 3027 634 3077 et
679 3020 1236 3095 ideo'consequenter
1273 3022 1495 3097 exponit
1536 3022 1671 3095 quid
1716 3021 1851 3077 fides
1878 3019 2151 3079 catholica
2192 3022 2397 3079 sentiat
2436 3022 2592 3081 circa

576 3109 838 3167 Ecclesiae
876 3120 1241 3179 sacramenta,
1273 3117 1332 3169 et
1366 3110 1543 3185 primo
1580 3111 1729 3167 circa
1766 3109 2189 3178 Eucharistiam,
2229 3126 2357 3167 cum
2398 3110 2540 3169 dicit
2570 3128 2589 3171 z

578 3219 605 3255 α
637 3200 696 3279 ln
727 3215 854 3271 qua,
885 3199 1096 3257 scilicet
1122 3198 1386 3267 Ecclesia,
1420 3200 1537 3273 ipse
1566 3198 1711 3256 idem
1736 3197 1986 3255 Christus
2014 3204 2101 3257 est
2124 3198 2385 3255 sacerdos
2406 3205 2465 3256 et
2492 3214 2592 3259 sa-

581 3288 864 3355 crificium,
901 3307 932 3341 ι)
959 3289 1088 3361 quia
1117 3289 1328 3345 scilicet
1362 3288 1481 3360 ipse
1508 3286 1701 3345 obtulit
1730 3304 1783 3343 se
1812 3287 1987 3359 ipsum
2022 3286 2085 3343 in
2113 3303 2218 3343 ara
2240 3288 2415 3343 crucis
2438 3287 2593 3345 obla-

581 3377 778 3440 tionem
795 3385 844 3434 et
867 3377 1094 3435 hostiam
1113 3378 1220 3433 Deo
1241 3377 1300 3433 in
1320 3376 1535 3433 odorem
1558 3375 1865 3449 suavitatis,
1889 3383 1950 3433 ut
1968 3375 2171 3433 dicitur
2200 3376 2271 3433 ad
2298 3376 2503 3448 Ephes.
2528 3394 2593 3435 v.

583 3465 640 3523 [n
664 3466 824 3537 cujus
846 3466 1101 3522 sacrificii
1131 3465 1709 3523 commemorationem
1734 3464 1981 3541 quotidie
2008 3464 2065 3521 in
2088 3464 2334 3523 Ecclesia
2362 3466 2592 3525 offertur

579 3553 911 3616 sacrificium
948 3554 1048 3609 sub
1075 3555 1257 3627 specie
1294 3554 1453 3627 panis
1476 3560 1533 3613 et
1571 3554 1708 3630 vini.
1738 3554 1897 3614 Circa
1934 3552 2085 3627 quod
2122 3554 2452 3615 sacrificium
2482 3556 2591 3613 tria

579 3641 931 3699 determinat.
956 3635 1138 3697 Primo
1161 3642 1382 3714 quidem
1400 3641 1691 3701 veritatem
1712 3641 1793 3699 rei
1812 3642 1915 3702 sub
1932 3648 2278 3699 sacramento
2292 3649 2590 3711 contentae,

580 3742 706 3787 cum
734 3729 868 3788 dicit
900 3746 915 3785 ε
947 3748 974 3785 α
1005 3730 1172 3803 Cujus
1207 3746 1407 3804 corpus
1434 3736 1491 3786 et
1525 3732 1749 3803 sanguis
1784 3732 1839 3788 in
1882 3738 2229 3789 sacramento
2259 3732 2449 3809 altaris
2482 3733 2592 3791 sub

582 3814 866 3885 speciebus
889 3818 1046 3889 panis
1071 3826 1128 3875 et
1155 3819 1270 3877 vini
1296 3818 1569 3883 veraciter
1606 3820 1976 3901 continentur».
2013 3838 2040 3873 n
2065 3820 2219 3883 Dicit,
2244 3828 2449 3899 autem,
2482 3837 2593 3879 ve-

583 3901 805 3971 nenet,
836 3904 907 3961 ad
931 3904 1330 3989 excludendum
1353 3922 1595 3991 errorem
1622 3908 1985 3981 quorumdam
2007 3908 2103 3988 qui
2129 3908 2407 3990 digerunt,
2436 3910 2593 3983 quod
