2784 4392
513 297 644 341 κη’.
676 312 757 327 -
783 296 1022 341 con-rm
1063 296 1278 341 mene.
1325 298 1427 341 nm
1466 296 1644 342 cunr.
1684 298 1767 345 arr
1804 299 2008 342 meme.
2185 280 2267 341 83

259 428 488 485 corpore
512 418 697 469 autem
726 412 962 469 humano
983 418 1066 469 est
1096 414 1173 469 ita
1194 413 1337 487 quod
1360 413 1551 470 oculus
1570 414 1819 471 omnibus
1850 413 2106 483 membris
2140 428 2270 487 pro-

258 502 412 557 videt
454 502 842 569 indifferenter,
871 510 927 558 et
967 502 1219 558 similiter
1257 502 1540 576 quodlibet
1579 503 1727 559 aliud
1767 504 2075 563 membrum
2110 504 2268 561 alteri

258 590 533 647 subservit
563 590 616 645 in
646 606 744 645 suo
765 589 962 655 officio,
996 592 1017 645 1
1047 590 1292 647 Corinth.
1321 606 1428 656 xn,
1463 594 1521 648 2⁴
1564 608 1578 645 ε
1609 590 1731 649 Non
1764 599 1935 664 potest
1964 599 2142 647 autem
2180 590 2269 647 di·

258 695 377 734 cere
399 679 578 735 oculus
603 678 792 735 manui
820 696 838 735 .·
867 679 1044 750 Opera
1071 686 1168 735 tua
1197 696 1302 735 non
1338 680 1569 752 indi9e0,
1600 687 1695 735 aut
1734 681 1933 736 iterum
1974 688 2132 752 caput
2169 697 2271 752 pe-

259 768 414 823 dibus
443 784 460 825 .·
485 767 610 825 Non
635 766 756 822 estis
783 768 919 823 mihi
940 766 1244 833 necessarii,
1276 785 1405 839 ergo
1431 778 1485 825 et
1516 770 1849 842 quicumque
1880 776 2168 824 sumuntur
2198 770 2268 825 ad

260 858 500 913 officium
528 856 792 913 doctrinae
817 856 1016 912 debent
1056 858 1306 913 omnibus
1345 858 1739 932 cujuscumque
1772 858 2103 914 conditionis
2146 858 2271 912 sue-

259 947 391 1013 rint,
412 945 658 1001 docendo
681 944 962 1018 proficere,
995 951 1050 1001 et
1076 946 1312 1018 religiosi
1339 946 1713 1013 saecularibus
1746 956 1801 1003 et
1831 946 2123 1003 saeculares
2152 946 2272 1001 reli·

261 1036 451 1105 giosiS.
491 1035 642 1090 {tem
697 1033 1132 1106 quibuscumque
1193 1035 1457 1107 competit
1515 1034 1715 1107 aliquis
1772 1042 1955 1101 actuS,
2007 1036 2270 1106 competit

262 1122 477 1179 admitti
500 1122 567 1177 ad
593 1123 911 1178 societatem
938 1123 1154 1177 illorum
1179 1124 1270 1195 qui
1293 1124 1615 1179 ordinantur
1642 1124 1709 1180 ad
1740 1130 1922 1180 actum
1954 1123 2123 1189 illum,
2143 1138 2267 1179 curn

261 1210 498 1265 societas
536 1209 666 1264 nihil
705 1210 852 1265 aliud
902 1224 1021 1265 esse
1062 1210 1331 1278 videatur,
1361 1226 1526 1283 quam
1572 1205 1834 1267 adunatio
1878 1209 2158 1266 hominum
2199 1210 2265 1265 ad
2346 1280 2352 1292 ι

260 1312 431 1351 unum
476 1296 683 1368 aliquid
727 1299 1089 1352 communiter
1149 1299 1419 1369 agendum
1470 1296 1481 1352 ἐ
1532 1299 1676 1354 unde
1722 1310 1776 1355 et
1833 1314 2021 1354 omnes
2071 1299 2270 1371 quibus

263 1401 506 1458 pugnare
532 1384 678 1452 licet,
710 1394 934 1457 possunt
973 1387 1378 1442 communicare
1420 1389 1474 1443 in
1516 1388 1707 1443 eodem
1752 1388 2015 1453 exercitu,
2050 1389 2143 1459 qui
2184 1394 2270 1441 est

263 1476 498 1529 societas
525 1474 773 1529 ordinata
801 1474 869 1529 ad
892 1475 1261 1546 pugnandum.
1291 1476 1410 1531 Non
1442 1478 1585 1530 enim
1616 1476 1865 1531 videmus
1893 1476 2037 1548 quod
2066 1475 2268 1529 milites

261 1562 502 1633 religiosi
528 1562 790 1633 repellant
809 1563 1010 1618 milites
1035 1564 1328 1619 saeculares
1360 1580 1390 1618 a
1413 1579 1513 1618 suo
1534 1564 1775 1618 exercitu
1802 1579 1898 1617 nec
1918 1578 1949 1616 e
1965 1578 2263 1618 converso:

261 1652 358 1706 sed
388 1652 622 1705 societas
649 1650 814 1705 studii
837 1659 921 1706 est
944 1651 1194 1707 ordinata
1215 1651 1281 1707 ad
1311 1658 1494 1707 actum
1519 1651 1749 1706 docendi
1766 1659 1821 1706 et
1846 1651 2108 1706 discendi.
2133 1651 2268 1706 Cum

261 1754 393 1811 ergo
421 1754 525 1795 non
555 1738 730 1794 solum
756 1739 1128 1806 saecularibus,
1164 1740 1258 1794 sed
1289 1740 1457 1795 etiam
1497 1741 1769 1810 religiosis
1798 1739 1959 1794 liceat
1988 1739 2185 1794 docere
2212 1746 2265 1793 et

262 1829 494 1896 discere,
523 1834 583 1882 ut
616 1844 681 1886 ex
720 1829 997 1899 praedictis
1029 1836 1200 1901 patet,
1231 1845 1337 1884 non
1368 1837 1452 1884 est
1496 1828 1740 1897 dubium,
1774 1828 1917 1901 quod
1950 1827 2187 1899 religiosi
2214 1834 2287 1883 et-

262 1917 555 1973 saeculares
579 1917 631 1971 in
661 1932 766 1973 una
795 1919 1058 1973 societate
1081 1913 1250 1973 'studii
1282 1933 1401 1973 esse
1428 1924 1677 1991 possunt.

301 2006 430 2061 -Est
457 2006 620 2061 etiam
656 2006 918 2077 praedicta
954 2007 1224 2062 sententia
1254 2006 1468 2072 frivola,
1512 2008 1641 2079 quia
1685 2006 1924 2062 rationes
1952 2004 2150 2077 quibus
2179 2006 2269 2061 in-

262 2095 476 2161 nititur,
511 2093 708 2150 nullius
753 2094 1008 2150 momenti
1037 2102 1184 2161 sunt,
1217 2104 1274 2149 et
1315 2095 1611 2150 ostendunt
1654 2095 2016 2165 ignorantiam
2056 2110 2265 2159 eorum,

262 2183 356 2255 qui
381 2198 475 2238 eas
504 2183 765 2248 inducunt
796 2181 878 2237 vel
912 2197 1094 2237 veram
1124 2182 1210 2238 vel
1239 2183 1442 2239 fictam.
1474 2183 1570 2238 Est
1600 2184 1743 2236 enim
1775 2183 2031 2249 societas,
2058 2190 2118 2237 ut
2148 2184 2271 2239 dic-

261 2281 382 2327 tum
411 2279 518 2340 est,
559 2271 818 2327 adunatio
849 2271 1126 2327 hominum
1178 2271 1243 2325 ad
1293 2271 1500 2341 aliquid
1544 2287 1713 2325 unum
1756 2271 2163 2343 perficiendum,
2214 2280 2270 2327 et
2346 2324 2350 2327 .

265 2361 387 2416 ideo
430 2362 728 2416 secundum
769 2360 986 2416 diversa
1028 2360 1096 2414 ad
1140 2374 1262 2431 quae
1315 2359 1643 2429 perficienda
1688 2359 1921 2414 societas
1962 2359 2266 2419 ordinatur,

262 2457 480 2523 oportet
530 2448 821 2505 societates
862 2448 1150 2519 distingui,
1193 2454 1248 2501 et
1303 2447 1370 2501 de
1418 2447 1499 2502 eis
1533 2446 1791 2517 judicari,
1837 2462 1962 2501 cum
2001 2447 2268 2517 judicium

264 2538 690 2608 uniuscujusque
734 2534 812 2590 rei
857 2535 1128 2607 praecipue
1174 2539 1423 2589 sumatur
1466 2549 1531 2587 ex
1563 2532 1687 2587 fine.
1736 2533 1803 2587 Et
1834 2532 1959 2587 inde
1996 2539 2081 2589 est
2122 2534 2269 2604 quod

261 2624 617 2698 Philosophus
657 2624 712 2678 in
759 2639 868 2680 vni
916 2622 1249 2690 Ethicorum,
1283 2622 1529 2679 diversas
1578 2620 2101 2677 communicationes
2150 2620 2269 2676 dis-

260 2714 484 2785 tinguit,
514 2730 637 2786 quae
665 2712 798 2768 nihil
824 2713 972 2768 aliud
995 2722 1122 2767 sunt
1151 2728 1314 2783 quam
1345 2712 1637 2767 societates
1666 2711 1939 2781 quaedam,
1972 2711 2269 2767 secundum

259 2804 481 2859 diversa
511 2802 708 2868 officia,
743 2803 796 2856 in
847 2801 1044 2875 quibus
1079 2799 1324 2856 homines
1353 2800 1455 2854 sibi
1489 2799 1721 2856 invicem
1759 2800 2180 2865 communicant,
2216 2808 2271 2853 ct

257 2891 564 2948 secundum
594 2891 693 2945 has
721 2891 1238 2945 communicationes
1272 2889 1547 2944 amicitias
1575 2888 1882 2959 distinguit,
1916 2889 2057 2944 sicut
2082 2904 2269 2944 eorum

260 2980 360 3053 qui
390 2978 552 3033 simul
577 2977 908 3044 nutriuntur,
941 2976 1023 3033 vel
1049 2978 1141 3049 qui
1172 2976 1332 3031 simul
1366 2977 1721 3047 negociantur
1751 2984 1845 3033 aut
1874 2976 2096 3050 aliquod
2124 2976 2271 3032 aliud

259 3068 546 3139 negotium
574 3070 850 3122 exercent.
880 3065 1085 3123 Exinde
1125 3066 1294 3120 etiam
1325 3066 1475 3120 venit
1503 3065 1781 3120 distinctio
1810 3065 2113 3129 societatis,
2148 3079 2271 3135 quae

259 3157 618 3228 distinguitur
647 3156 701 3212 in
728 3154 1000 3228 publicam
1032 3160 1086 3209 et
1111 3154 1400 3225 privatam.
1436 3153 1655 3209 Publica
1687 3160 1869 3209 autem
1910 3153 2147 3209 societas
2180 3152 2271 3205 di-

259 3248 428 3311 citur,
461 3244 949 3317 secundnm‘quam
978 3243 1224 3298 homines
1251 3242 1355 3297 sibi
1385 3243 1617 3297 invicem
1647 3241 2051 3299 communicant
2077 3241 2130 3294 in
2164 3254 2272 3295 una

259 3332 540 3406 republica
580 3332 980 3399 constituenda,
1013 3332 1156 3387 sicut
1179 3346 1369 3385 omnes
1402 3331 1645 3385 homines
1688 3331 1848 3385 unius
1892 3328 2151 3394 civitatis,
2185 3328 2269 3382 vel

261 3423 428 3478 unius
467 3420 617 3489 regni
660 3421 715 3473 in
763 3418 1186 3491 una'republica
1214 3419 1511 3475 sociantur.
1548 3420 1763 3474 Privata
1808 3424 1991 3474 autem
2034 3416 2271 3471 societas

261 3518 368 3576 est,
401 3524 528 3582 quae
557 3508 623 3563 ad
651 3507 870 3579 aliquod
900 3508 1174 3577 negotium
1207 3509 1481 3578 privatum
1510 3506 1870 3562 exercendum
1899 3504 2266 3574 conjungitur,

263 3600 410 3654 sicut
431 3595 575 3669 quod
602 3594 729 3659 du0‚
767 3592 850 3648 vel
877 3599 990 3649 tres
1015 3591 1334 3648 societatem
1365 3594 1572 3657 ineunt,
1609 3584 1671 3646 ut
1699 3591 1857 3647 simul
1898 3591 2263 3661 negotientur.

264 3688 511 3757 Utraque
539 3690 722 3740 autem
748 3683 1018 3739 dictarum
1046 3680 1370 3736 societatum
1395 3680 1749 3750 distinguitur
1778 3680 1831 3735 in
1864 3686 2182 3753 perpetuum
2213 3688 2267 3733 ot

268 3772 584 3846 temporale.
626 3770 761 3827 Illud
791 3771 955 3839 enim,
988 3771 1054 3827 ad
1082 3770 1227 3842 quod
1265 3769 1449 3843 aliqua
1476 3768 1787 3837 multitudo,
1822 3769 1904 3825 vel
1940 3768 2105 3825 etiam
2134 3769 2262 3832 duo,

267 3862 492 3921 veltres
528 3862 855 3933 obligantur,
897 3860 1224 3934 quandoque
1251 3866 1336 3917 est
1364 3864 1707 3934 perpetuum,
1736 3858 1881 3918 sicut
1917 3858 1993 3916 illi
2022 3857 2117 3932 qui
2146 3857 2265 3913 effi-

2692 328 2712 527 ι-μ-Δ--Ι-ῗ-
