2784 4392
497 284 613 350 106
971 306 1022 353 s.
1069 302 1302 352 moia
1341 302 1671 358 sommus
1712 300 2020 349 oeusountt

565 420 721 478 ltem.
761 420 1071 495 Spiritualis
1099 422 1295 481 militia
1327 420 1502 497 magis
1530 420 1793 495 competit
1822 416 2098 492 religioso,
2130 434 2296 493 quam
2322 432 2505 475 saecu-

497 506 596 565 lari
630 527 644 564 :
679 511 773 567 sed
813 510 882 568 ad
913 511 1164 570 militiam
1205 512 1529 577 saecularem
1569 510 1931 568 exercendam
1974 508 2173 583 aliquae
2208 504 2505 579 religiones

495 596 702 655 utiliter
726 596 994 657 institutae
1021 590 1149 658 sunt
1175 616 1187 655 :
1221 616 1352 673 ergo
1377 600 1549 657 multo
1570 598 1983 658 convenientius
2005 596 2244 653 instituti
2276 602 2505 669 possunt

493 686 560 741 ad
594 688 858 745 malitiam
901 689 1262 763 spiritualem,
1295 706 1421 763 quae
1450 691 1714 763 competit
1747 684 2203 761 praedicatoribus
2227 684 2406 753 verbi,
2432 684 2504 740 de

496 790 605 847 qua
635 776 838 833 dicitur
878 776 926 834 ΙΙ
971 776 1208 835 Timoth.
1248 794 1313 844 11,
1347 782 1378 835 3
1423 776 1675 836 :Labora
1705 776 1841 835 sicut
1883 777 2045 835 bonus
2070 774 2220 833 miles
2268 771 2501 834 Christi.

493 862 688 921 Glossa
721 881 734 920 ε
769 887 794 919 α
825 864 884 923 In
915 864 1264 941 praedicando
1287 866 1643 941 Evangelium
1668 874 1859 925 contra
1884 866 2068 924 hostes
2097 862 2246 921 fidei.
2276 883 2305 917 n

565 952 721 1010 ltem.
751 954 845 1011 Eis
885 956 978 1029 qui
1011 962 1302 1029 procurant
1347 954 1580 1014 salutem
1630 956 1954 1023 animarum,
1988 952 2358 1011 necessarium
2394 954 2501 1020 est,

496 1044 557 1096 ut
596 1039 711 1099 vita
753 1052 808 1099 et
837 1044 1067 1103 scientia
1109 1044 1354 1103 clareant
1381 1062 1449 1101 ex
1480 1044 1677 1119 quibus
1706 1060 1813 1102 non
1859 1043 1927 1100 de
1968 1042 2113 1099 sacili
2158 1048 2381 1116 possent
2419 1046 2505 1097 tot

495 1130 750 1201 inveniri,
783 1131 878 1207 qui
922 1132 1148 1205 singulis
1177 1132 1452 1208 parochiis
1494 1151 1591 1209 per
1618 1135 1932 1191 universum
1960 1133 2221 1190 mundum
2250 1132 2505 1215 praefice-

496 1226 705 1289 rentur,
731 1236 858 1277 cum
901 1222 1068 1279 etiam
1099 1230 1317 1296 propter
1361 1222 1731 1281 litteratorum
1772 1222 2033 1297 inopiam,
2063 1238 2167 1279 nec
2192 1221 2373 1279 adhuc
2405 1236 2503 1296 per

499 1307 788 1366 saeculares
814 1309 1052 1383 potuerit
1081 1311 1356 1369 observari
1384 1318 1651 1369 statutum
1673 1312 2057 1369 Lateranensis
2086 1310 2332 1377 Consilii,
2363 1315 2421 1365 ut
2445 1311 2503 1366 in

499 1398 728 1469 singulis
778 1398 1038 1456 Ecclesiis
1080 1399 1515 1473 metropolitanis
1561 1406 1743 1458 essent
1800 1398 1991 1473 aliqui,
2019 1400 2113 1473 qui
2172 1398 2502 1470 theologiam

502 1484 762 1543 docerent
795 1504 807 1544 τ
840 1487 986 1562 quod
1017 1497 1200 1545 tamen
1239 1506 1332 1563 per
1369 1488 1656 1563 religiosos
1688 1487 1783 1545 Dei
1822 1488 2000 1561 gratia
2029 1488 2303 1545 cernimus
2332 1487 2501 1543 multo
2548 1530 2553 1535 .

501 1575 664 1632 latius
706 1576 1007 1651 impletum,
1039 1594 1204 1653 quam
1245 1580 1412 1635 etiam
1442 1578 1606 1635 suerit
1635 1584 1925 1645 statutum,
1954 1576 2091 1633 adeo
2122 1584 2181 1632 ut
2218 1574 2501 1649 impletum

501 1664 751 1722 videatur
777 1664 906 1722 illud
931 1668 1004 1722 Ie.
1032 1684 1115 1736 x1,
1149 1669 1206 1722 31
1249 1668 1503 1740 :Repleta
1531 1674 1605 1723 est
1636 1658 1790 1723 terra
1829 1664 2054 1721 scientia
2089 1664 2329 1721 Domini.
2360 1664 2502 1737 Ergo

503 1754 856 1812 saluberrime
885 1755 1076 1827 religio
1118 1757 1304 1828 aliqua
1333 1757 1658 1823 instituitur,
1692 1754 1746 1811 in
1776 1771 1884 1828 qua
1929 1755 2041 1811 sint
2077 1754 2325 1836 homines
2349 1753 2503 1809 litte-

502 1839 607 1896 rati
630 1849 684 1897 et
713 1842 895 1899 studio
922 1848 1181 1901 vacantes
1209 1843 1276 1900 ad
1302 1842 1606 1913 iuvandum
1630 1843 1964 1914 sacerdoteS,
1987 1841 2080 1916 qui
2107 1842 2176 1899 ad
2202 1841 2306 1899 hoc
2324 1842 2501 1901 minus

503 1929 803 1988 sufficiunt.

576 2019 730 2074 Item.
762 2020 877 2077 Hoc
905 2018 1311 2077 evidentissime
1354 2020 1659 2077 ostenditur
1688 2036 1756 2077 ex
1798 2022 1989 2077 effectu
2017 2026 2304 2094 sequente.
2335 2018 2502 2078 Vide-

505 2124 627 2165 mus
650 2109 791 2164 enim
824 2108 1024 2167 talibus
1044 2108 1394 2183 religionibus
1418 2109 1683 2168 institutis
1704 2109 1756 2166 iu
1780 2110 2024 2184 pluribus
2050 2109 2301 2182 partibus
2326 2109 2504 2168 haere-

506 2197 674 2255 ticam
719 2198 1047 2270 pravitatem
1088 2215 1276 2257 eorum
1321 2198 1623 2258 ministerio
1661 2200 2009 2273 extirpatam‚
2042 2198 2291 2257 infideles
2338 2202 2500 2257 etiam

508 2283 792 2344 nonnullos
820 2286 886 2344 ad
918 2287 1079 2345 fidem
1109 2304 1419 2355 conversos,
1453 2290 1651 2345 multos
1683 2305 1775 2362 per
1806 2290 2117 2347 universum
2148 2290 2411 2346 mundum
2448 2288 2499 2346 in

506 2370 624 2445 lege
666 2374 762 2430 Dei
802 2374 1117 2444 instructoe,
1161 2377 1591 2451 quamplurimos
1634 2378 1702 2434 ad
1742 2385 1946 2435 statum
1990 2366 2326 2450 poenitentiae
2369 2394 2503 2435 con-

507 2478 712 2531 versos,
737 2464 812 2521 ita
837 2466 981 2539 quod
1002 2466 1047 2523 si
1073 2466 1196 2541 quis
1225 2466 1470 2523 inutilem
1504 2466 1668 2523 talem
1693 2464 2009 2537 religionem
2036 2467 2354 2535 mentiatur,
2382 2482 2504 2524 ma·-

506 2551 701 2608 nifeste
726 2552 974 2612 convinci
1000 2554 1172 2629 possit
1201 2556 1359 2628 quasi
1383 2556 1581 2627 gratiae
1617 2554 1854 2624 invidae,
1886 2571 2011 2629 quae
2039 2556 2093 2613 in
2118 2556 2199 2611 eis
2222 2562 2513 2633 operatur,-

505 2640 559 2694 in
588 2640 849 2711 Spiritum
878 2652 1128 2699 sanctum
1157 2659 1405 2717 peccare.
1523 2699 1530 2705 .

577 2728 732 2784 Item.
761 2744 902 2797 xxv,
933 2738 1109 2803 quaest
1136 2732 1188 2794 l,
1221 2730 1422 2788 dicitur
1455 2748 1469 2787 ι
1504 2752 1529 2786 α
1570 2732 1712 2791 Nulli
1741 2733 1825 2791 fas
1852 2733 1922 2789 sit
1946 2732 2062 2790 sine
2083 2740 2259 2791 status
2287 2734 2373 2792 sui
2405 2752 2504 2809 pe-

505 2816 694 2884 ricu10‚
743 2816 828 2875 vel
871 2816 1083 2875 divinas
1123 2818 1564 2890 constitutiones»,
1598 2823 1679 2878 vel
1724 2823 2053 2896 Apostolicae
2088 2824 2243 2880 Sedis
2280 2827 2500 2882 decreta

507 2910 792 2961 temerare.
830 2924 854 2957 »
878 2906 1009 2962 Cum
1050 2923 1178 2979 ergo
1208 2908 1578 2981 Apostolicam
1617 2912 1812 2967 Sedem
1842 2912 2129 2984 religiones
2169 2912 2371 2984 aliquae
2392 2912 2501 2970 sint

505 2990 775 3049 institutae
812 2993 882 3051 ad
930 2993 1212 3067 praedicta‚
1263 2997 1408 3071 quod
1456 2999 1623 3056 etiam
1669 3018 1736 3057 ex
1784 3002 1901 3074 ipso
1941 3002 2158 3057 nomine
2195 3004 2501 3059 ostenditur

507 3084 681 3153 (nemo
707 3082 851 3139 enim
879 3081 996 3141 sine
1021 3100 1186 3143 causa
1218 3087 1464 3159 sortitur)
1499 3088 1783 3146 manifeste
1824 3105 1881 3146 se
1906 3090 2271 3149 damnabilem
2298 3091 2499 3160 reddit,

505 3172 835 3246 quicumque
864 3172 1028 3231 talem
1052 3174 1368 3247 religionem
1392 3177 1654 3235 damnare
1683 3184 1932 3237 conatur.

572 3258 729 3316 Nunc
753 3260 943 3317 ultimo
964 3268 1135 3319 restat
1161 3264 1599 3322 adversariorum
1627 3265 2020 3339 objectionibus
2044 3268 2395 3342 respondere.

572 3346 728 3417 Quod
769 3363 898 3419 ergo
939 3348 1112 3422 primo
1157 3351 1430 3423 objicitur,
1485 3352 1630 3425 quod
1676 3368 1895 3425 pascere
1931 3354 2000 3412 ad
2054 3358 2348 3413 monachos
2394 3370 2500 3413 non

500 3435 758 3509 pertinet,
788 3437 883 3493 sed
916 3439 1083 3509 pasci.
1126 3438 1539 3512 intelligendum
1567 3447 1650 3497 est
1676 3457 1742 3497 ex
1788 3440 1891 3499 hoc
1914 3445 2059 3519 quod
2090 3453 2218 3501 sunt
2246 3446 2498 3503 monachi

499 3532 687 3582 contra
717 3525 837 3582 illos
861 3526 955 3599 qui
981 3544 1047 3582 ex
1071 3526 1185 3583 sola
1209 3529 1411 3585 virtute
1440 3530 1750 3586 sanctitatis
1775 3538 2101 3603 potestatem
2125 3533 2497 3592 Ecclesiastici

499 3616 704 3671 ordinis
731 3616 895 3673 alicui
942 3625 1251 3692 competere
1276 3619 1532 3675 dicebant
1564 3637 1578 3676 τ
1608 3620 1750 3677 sicut
1780 3623 1947 3678 etiam
1974 3630 2152 3695 potest
2193 3623 2323 3691 dici,
2352 3626 2495 3699 quod

498 3703 746 3759 saeculari
775 3704 975 3761 clerico
998 3722 1107 3763 non
1150 3708 1413 3779 competit
1441 3723 1682 3779 pascere,
1710 3711 1755 3767 si
1787 3727 1890 3765 non
1932 3709 2130 3768 habeat
2160 3728 2347 3769 curam
2374 3715 2496 3792 ani-

498 3805 730 3857 marum,
760 3792 841 3847 vel
869 3793 972 3849 nisi
1005 3795 1076 3851 sit
1104 3794 1205 3851 sibi
1237 3794 1307 3851 ab
1335 3794 1665 3853 habentibus
1690 3814 1877 3855 curam
1908 3800 2211 3857 animarum
2238 3804 2497 3859 commis-

499 3894 639 3935 sum.
667 3878 819 3935 Unde
850 3889 1069 3951 propter
1101 3880 1204 3939 hoc
1232 3896 1338 3939 non
1371 3884 1733 3955 concluditur,
1767 3888 1900 3961 quin
1927 3889 2193 3963 religiosis
2221 3895 2496 3965 competat
