2784 4392
525 274 662 322 xm.
691 286 774 303 —
801 270 1040 318 conum
1080 270 1266 315 anm.
1313 268 1465 313 nou.
1509 267 1591 311 An
1629 261 1871 309 means,
1917 265 2121 309 nnuc.
2256 247 2327 309 41

1061 474 1342 544 CAPUT
1397 472 1581 541 XIII.

804 609 1045 675 Salutio
1093 608 1403 670 rationum
1445 604 1854 669 induciarum.

395 750 492 806 His
521 748 686 819 igitur
715 744 866 810 visis,
899 741 1058 799 facile
1084 749 1167 797 est
1197 741 1263 797 ad
1295 740 1477 797 omnia
1504 739 1719 810 objecta
1750 739 2096 811 respondere.

394 837 550 907 Quod
589 836 734 890 enim
773 833 947 905 primo
992 831 1267 886 inducitur
1315 830 1382 883 de
1426 827 1608 883 verbis
1646 828 1893 899 Prospori
1926 843 1939 881 :
1976 827 2060 882 Sic
2080 828 2333 899 jejunare

324 927 580 991 debemus,
601 930 664 981 ut
691 938 794 977 non
821 937 917 976 nos
945 918 1249 975 necessitate
1271 917 1560 989 jejunandi
1586 915 1886 980 subdamus,
1918 914 2238 986 intelligitur
2268 916 2333 969 (lo

325 1014 650 1071 necessitate
675 1010 994 1074 coactioniS,
1015 1023 1138 1080 quae
1171 1007 1473 1078 voluntario
1501 1012 1786 1077 repugnat.
1813 1004 1965 1061 Unde
1992 1003 2173 1059 subdit
2206 1021 2216 1056 :
2251 1004 2334 1060 Ne

318 1103 433 1175 jam
466 1118 566 1156 non
594 1100 785 1165 devoti,
813 1097 900 1153 sed
921 1095 1084 1151 inviti
1115 1112 1223 1151 rem
1248 1112 1355 1149 non
1385 1094 1690 1149 voluntarie
1710 1092 1971 1166 faciamus
1982 1111 2000 1160 ;
2020 1109 2120 1147 non
2151 1099 2329 1148 antem

326 1192 564 1263 loquitur
589 1190 655 1244 de
683 1188 1009 1243 necessitate
1040 1185 1171 1253 voli,
1193 1201 1289 1257 per
1318 1200 1483 1256 quarn
1514 1184 1688 1255 magis
1713 1191 1943 1255 augetur
1964 1182 2181 1237 devotio
2210 1198 2333 1255 quae

328 1296 359 1335 a
381 1277 696 1335 devovendo
729 1276 1060 1331 nominatur.
1777 1258 1782 1261 ’

395 1367 548 1437 Quod
572 1380 699 1423 vero
725 1363 964 1419 secundo
991 1360 1330 1435 propositum
1355 1368 1457 1425 est,
1480 1360 1623 1433 quod
1650 1360 2015 1415 necessarium
2038 1367 2121 1415 est
2153 1360 2331 1415 minus

326 1456 684 1523 meritorium,
714 1451 1124 1523 intelligendum
1145 1455 1230 1505 est
1258 1450 1325 1504 de
1347 1450 1675 1504 necessitate
1700 1464 1823 1521 quae
1850 1448 1919 1504 ab
1951 1447 2129 1519 aliquo
2154 1449 2333 1519 impo-

328 1548 475 1601 nitur
499 1550 690 1600 contra
720 1539 1057 1597 voluntatem
1089 1537 1278 1612 ipsius.
1307 1538 1414 1593 Sed
1438 1553 1562 1591 curn
1592 1537 1791 1608 aliquis
1816 1535 1917 1590 sibi
1962 1536 2065 1606 ipsi
2094 1538 2334 1591 necessi-

329 1642 498 1689 tatem
529 1631 756 1703 imponit
793 1627 1186 1694 benefaciendi,
1211 1642 1277 1680 ex
1308 1625 1411 1680 hoc
1440 1624 1764 1679 laudabilior
1793 1622 2058 1688 redditur,
2086 1624 2212 1694 quia
2242 1640 2335 1695 por

329 1722 432 1776 hoc
461 1737 519 1775 se
549 1719 677 1773 lacit
707 1715 1106 1790 quodammodo
1133 1730 1350 1769 servum
1374 1714 1625 1784 justitias,
1662 1718 1719 1767 ut
1744 1711 2034 1782 Apostolus
2062 1718 2242 1766 monet
2266 1712 2334 1767 ad

329 1811 597 1867 Rom.·vl.
627 1807 779 1863 Unde
817 1814 871 1860 et
905 1804 1242 1875 Augustinus
1287 1802 1420 1856 dicit
1462 1802 1516 1855 in
1560 1799 1801 1873 Epistola
1844 1801 1910 1855 acl
1959 1800 2239 1855 Paulinam
2282 1809 2335 1855 et

329 1896 732 1955 Armentarium
763 1912 774 1948 :
808 1894 964 1949 Felix
985 1892 1258 1947 necessitas
1283 1906 1399 1961 qua*
1424 1889 1493 1945 ad
1517 1890 1741 1945 meliora
1771 1889 2050 1961 compellit.

399 1984 551 2055 Quod
580 1999 708 2041 vero
742 1982 904 2036 tertio
936 1980 1276 2052 propositum
1302 1984 1384 2033 est
1419 1980 1486 2053 de
1516 1978 1718 2034 sudaeis
1749 1977 2130 2034 convertendis
2167 1976 2333 2033 libera

331 2074 626 2137 voluntate,
659 2077 810 2143 patet
844 2068 912 2124 ad
941 2068 1276 2141 propositum
1303 2081 1408 2120 non
1442 2066 2013 2137 pertinere.Libertati
2048 2067 2191 2121 enirn
2238 2083 2336 2121 vo-

331 2163 554 2217 luntatis
583 2174 686 2215 non
708 2156 998 2230 opponitur
1027 2155 1368 2210 confirmatio
1389 2154 1686 2210 voluntatis
1708 2154 1759 2208 in
1783 2154 1951 2209 bono:
1974 2153 2212 2227 alioquin
2238 2158 2363 2211 nec*

333 2253 495 2314 Daue,
528 2263 626 2303 nec
652 2247 792 2301 beati
815 2240 820 2245 ’
843 2244 1069 2301 liberam
1112 2243 1446 2298 voluntatem
1494 2242 1755 2297 haberent
1784 2260 1796 2296 :
1824 2246 2115 2316 opponitur
2156 2252 2334 2299 autem
2422 2304 2426 2306 ,

331 2339 381 2392 ei
414 2336 711 2391 necessitas
739 2331 1040 2389 coactionis
1070 2347 1137 2385 ex
1167 2330 1425 2385 violentia
1455 2329 1538 2385 vol
1579 2337 1725 2384 metu
1758 2330 2073 2401 procedens.
2109 2332 2174 2386 Et
2214 2334 2334 2387 ideo

331 2426 612 2499 signanter
641 2423 775 2477 dicit
800 2422 983 2477 Canon
1011 2419 1078 2473 de
1107 2418 1310 2473 Judaeis
1342 2435 1354 2472 ε
1388 2417 1639 2473 Prcecidit
1665 2426 1849 2493 sancta
1878 2419 2111 2488 synodus
2138 2422 2337 2475 nemini

331 2516 568 2586 deinceps
605 2512 675 2567 ad
712 2508 1026 2565 credendum
1057 2507 1164 2561 vim
1196 2507 1425 2577 inferre.
1455 2507 1556 2561 Per
1597 2514 1781 2560 votum
1817 2515 1997 2561 autem
2048 2516 2141 2561 aut
2178 2510 2337 2579 jura-

332 2614 576 2659 mentum
600 2618 704 2659 non
733 2598 962 2654 insertur
990 2597 1193 2652 homini
1223 2597 1327 2661 vis·‚
1357 2596 1453 2650 sed
1471 2613 1536 2649 ex
1565 2595 1644 2649 eis
1670 2593 1919 2650 voluntas
1949 2594 2178 2649 bominis
2204 2612 2339 2650 con-

336 2693 580 2747 firmatur
609 2691 662 2745 in
692 2690 910 2751 bonum,
946 2685 1088 2740 unde
1127 2702 1221 2757 per
1251 2685 1354 2739 hoc
1391 2700 1497 2739 non
1525 2684 1770 2739 redditur
1797 2683 1959 2738 homo
1987 2684 2207 2753 invitus,
2241 2686 2334 2740 sed

333 2780 506 2851 magis
529 2778 755 2833 firmiter
785 2774 989 2841 volens,
1025 2775 1213 2846 etjam
1241 2772 1432 2845 incipit
1461 2774 1619 2828 homo
1648 2772 2049 2845 quodammodo
2075 2773 2253 2829 facere
2286 2776 2338 2828 in

334 2877 603 2943 qnantum
647 2881 705 2919 se
745 2864 950 2934 obligat
994 2861 1063 2919 ad
1101 2861 1432 2916 faciendum.
1462 2862 1530 2916 Et
1575 2878 1669 2932 per
1713 2854 1857 2917 hunc
1905 2863 2071 2917 etiam
2122 2863 2339 2917 modum

339 2956 521 3011 nullus
550 2969 698 3009 sanae
735 2953 933 3007 mentis
962 2952 1170 3007 diceret
1194 2966 1313 3006 esse
1351 2950 1606 3005 illicitum
1643 2950 1901 3005 inducere
1923 2951 2159 3016 ludaeos,
2194 2959 2255 3007 ut
2282 2968 2339 3005 se

336 3044 556 3117 propria
579 3040 856 3097 voluntate
882 3038 1184 3111 obligarent
1207 3037 1293 3093 vel
1315 3040 1647 3111 juramento,
1678 3038 1763 3095 vel
1795 3045 1942 3106 vot0,
1971 3040 2038 3095 ad
2065 3040 2343 3111 accipien-

337 3134 465 3187 dum
499 3130 851 3203 baptismum.

408 3218 561 3287 Quod
591 3224 772 3273 autem
799 3223 995 3289 quarto
1045 3215 1384 3285 propositum
1424 3221 1525 3280 est,
1556 3214 1701 3287 quod
1745 3213 2038 3286 aliquando
2080 3222 2210 3271 voto
2251 3213 2345 3269 aut

334 3313 645 3379 juramento
669 3322 728 3361 se
762 3305 832 3361 ad
863 3303 1180 3374 religionem
1204 3302 1513 3373 obligantes
1554 3303 1922 3369 retrocedunt,
1957 3311 2010 3359 et
2054 3304 2109 3358 in
2146 3304 2347 3374 despe-

309 3393 610 3455 ,rationem
645 3392 948 3447 incidentes
980 3392 1204 3446 tradunt
1243 3406 1302 3445 se
1343 3392 1485 3447 omni
1526 3391 1830 3462 iniquitati,
1857 3398 1910 3445 et
1950 3392 2028 3446 sic
2074 3391 2209 3445 liunt
2253 3390 2345 3445 filii

341 3482 604 3552 gehennae
630 3478 795 3550 duplo
825 3494 989 3549 quam
1020 3479 1094 3532 illi
1127 3478 1219 3548 qui
1250 3494 1342 3532 eos
1369 3478 1652 3543 inducunt,
1683 3478 1945 3533 refellitur
1988 3494 2084 3549 per
2125 3478 2347 3534 verbum

341 3567 587 3641 Apostoli
606 3564 754 3639 quod
775 3564 927 3631 dicit,
946 3565 1100 3620 Rom.
1125 3580 1214 3627 ιιι,
1229 3568 1260 3617 3
1283 3564 1591 3635 :Numquid
1606 3564 1953 3621 incredulitas
1967 3565 2179 3621 illorum
2192 3566 2348 3637 fidem

346 3657 448 3715 Dei
475 3654 789 3713 evacuavit?
813 3653 892 3709 Ex
933 3669 1040 3726 quo
1090 3652 1336 3723 accipere
1385 3668 1693 3723 possumuS,
1728 3653 1872 3724 quod
1917 3668 2011 3725 per
2057 3654 2157 3709 hoc
2202 3658 2347 3728 quod

346 3748 569 3820 quidam
594 3738 750 3802 bonis
781 3743 1098 3809 abutuntur,
1118 3740 1324 3797 nullum
1351 3741 1411 3797 fit
1439 3741 1813 3813 praejudicium
1845 3742 1949 3797 illis
1978 3746 2069 3817 qui
2094 3762 2371 3818 perseve-·

349 3844 472 3893 rant
490 3836 724 3900 inbono.
752 3834 904 3893 Sicut
933 3833 1100 3890 etiam
1125 3830 1319 3888 Glossa
1339 3830 1474 3887 dicit
1504 3830 1723 3901 ibidem,
1755 3831 1895 3907 quod
1928 3848 2033 3891 non
2054 3834 2197 3902 ide0‚
2222 3835 2352 3908 quia
