2784 4392
17 2885 33 3128 ἱ

17 3207 30 3684 l

17 3761 35 4277 l

162 3891 340 3972 fame.
371 3893 519 3970 Ergo
545 3909 605 3956 se
643 3909 915 3970 exponere
949 3894 1080 3956 fami
1109 3894 1266 3971 pejus
1289 3897 1374 3954 est
1398 3907 1564 3970 quam
1591 3907 1652 3953 se
1670 3907 1940 3970 exponere
1967 3889 2149 3968 gladio
2172 3912 2186 3952 ε

459 304 593 352 mv.
623 313 704 335 --
731 298 974 352 comm
1009 301 1226 352 meua.
1271 285 1377 353 nar
1417 303 1591 354 cunr.
1636 303 1715 352 εἰ·
1755 308 1959 356 anne.
2096 289 2213 355 133

200 423 262 477 ut
295 413 575 488 noveritis,
602 419 739 480 dicit
772 419 969 481 Glossa
1001 437 1017 480 ε
1051 441 1078 477 u
1109 399 1264 481 Siout
1301 419 1513 482 divitiae
1551 420 1941 497 negligentiam
1961 423 2208 500 ‘pariunt

197 507 413 580 salutis,
446 511 524 569 ita
559 515 794 583 egestas,
820 509 950 568 dum
973 511 1212 570 saturari
1242 512 1463 585 quaerit,
1489 528 1521 570 a
1553 511 1770 586 justitia
1796 513 2036 572 declinat
2067 531 2080 570 :
2112 515 2207 570 sed

196 597 276 653 illi
302 595 395 672 qui
425 597 632 657 relictis
658 597 911 658 omnibus
945 613 1245 675 pauperem
1285 599 1609 676 religionem
1632 603 1858 674 intrant,
1887 617 1947 660 se
1972 605 2208 676 egestati

85 681 91 687 '
195 686 518 760 subjiciunt.
562 705 590 742 n
630 687 771 762 Ergo
805 697 1012 762 ponunt
1051 703 1112 748 se
1152 689 1210 747 in
1249 689 1493 764 periculo
1539 689 1848 749 declinandi
1890 691 2205 766 ajustitia,

195 773 347 850 quod
372 776 592 834 videtur
616 776 1072 852 reprehensibile.-

262 863 422 923 Item.
450 863 474 922 1
511 863 582 924 ad
627 864 770 923 Tim.
801 879 881 936 vr,
914 870 968 938 8,
1000 879 1162 944 super
1203 865 1337 940 illud
1369 881 1384 926 ε
1414 864 1679 929 Habentes
1702 867 1977 940 alimenta,
2001 861 2055 929 e't
2080 869 2207 945 qui-

191 951 288 1012 bus
325 962 588 1028 teqamur,
631 955 767 1014 dicit
811 955 1006 1016 Glossa
1039 973 1052 1012 ε
1086 975 1114 1013 tt
1154 953 1274 1016 Etsi
1319 958 1395 1016 nil
1438 957 1785 1018 intulerimus
1827 957 1912 1018 vel
1965 957 2205 1020 ablaturi

190 1057 400 1112 sumus,
432 1057 538 1102 non
569 1053 752 1103 tamen
781 1046 1000 1103 omnino
1038 1043 1348 1120 abjicienda
1386 1055 1514 1105 sunt
1548 1045 1667 1107 baee
1708 1047 2033 1123 temporalia
2062 1063 2077 1105 t
2102 1049 2206 1107 sed

190 1124 297 1190 ille'
331 1131 425 1208 qui
467 1131 708 1192 dimissis
749 1133 1000 1193 omnibus
1043 1135 1361 1210 religionem
1404 1137 1593 1207 intrat,
1644 1151 1769 1212 quae
1810 1135 2203 1213 temporalibus

178 1223 624 1297 possessionibus
647 1231 820 1296 caret,
844 1224 1063 1283 omnino
1089 1227 1413 1299 temporalia
1442 1226 1697 1300 abjicit.»
1719 1226 1862 1300 Ergo
1892 1223 2201 1286 inordinate

188 1313 329 1384 agit.

257 1402 416 1458 ltem.
443 1398 617 1476 Super
644 1374 778 1460 illud
803 1397 937 1461 Luo.
969 1415 1058 1472 m,
1087 1398 1200 1459 44.
1237 1399 1517 1471 Quihabet
1556 1399 1691 1462 duas
1717 1399 1947 1471 tunicas,
1968 1401 2058 1462 det
2089 1419 2199 1460 uon

183 1489 436 1560 habent&
459 1487 686 1550 Glossa:
703 1511 729 1546 «ι
751 1489 830 1550 De
854 1489 1068 1550 duabus
1089 1489 1290 1549 tunicis
1313 1489 1627 1550 dividendis
1649 1492 1813 1550 datur
1834 1500 2194 1592 praeceptum,

181 1579 318 1655 quia
355 1579 402 1637 si
447 1593 554 1638 una
596 1577 880 1649 dividitur,
911 1591 1070 1637 nemo
1117 1579 1372 1637 vestitur.
1400 1577 1789 1638 Misericordiae
1828 1580 1974 1637 enim
2026 1577 2200 1653 ipsius

180 1686 283 1742 pro
323 1668 688 1742 possibilitate
729 1669 984 1725 humanae
1019 1665 1348 1726 conditionis
1393 1673 1645 1725 servatur
1690 1681 1967 1734 mensura,
2000 1674 2196 1724 utnon

180 1755 286 1815 sibi
315 1753 694 1830 unusquisque
716 1761 891 1814 totum
915 1755 1132 1830 eripiat,
1164 1751 1262 1814 sed
1287 1753 1435 1830 quod
1458 1751 1623 1814 habet
1652 1770 1776 1814 oum
1796 1769 2035 1831 paupere
2064 1771 2197 1830 par-

180 1847 377 1906 tiatur.
408 1865 434 1900 n
457 1846 599 1918 Ergo
627 1843 722 1920 qui
748 1845 929 1904 omnia
953 1843 1282 1920 pauperibus
1302 1845 1418 1916 dat,
1435 1841 1569 1904 nihil
1597 1843 1701 1904 sibi
1727 1859 2033 1916 reservans,
2049 1841 2194 1906 ultra

177 1949 499 1994 mensuram
527 1938 582 1991 et
609 1931 968 1992 immoderate
991 1931 1105 2004 dat,
1132 1933 1186 1992 et
1215 1934 1294 1991 ita
1323 1940 1536 2008 peccat.

251 2025 413 2082 Item.
435 2023 608 2098 Super
634 2021 768 2080 illud
795 2019 926 2097 Luc.
946 2035 1058 2094 xn,
1076 2023 1175 2081 29:
1202 2021 1386 2084 Nolite
1410 2037 1650 2098 quoerere
1678 2021 1810 2099 quid
1836 2022 2188 2083 manducetis.

176 2115 381 2174 Glossa
409 2113 564 2171 :Non
589 2110 932 2188 praeeepit'ut
955 2111 1086 2170 nihil
1113 2113 1360 2187 peeuniae
1384 2113 1454 2172 ad
1484 2129 1615 2172 usus
1644 2113 1982 2172 necessarios
2007 2130 2193 2172 reser-

176 2211 344 2263 vetur
375 2217 408 2261 a
433 2202 657 2270 sanetis,
681 2215 806 2260 oum
837 2207 891 2258 et
922 2199 1037 2278 ipse
1061 2199 1324 2266 Dominus
1347 2199 1555 2260 loculos
1577 2201 1835 2261 habuisse
1862 2201 2075 2276 legatur
2104 2223 2130 2256 »
2170 2220 2184 2259 ε

175 2291 277 2351 sed
302 2289 408 2349 nisi
439 2299 582 2350 esset
623 2289 824 2348 bonum
855 2304 1136 2349 reservare
1177 2288 1382 2365 aliquid
1424 2287 1548 2358 sibi,
1575 2291 1875 2350 reservatio
1914 2289 2187 2366 prohibita

175 2391 347 2450 esset,
394 2395 495 2438 neo
529 2380 792 2438 Dominus
833 2377 1042 2454 aliquid
1085 2385 1439 2438 reservasset.
1486 2377 1629 2454 Ergo
1670 2380 1873 2438 bonum
1915 2387 1971 2438 et
2015 2397 2185 2455 expe-

174 2471 338 2529 diens
360 2477 445 2528 est
474 2467 681 2544 aliquid
705 2467 809 2526 sibi
835 2483 1134 2538 reservare,
1167 2474 1223 2527 et.
1251 2483 1360 2526 non
1383 2468 1569 2526 omnia
1599 2467 1927 2542 relinquere.

251 2562 410 2617 item.
443 2561 586 2616 Dare
615 2559 794 2615 danda
821 2567 878 2615 et
921 2573 1029 2614 non
1061 2556 1242 2615 danda
1285 2562 1370 2615 est
1409 2564 1565 2615 actus
1610 2555 2057 2633 prodigalitatis.
2090 2557 2186 2614 sed

176 2647 270 2705 ille
301 2647 397 2724 qui
425 2647 520 2704 dat
549 2642 751 2718 omnia,
777 2635 873 2708 dat
898 2642 1078 2706 danda
1103 2651 1159 2704 et
1183 2661 1288 2704 non
1317 2644 1517 2713 danda,
1552 2661 1677 2703 eum
1725 2641 1857 2702 nihil
1900 2661 2005 2703 non
2044 2643 2187 2704 dan-

175 2737 308 2796 dum
337 2735 442 2795 sibi
469 2743 733 2794 reservat.
761 2731 905 2809 Ergo
933 2735 1057 2794 talis
1081 2742 1273 2810 peccat
1297 2733 1433 2792 vitio
1462 2731 1885 2810 prodigalitatis.
2211 2798 2218 2805 .

247 2825 410 2884 Item.
451 2823 610 2883 Rom.
650 2837 758 2893 xit,
789 2824 876 2882 t:
914 2823 1252 2884 Rationabile
1297 2821 1597 2897 obsequium
1638 2829 1892 2881 vestrum.
1930 2819 2181 2883 Glossa:

177 2935 206 2971 α
234 2913 318 2974 Ne
349 2912 482 2990 quid
508 2911 672 2972 nimis
695 2913 837 2972 sit.»
855 2913 960 2972 Sed
987 2914 1118 2972 dare
1143 2913 1324 2972 omnia
1345 2919 1430 2970 est
1456 2911 1589 2970 dare
1608 2911 1787 2982 nimis,
1809 2910 1939 2988 quia
1967 2913 2182 2972 excedit

177 3000 421 3063 medium
448 3002 594 3078 quod
618 2987 769 3062 tenet
799 2997 1139 3062 liberalitas
1125 3019 1182 3060 in
1206 3001 1407 3072 dando,
1434 3017 1560 3076 quae
1584 3001 1679 3059 dat
1704 3000 1888 3077 aliqua
1917 3010 1974 3060 et
2002 3018 2186 3060 reser-

177 3102 272 3153 vat
308 3093 586 3169 quaedam.
614 3091 756 3166 Ergo
785 3091 882 3168 qui
911 3091 1094 3152 omnia
1129 3090 1265 3151 dans
1291 3091 1613 3165 religionem
1653 3091 1842 3161 intrat,
1872 3107 1981 3150 non
2007 3109 2185 3165 praes-

175 3190 260 3240 tat
284 3179 614 3241 rationabile
640 3183 962 3256 obsequium
991 3181 1143 3240 Deo.·

244 3273 408 3330 Item.
453 3270 624 3340 Exod.
665 3285 769 3340 xx,
801 3269 888 3343 43,
919 3269 1162 3330 dieitur:
1203 3266 1332 3333 Non
1371 3267 1589 3338 occides,
1626 3267 1823 3328 Glossa
1849 3287 1865 3325 ε
1895 3290 1921 3324 α
1949 3266 2185 3328 Subtra-

171 3357 358 3420 hendo
397 3361 686 3419 consilium
709 3359 840 3420 vitae
871 3359 959 3418 cui
997 3357 1162 3418 debes
1191 3357 1343 3418 dare.
1379 3380 1406 3414 a>
1435 3357 1540 3418 Sed
1570 3357 1858 3418 consilium
1887 3355 2017 3416 vitae
2048 3371 2185 3414 con-

172 3449 468 3508 servandae
508 3447 798 3524 adhibetur
832 3465 926 3524 per
947 3445 1090 3506 hona
1121 3445 1464 3522 temporalia.
1492 3445 1634 3518 Ergo
1664 3445 1758 3520 qui
1796 3445 1938 3502 bona
1968 3451 2184 3518 tempo-

170 3538 314 3598 ralia
350 3533 626 3596 subtrahit
667 3535 774 3595 sibi
814 3537 905 3595 cui
953 3535 1189 3594 maxime
1234 3533 1398 3592 debet
1426 3533 1716 3592 consilium
1741 3531 1872 3592 vitae
1900 3529 2179 3597 adhibere,

170 3629 326 3684 venit
369 3635 565 3686 contra
604 3627 740 3686 illud
779 3631 1114 3702 praeceptum
1155 3621 1435 3698 Deoalogi,
1460 3618 1585 3684 Non
1612 3619 1954 3690 occides,sibi
1988 3634 2183 3680 manus

169 3714 495 3790 injiciendO.

247 3805 408 3864 item.
439 3802 810 3875 Threnor.1v,
826 3807 893 3864 9:
919 3801 1114 3868 Melius
1139 3798 1252 3880 fuit
1279 3798 1464 3862 occisis
1484 3799 1681 3877 gladio,
1706 3815 1863 3877 quam
1887 3797 2189 3880 interfectis

2185 3984 2195 4017 t
