2784 4392
782 215 892 263 xv,
919 230 1000 249 --
1027 216 1106 261 oa
1147 216 1452 269 anamma
1494 216 1832 265 eumenum
2190 200 2313 295 399

260 335 464 406 parte
479 331 868 407 judicantium,
899 332 1031 409 quia
1053 333 1125 392 ad
1153 333 1264 393 duo
1287 350 1489 407 genera
1514 334 1807 406 referebat,
1834 334 2093 397 videlicet
2119 337 2191 397 ad
2218 353 2317 411 pa-

307 426 529 478 tronum
555 423 914 481 ordinarium.
2083 452 2091 459 ·

375 510 684 569 Secundum
707 528 836 571 vero
860 520 978 570 erat
1002 514 1465 586 provocatoriam,
1494 514 1679 588 quod
1664 532 1783 587 ipse
1806 515 2107 589 principale
2131 522 2314 585 vocat,

304 600 361 655 in
389 617 500 674 quo
528 608 648 659 erat
675 602 1056 677 appellationis
1085 602 1376 675 refugium,
1415 610 1471 661 et
1505 604 1674 673 istud,
1708 611 1768 659 ut
1797 604 2157 677 Philosophus
2186 622 2319 662 nar·
2416 602 2425 607 ’

305 696 409 755 rat,
444 691 498 745 in
527 692 576 747 11
611 692 800 758 Polit„
843 692 1062 749 volebat
1093 694 1356 751 constitui
1385 710 1454 749 ex
1490 693 1797 751 senioribus
1824 694 2016 751 electis
2052 695 2319 765 civitatiS,

304 780 397 853 qui
439 780 582 837 male
611 782 862 854 judicata
904 784 1246 851 revocarent,
1295 798 1435 857 quos
1468 783 1667 841 'thusci
1715 785 1969 841 antianos
1996 784 2080 841 vel
2110 785 2319 858 priores
2376 773 2387 782 ’

304 880 522 936 vocant,
573 877 630 925 et
670 871 740 927 ad
787 871 890 928 hoo
931 879 1060 929 sunt
1106 872 1335 929 inventi.
1379 873 1659 944 Interdum
1704 870 2016 931 autem‘est
2056 873 2319 947 syndicus

305 959 638 1015 constitutus
676 960 742 1015 ad
783 960 949 1031 idem,
981 961 1062 1016 sic
1091 962 1404 1017 nominatus
1432 962 1592 1034 quasi
1633 976 1823 1019 curam
1865 948 2061 1033 gerens
2086 962 2313 1033 politiae,

207 1125 211 1130 Ι
305 1062 374 1103 ne
404 1047 634 1105 laedatur
661 1066 754 1121 per
785 1050 1129 1121 injustitiam,
1157 1057 1220 1107 ut
1247 1049 1457 1107 faciunt
1481 1046 1835 1123 collegiorum
1859 1051 2153 1109 oeconomi.

376 1136 513 1192 Item
543 1138 740 1193 statuit
765 1138 946 1195 dictus
977 1138 1352 1211 Hippodomus
1380 1139 1437 1195 in
1460 1154 1561 1195 sua
1589 1140 1777 1212 politia
1816 1136 1872 1195 in
1900 1146 2133 1211 utroque
2172 1152 2318 1210 prae-
2412 1179 2415 1181 ψ

307 1226 448 1279 torio
481 1232 592 1281 tam
622 1226 1104 1299 ordinario-quam
1139 1226 1447 1299 principali,
1480 1236 1539 1285 ut
1570 1226 1785 1299 judicia
1812 1228 2004 1285 fierent
2042 1228 2161 1287 sine
2197 1227 2319 1283 col·-

306 1311 538 1368 lectione
567 1314 895 1386 sapientum,
927 1314 1020 1369 sed
1053 1313 1281 1385 quilibet
1320 1313 1585 1369 scriberet
1626 1314 1945 1386 singillatim
1984 1314 2039 1369 in
2079 1314 2318 1386 pugilla-

307 1401 456 1465 ribus
484 1402 552 1457 de
581 1403 851 1460 sententia
895 1402 1116 1457 serenda
1154 1416 1313 1457 suum
1355 1402 1663 1469 consilium,
1708 1419 1873 1474 quam
1912 1403 2190 1458 ordinario
2232 1402 2320 1457 vel

302 1490 473 1562 judici
519 1490 900 1561 appellationis
933 1500 1144 1546 secreto
1175 1492 1498 1563 porrigeret,
1538 1492 1695 1561 cujus
1730 1505 1953 1545 causam
1996 1490 2320 1546 Aristoteles

309 1576 573 1649 assignat,
605 1592 672 1632 ne
701 1573 840 1633 sorte
877 1578 1076 1633 timore
1113 1574 1314 1633 civium
1350 1572 1643 1649 dejeraret,
1676 1580 1731 1632 et
1768 1573 2067 1653 declinaret
2096 1590 2129 1633 a
2158 1591 2337 1647 vero,

310 1684 474 1740 quem
504 1662 723 1722 modum
754 1662 912 1722 hodie
937 1662 1145 1739 politiae
1172 1663 1509 1722 Thuscorum
1532 1662 1829 1738 ‘observant
1856 1664 2105 1739 ponendo
2136 1665 2317 1723 fabam

309 1758 426 1813 sive
450 1757 733 1813 denarium
755 1758 813 1811 in
841 1756 1140 1827 piscidibus
1167 1756 1447 1829 deputatis
1475 1756 1543 1812 ad
1571 1754 1955 1815 affirmativam
1990 1754 2077 1811 vel
2108 1755 2320 1827 negati-

311 1862 437 1904 vam
477 1860 642 1919 super
670 1844 833 1902 rebus
861 1844 1087 1918 agendis
1126 1860 1222 1919 pro
1251 1844 1551 1918 republica,
1594 1844 1716 1905 sive·
1748 1859 1849 1918 pro
1882 1844 2315 1914 condemnando,

307 1938 428 1993 sive
453 1953 550 2009 pro
575 1936 903 1992 absolvendo
932 1936 1130 1991 civem.
1344 1927 1348 1932 ’

379 2028 537 2094 Item,
578 2026 774 2083 statuit
818 2023 964 2080 idem
1000 2022 1372 2097 Hippodomus
1411 2022 1467 2081 ln
1505 2036 1607 2081 sua
1634 2020 1825 2101 politia
1866 2022 2134 2095 quasdam
2173 2021 2319 2095 leges

311 2116 516 2187 pietate
554 2111 739 2186 plenas
761 2119 818 2169 et
841 2113 952 2185 juri
983 2119 1196 2169 naturae
1223 2118 1620 2171 consentaneas
1648 2112 1796 2170 circa
1825 2112 2080 2185 quiedam
2118 2128 2320 2185 genera

311 2202 612 2257 bominum.
641 2202 820 2257 Primo
848 2200 1072 2273 quidem
1095 2205 1362 2273 quantum
1386 2200 1455 2259 ad
1487 2201 1781 2273 sapientes,
1819 2206 1877 2258 ut
1909 2201 1955 2257 si
1990 2218 2057 2257 ex
2095 2202 2175 2257 eis
2212 2201 2321 2257 ali-
2418 2226 2424 2233 ·

313 2288 437 2363 quis
479 2288 759 2345 ordinaret
797 2286 1090 2360 expediens
1119 2288 1333 2345 civitati
1363 2286 1448 2348 vel
1477 2294 1679 2355 castro,
1712 2288 1973 2345 honorem
2012 2304 2321 2363 conseque-

313 2386 464 2437 retur
482 2379 638 2451 juxta
667 2376 925 2435 meritum
951 2378 1152 2449 operis,
1189 2378 1332 2433 siout
1370 2376 1577 2435 factum
1602 2384 1687 2433 est
1722 2376 1921 2450 ,ioseph
1949 2395 2045 2451 per
2074 2379 2320 2453 Pharao-

313 2484 458 2536 nem,
495 2475 555 2523 ut
589 2470 644 2524 in
667 2466 870 2525 Genesi
893 2466 1172 2530 scribitur,
1199 2472 1257 2523 et
1277 2467 1359 2523 sio
1381 2466 1585 2523 accidit
1620 2466 1960 2523 Mat-dochino
1990 2482 2085 2539 per
2113 2472 2323 2524 Assue-

311 2570 454 2626 rum,
471 2564 529 2613 et
553 2558 655 2614 hoo
672 2562 890 2630 propter
905 2554 1168 2612 beneficia
1189 2570 1314 2627 quae
1335 2560 1565 2627 uterque
1584 2552 1911 2621 contulerat,
1940 2568 2079 2609 unus
2096 2554 2319 2627 quidem

313 2648 544 2719 regioni,
571 2646 709 2704 alter
734 2658 862 2701 vero
897 2644 1152 2719 principi.
1183 2642 1298 2701 Hoc
1327 2642 1475 2701 idem
1502 2642 1668 2701 etiam
1699 2643 1767 2699 de
1790 2642 2147 2724 bellatoribus
2172 2659 2319 2717 prae-

255 2762 262 2767 ·
313 2736 466 2807 cipit,
497 2740 556 2788 ut
573 2736 620 2791 si
642 2734 808 2806 aliqui
829 2748 1018 2791 eorum
1041 2740 1384 2792 morerentur
1404 2732 1461 2789 in
1485 2730 1625 2795 bello
1647 2730 1717 2789 ob
1739 2730 2107 2790 defensionem
2125 2733 2319 2805 patriae

316 2830 371 2879 et
395 2810 595 2877 bonum
632 2822 890 2888 civitatis,
925 2822 1166 2904 ipsorum
1193 2823 1307 2879 nati
1337 2823 1652 2895 acciperent
1680 2822 1862 2882 cibum
1894 2824 1963 2879 de
1987 2822 2185 2881 aerario
2210 2837 2319 2895 pu-

315 2911 478 2967 blico.
509 2912 580 2981 In,
604 2924 711 2989 quo
739 2908 960 2982 quidem
1001 2923 1224 2967 romana
1255 2910 1828 2985 respublica-maxime
1863 2920 2121 2969 conatum
2160 2911 2319 2969 adhi-

315 3002 434 3058 buit
462 2996 783 3076 viotoriosos
823 2996 1023 3055 milites
1067 2998 1352 3065 honorare,
1385 3000 1503 3056 eive
1532 3000 1585 3055 in
1616 3008 1812 3066 morte,
1844 3000 1965 3073 sive
1993 3001 2049 3055 in
2084 3001 2221 3066 vite,
2259 3007 2321 3056 ut

315 3090 558 3147 historiae
603 3088 858 3155 tradunt3
903 3085 999 3143 sed
1049 3084 1320 3158 praecipue
1362 3087 1418 3142 in
1448 3084 1607 3155 -fitiis,
1652 3087 1781 3159 quia
1823 3086 1999 3151 ineis
2038 3100 2165 3145 cum
2208 3087 2319 3145 sint

311 3179 556 3253 ipsorum
583 3176 903 3243 similitudo,
927 3172 1062 3231 satis
1091 3182 1445 3247 perpetuatur
1474 3176 1755 3243 memoria,
1777 3182 1839 3232 ut
1864 3191 2052 3234 verum
2074 3176 2148 3232 sit
2172 3176 2319 3249 quod

317 3270 369 3325 in
399 3267 606 3323 Eccles.
646 3280 790 3333 xxx,
837 3266 888 3331 t,
931 3260 1186 3321 scribitur
1227 3280 1242 3319 ε
1283 3258 1537 3323 Mortuus
1560 3271 1639 3321 eet
1665 3264 1807 3320 enim
1837 3264 2067 3337 aequasi
2093 3278 2199 3322 non
2240 3271 2316 3323 ont

315 3362 574 3413 mortuus.
633 3352 818 3411 Simile
863 3352 1010 3409 enim
1065 3350 1288 3425 reliquit
1346 3358 1469 3425 post
1508 3366 1587 3419 ee,
1630 3350 1887 3409 videlicet
1954 3352 2009 3409 in
2052 3350 2317 3409 beneflcio

315 3444 514 3517 adepto
544 3456 710 3499 causa
740 3440 933 3515 patris.

384 3535 542 3600 Item,
563 3532 758 3589 statuit
782 3530 928 3603 quod
954 3534 1101 3586 totus
1120 3526 1367 3603 populus,
1400 3527 1655 3587 videiioet
1690 3534 1805 3587 tam
1826 3528 2119 3587 bellatores
2149 3542 2316 3603 quam

315 3622 572 3689 artifices,
619 3632 784 3694 quam
845 3620 1014 3676 etiam
1058 3618 1312 3691 agricolo
1355 3618 1658 3693 principem
1716 3619 2010 3691 eligerent,
2056 3618 2315 3677 nolebant

315 3714 459 3771 enim
519 3710 818 3785 principem
859 3720 954 3783 per
999 3709 1421 3779 successionem,
1474 3710 1935 3793 quemadmodum
1980 3720 2079 3786 pro
2116 3708 2315 3784 majori

315 3810 472 3887 parte
495 3802 787 3867 observant
815 3798 1072 3870 civitates
1097 3799 1290 3873 italiae,
