2784 4392
569 264 704 311 xxv.
732 277 815 296 -π
838 262 1079 310 coutras
1118 261 1336 313 meu&
1382 263 1486 310 nm
1525 263 1702 313 cunr.
1747 265 1824 312 m·
1864 267 2071 314 neme.
2209 251 2325 315 241

1035 473 1318 542 CAPUT
1362 473 1611 543 XXIV.

326 607 633 683 Quomodo
660 607 824 671 mala
851 623 981 686 quce
1009 607 1077 668 in
1116 607 1297 685 finali
1336 607 1620 670 Ecclesia
1663 607 1972 686 timentur,
2024 611 2329 692 reliyiosis

393 695 1014 848 Wzilzzginrobare
1040 695 1297 759 volentes
1332 696 1494 776 quod
1515 715 1544 760 e
1565 696 1764 760 vicino
1801 698 2026 764 instent
2065 706 2326 781 tempora

386 919 506 975 Jam
530 918 814 974 videamus
845 915 1119 991 quomodo
1150 916 1292 974 mala
1332 934 1460 992 quae
1504 918 1557 974 in
1588 917 1735 976 finali
1766 919 2009 978 Ecclesia
2041 922 2320 992 timentur,

316 1007 584 1080 religiosis
607 1008 909 1080 imponant,
934 1007 1177 1063 dicentes
1197 1021 1291 1062 eos
1318 1022 1439 1063 esse
1463 1008 1682 1064 nuntios
1708 1007 2050 1065 Antichristi.
2069 1011 2152 1068 Ad
2177 1016 2323 1086 quod

318 1096 770 1168 persuadendum,
812 1093 884 1152 ad
918 1095 1025 1150 duo
1057 1095 1393 1152 ostendenda
1423 1104 1712 1153 conantur.
1757 1097 1955 1165 Primo,
1997 1100 2145 1170 quod
2180 1119 2325 1159 nunc

315 1186 471 1258 quasi
510 1202 539 1240 e
585 1185 765 1240 vicino
810 1190 1058 1257 tempora
1100 1183 1424 1241 Antichristi
1474 1184 1830 1256 immineant3
1873 1189 2133 1257 secunde,
2167 1192 2322 1264 ,quia

316 1274 488 1330 nuntii
514 1271 833 1329 Antichristi
864 1281 991 1332 sunt
1020 1273 1330 1346 specialiter
1354 1273 1616 1346 religiosi,
1651 1276 1742 1346 qui
1771 1276 2075 1347 praedicant
2101 1284 2156 1334 et
2186 1296 2319 1336 con-

314 1363 576 1418 fessiones
622 1363 869 1428 audiunt,
903 1362 971 1417 de
1016 1361 1213 1433 quibus
1244 1378 1341 1433 per
1369 1362 1615 1417 ordinem
1655 1378 1901 1433 agemus,
1934 1364 2090 1433 Quod
2136 1376 2320 1424 autem

314 1467 421 1508 non
452 1450 608 1522 longe
645 1457 771 1506 sunt
810 1455 1057 1521 tempora
1087 1449 1501 1514 novissima,·ex
1532 1448 1635 1504 hoc
1674 1450 1904 1521 probare
1936 1452 2140 1520 volunt,
2175 1458 2318 1528 quod

312 1538 606 1613 Apostolus
650 1537 785 1593 dicit
824 1536 847 1591 1
883 1538 1007 1592 Cor.
1039 1551 1101 1604 x,
1152 1537 1210 1590 tt
1267 1554 1279 1590 ε
1314 1535 1428 1592 Nos
1456 1551 1638 1591 sumus
1681 1535 1743 1591 in
1783 1554 1908 1607 quos
1933 1538 2064 1608 fines
2099 1545 2318 1598 ,πει-υἱο-

312 1645 437 1685 rum
473 1627 817 1689 devenerunt,
844 1629 899 1680 et
938 1624 961 1678 1
989 1623 1145 1678 Joan.
1191 1638 1255 1690 11,
1285 1625 1351 1678 ⁴8
1386 1641 1400 1677 ε
1432 1623 1640 1689 Filioli,
1665 1624 1951 1681 novissima
1977 1626 2113 1682 hora
2139 1641 2233 1694 est,
2265 1641 2320 1687 et

312 1716 478 1773 Hebr.
509 1731 571 1782 x,
614 1715 683 1768 37
710 1730 723 1768 ε
765 1713 955 1768 Adhuc
998 1711 1259 1767 modicum
1297 1710 1788 1785 aliquantulumque
1815 1713 1908 1785 qui
1937 1722 2194 1772 venturus
2219 1727 2316 1784 est,

311 1803 504 1867 veniet,
530 1807 580 1858 et
607 1817 713 1856 non
748 1796 1008 1864 tardabit,
1038 1807 1094 1855 et
1139 1799 1326 1855 Jacob.
1350 1816 1415 1866 .v,
1442 1805 1477 1855 9
1509 1816 1524 1855 ;
1556 1801 1690 1856 Ecce
1731 1801 1906 1857 Iudex
1945 1809 2070 1860 ante
2088 1805 2316 1874 jovinum

310 1891 532 1948 assistit.
559 1889 639 1945 Ex
664 1889 861 1962 quibus
878 1888 1129 1945 omnibus
1155 1887 1353 1944 habere
1374 1888 1583 1956 volunt,
1611 1890 1756 1961 quod
1773 1905 1957 1947 cum1a
1981 1895 2315 1965 temporibus

310 1979 697 2054 Apostolorum
741 1978 958 2051 quando
1002 1977 1119 2034 haec
1169 1976 1512 2046 dicebantur,
1557 1978 1674 2049 jam
1724 1983 1935 2034 tantum
1981 1985 2195 2053 tempus
2245 1984 2316 2040 sit

311 2069 574 2140 elapsum,
624 2066 769 2139 quod
819 2079 963 2120 nunc
1004 2080 1170 2136 prope
1222 2065 1502 2121 immineat
1533 2073 1748 2138 tempus
1800 2066 2140 2124 Antichristi'.
2183 2071 2316 2141 Quae

312 2157 534 2230 quidem
554 2152 721 2210 verba
744 2151 791 2206 si
818 2150 899 2207 sic
922 2149 1246 2221 intelligant,
1272 2155 1333 2205 ut
1357 2155 1573 2223 tempus
1600 2152 1920 2209 Antichristi
1954 2155 2315 2229 propinquum

312 2261 433 2302 esse
469 2241 810 2306 denuntient,
853 2253 917 2294 eo
957 2238 1117 2294 modo
1164 2237 1440 2310 loquendi,
1485 2255 1594 2311 quo
1643 2242 1902 2312 temporis
1939 2255 2314 2318 quantumque

312 2313 551 2407 spatium
587 2330 644 2384 in
690 2341 845 2384 sacra
888 2325 1168 2398 Scriptura
1206 2325 1371 2381 breve
1417 2327 1556 2383 solet
1591 2329 1764 2401 accipi
1810 2330 1864 2385 in
1907 2337 2315 2405 comparatione

310 2419 657 2479 aeternitatis,
689 2415 989 2473 secundum
1010 2430 1173 2487 quem
1196 2413 1420 2470 modum
1447 2415 1648 2470 dicitur
1675 2417 1700 2472 1
1728 2417 1851 2473 Cor.
1879 2433 1981 2486 vu,
2009 2425 2076 2476 29
2103 2439 2117 2476 ε
2162 2423 2316 2480 Tem-

309 2527 411 2585 pus
435 2509 584 2565 breve
607 2511 707 2572 est,
736 2503 794 2559 in
822 2501 966 2560 nullo
996 2501 1430 2574 reprehensibiles
1454 2503 1828 2560 inveniuntur.

384 2597 489 2656 Sed
528 2605 709 2652 tamen
734 2593 854 2650 haec
879 2606 1067 2648 eorum
1096 2590 1325 2647 assertio
1350 2591 1422 2647 ad
1445 2606 1600 2648 suam
1625 2594 1954 2651 sententiam
1981 2595 2312 2655 confirman-

316 2689 441 2745 dam
472 2683 769 2741 efficaciam
797 2697 905 2737 non
947 2679 1185 2743 habebit,
1219 2694 1327 2752 qua
1354 2677 1611 2736 videlieet
1637 2679 1829 2737 volunt
1870 2689 2134 2756 astruere,
2167 2690 2314 2762 quod

316 2789 461 2832 nunc
494 2779 621 2830 sunt
654 2770 898 2827 cavenda
926 2767 1019 2824 illa
1047 2766 1288 2839 pericula
1331 2783 1457 2840 quae
1480 2766 1951 2842 propinquissimis
1983 2778 2316 2850 temporibus

316 2861 636 2921 Antichristi
679 2857 1046 2930 praedicantur
1086 2855 1270 2911 sutura
1314 2862 1368 2911 et
1411 2857 1557 2930 quod
1586 2873 1684 2930 per
1731 2859 2010 2932 religiosos
2039 2866 2131 2937 qui
2171 2883 2316 2924 nunc

316 2960 462 3018 sunt,
496 2949 767 3014 evenient,
792 2944 863 3001 de
901 2945 1097 3017 quibus
1134 2944 1335 3016 inquiri
1368 2945 1554 3000 volunt
1592 2963 1623 3002 a
1659 2948 1920 3019 praelatis.
1952 2953 2005 3009 Si
2037 2959 2221 3012 autem
2249 2973 2316 3012 cx

316 3040 403 3096 his
431 3036 611 3094 verbis
645 3033 865 3106 aliquod
894 3032 1184 3088 diffinitum
1216 3037 1431 3103 tempus
1457 3034 1662 3104 signari
1689 3035 1899 3106 volunt,
1941 3046 2132 3111 utpote
2170 3045 2318 3114 quod

288 3125 685 3184 ¹Antichristus
712 3121 895 3178 veniet
935 3119 1075 3176 infra
1112 3123 1320 3191 septem
1366 3136 1556 3189 annos,
1601 3129 1697 3177 aut
1726 3131 1966 3194 centum,
2012 3134 2110 3184 aut
2146 3130 2318 3200 mille,

319 3215 673 3272 inveniuntur
720 3207 1296 3284 praesumptuosissirni
1362 3209 1547 3265 multis
1588 3213 2010 3271 auctoritatibus
2056 3218 2318 3275 convicti.

317 3303 582 3359 Dominus
611 3300 775 3368 enim,
801 3301 926 3355 Act.
957 3312 997 3364 ι,
1024 3297 1059 3351 7
1084 3294 1456 3369 quaerent-ibus
1483 3297 1782 3371 discipulis,
1816 3299 1888 3358 de
1923 3300 2026 3360 hoc
2052 3302 2172 3375 ipso
2199 3321 2324 3362 res-

316 3391 511 3466 pondit
537 3403 552 3442 ε
578 3387 637 3445 N
638 3403 705 3441 on
728 3391 803 3441 est
825 3392 1057 3443 vestrum
1076 3401 1223 3440 nosse
1247 3386 1590 3458 temporassvel
1613 3397 1890 3445 momenta.
1917 3390 1997 3448 Ex
2026 3409 2135 3466 quo
2150 3411 2322 3468 argu-

318 3483 597 3538 mentatur
618 3475 953 3545 Augustinus
978 3475 1032 3528 in
1049 3473 1227 3544 Epist.
1257 3473 1329 3528 ad
1348 3473 1566 3545 Hesych.
1595 3477 1741 3548 quod
1769 3496 1794 3530 «
1819 3477 1866 3534 si
1891 3495 1997 3534 non
2025 3487 2108 3536 est
2133 3497 2322 3541 eorum

318 3584 498 3635 nosse,
526 3565 698 3622 multo
727 3561 905 3618 minus
930 3561 1180 3618 aliorum.
1216 3579 1243 3612 n
1274 3561 1341 3617 Et
1368 3562 1563 3618 Matth.
1595 3579 1758 3632 xxiv,
1787 3567 1854 3622 36
1884 3581 1898 3621 :
1933 3567 2008 3624 De
2033 3569 2119 3625 die
2141 3579 2322 3628 autem

317 3658 413 3715 illa
436 3671 585 3712 nemo
612 3651 732 3719 scit,
756 3663 920 3724 neque
942 3649 1116 3722 angeli
1139 3649 1408 3706 coelorum.
1434 3651 1504 3705 Et
1527 3651 1672 3706 idem
1691 3651 1939 3722 habetur,
1963 3657 2156 3730 Matth.
2184 3675 2318 3730 xm,

318 3754 375 3803 et
401 3745 451 3801 11
472 3745 663 3802 These.
694 3757 757 3808 11,
788 3745 821 3798 2
855 3756 869 3795 τ
900 3739 1025 3798 Non
1048 3737 1366 3794 moveamini
1388 3755 1423 3794 a
1443 3755 1600 3797 sensu
1627 3746 1822 3810 vestro,
1851 3745 2003 3815 quasi
2028 3744 2188 3805 instet
2209 3749 2322 3805 dies

318 3831 559 3893 Domini.
576 3829 995 3904 EtAugustinus
1010 3828 1143 3884 dicit
1160 3828 1214 3882 in
1234 3826 1409 3900 Epist.
1429 3827 1502 3884 od
1513 3827 1734 3902 Hesych.
1755 3829 1988 3907 loquens
2005 3851 2019 3891 ε
2045 3854 2071 3890 α
2100 3833 2321 3907 Dixisti,

819 3946 873 3997 S.
904 3946 1061 3996 Tuon.
1096 3947 1181 4002 Ao.
1206 3947 1472 3998 Oroscou.
1493 3969 1557 3984 -
1575 3943 1636 3996 ΙΙΙ
1679 3971 1744 3986 -
1764 3943 1826 3997 16
