2784 4392
641 297 776 342 nv.
800 311 882 327 —
907 296 1150 343 coum
1189 295 1413 345 mene.
1460 297 1565 343 mu
1605 298 1781 349 cun-r.
1822 300 1903 349 nr
1936 302 2159 351 anne.
2289 291 2401 357 141

391 413 523 489 quia
549 413 782 489 proximi
812 410 1190 488 spiritualibus
1217 411 1457 483 fuerunt,
1494 420 1607 471 tam
1635 428 1866 496 capaces
1903 418 2207 478 extiterunt
2231 423 2408 497 Spiri-

391 511 482 562 tus
507 502 702 573 sancti,
733 506 792 559 ut
815 503 999 559 omnia
1023 518 1122 561 sua
1148 501 1467 569 venderent,
1496 518 1796 579 eorumque
1823 508 2059 581 pretium
2083 509 2410 583 degentibus

391 592 829 661 distribuendum
868 600 997 649 ante
1039 590 1204 664 pedes
1245 589 1633 665 Apostolorum
1673 602 1969 669 ponerent;
2026 616 2052 651 n
2102 605 2160 655 et
2204 602 2344 659 infra
2390 619 2405 658 :

393 701 423 736 α
454 682 573 739 Non
615 682 761 739 enim
804 681 966 739 homo
1008 679 1148 739 ullas
1174 678 1450 737 Ecclesiae
1478 680 1725 755 gentium
1764 682 1960 741 fecisse
2006 674 2273 761 scriptum
2302 698 2405 759 est,

393 771 522 846 quia
552 785 657 827 non
685 776 803 835 tam
826 784 995 845 prope
1023 768 1232 829 inventi
1260 776 1438 837 erant,
1472 770 1566 844 qui
1597 769 1893 831 simulacra
1929 776 2241 837 manufacta
2278 780 2410 839 deos

393 859 685 916 habebant.
732 878 759 910 n
787 858 866 915 Ex
895 873 1005 931 quo
1035 863 1205 933 patet,
1235 858 1380 931 quod
1409 860 1748 934 Augustinus
1771 862 1995 937 praeiert
2018 864 2409 940 perfectionem

393 947 687 1019 primitivae
710 946 972 1010 Ecclesiae
990 945 1300 1017 judaeorum
1328 946 1629 1019 primitivae
1651 947 1913 1009 Ecclesiae
1939 966 2004 1009 ex
2047 954 2319 1025 gentibus,
2353 957 2410 1013 in

393 1037 497 1092 hoc
536 1036 684 1113 quod
729 1036 914 1093 omnia
955 1050 1054 1093 sua
1095 1034 1460 1091 vendiderunt
1492 1036 1823 1111 pauperibus
1852 1037 2266 1113 distribuenda3
2312 1046 2407 1103 sed

394 1125 496 1199 ipsi
522 1124 598 1181 ita
625 1124 989 1181 vendiderunt
1017 1123 1256 1199 propria,
1285 1123 1431 1196 quod
1455 1124 1632 1182 nullas
1656 1128 2028 1200 possessiones
2054 1129 2107 1187 in
2134 1136 2407 1191 communi

392 1219 810 1272 reservaverunt
860 1212 985 1269 sibi.
1018 1212 1160 1286 Ergo
1211 1212 1435 1285 majoris
1473 1214 1823 1287 persectifnis
1870 1204 1955 1273 est
1983 1227 2279 1294 paupertas
2316 1222 2405 1281 illa

392 1302 512 1359 sine
547 1298 980 1375 possessionibus
1009 1300 1064 1357 in
1093 1299 1387 1373 communi,
1416 1302 1585 1379 qu'am
1625 1301 1720 1361 illa
1749 1319 1875 1383 quae
1897 1303 1952 1363 in
1982 1310 2255 1367 communi
2283 1326 2408 1383 pos-

392 1392 663 1449 sessiones
687 1388 872 1447 habet.

464 1481 622 1537 Item.
651 1479 1017 1553 Hieronymus
1041 1479 1109 1535 ad
1140 1476 1490 1535 Heliodorum
1514 1478 1583 1535 de
1606 1488 1783 1537 morte
1810 1482 2101 1555 Nepotiani
2132 1486 2409 1545 irridendo

395 1568 621 1645 loquens
661 1568 794 1624 dicit
827 1584 841 1623 ε
892 1587 917 1621 α
951 1568 1071 1623 Sint
1101 1564 1326 1623 ditiores
1357 1566 1609 1622 monachi
1636 1584 1801 1641 quam
1839 1568 2055 1627 fuerant
2094 1574 2404 1643 saeculareS,

393 1657 706 1731 possideant
731 1672 862 1729 opes
892 1655 995 1710 sub
1029 1671 1270 1729 paupere
1299 1654 1535 1724 Christo,
1576 1671 1715 1731 quas
1752 1656 1856 1713 sub
1893 1656 2163 1731 locuplete
2191 1662 2405 1721 diabolo

394 1763 499 1802 non
530 1746 852 1813 habuerant,
880 1750 935 1799 et
964 1744 1202 1817 suspiret
1224 1760 1320 1803 eos
1346 1743 1591 1801 Ecclesia
1620 1743 1838 1814 diviteS,
1872 1762 2011 1823 quos
2040 1751 2216 1807 tenuit
2245 1768 2406 1809 mun-

393 1835 497 1891 dus
526 1842 650 1891 ante
692 1832 994 1891 mendicos.
1040 1852 1064 1883 n
1097 1832 1212 1889 Hoc
1246 1837 1431 1891 autem
1460 1832 1773 1909 frequenter
1802 1834 2118 1911 contingere
2144 1847 2321 1912 potest
2351 1844 2405 1900 in

394 1923 764 1995 religionibus,
793 1927 920 1995 quae
947 1926 1175 1994 possunt
1205 1922 1575 1995 possessiones
1611 1922 1830 1992 habere,
1870 1938 1975 1981 non
2005 1935 2187 1985 autem
2220 1931 2272 1989 iu
2300 1932 2404 1989 illis

395 2029 520 2089 quae
556 2010 990 2085 possessionibus
1011 2020 1220 2068 carent.
1251 2012 1394 2085 Ergo
1429 2013 1605 2085 magis
1628 2018 1714 2068 est
1744 2011 2016 2073 laudabile
2041 2015 2095 2075 iu
2125 2018 2405 2095 religioni-

395 2102 497 2159 bus
521 2100 956 2177 possessionibus
979 2115 1187 2166 carere,
1215 2116 1380 2175 quam
1411 2116 1505 2157 eas
1526 2100 1747 2161 habere.

465 2192 621 2247 Item.
657 2190 1022 2262 Hieronymus
1049 2187 1117 2244 ad
1146 2189 1411 2245 Lucinum
1440 2190 1685 2247 Beticum
1718 2208 1732 2246 :
1765 2211 1791 2244 α
1823 2192 2095 2265 Quamdiu
2122 2213 2405 2257 versamur

394 2282 450 2337 in
482 2278 642 2334 rebus
682 2276 891 2341 saeculi,
925 2281 981 2331 et
1009 2272 1190 2332 anima
1219 2284 1409 2333 nostra
1442 2280 1847 2351 possessionum
1876 2297 1941 2338 ac
1974 2284 2245 2345 redituum
2276 2306 2406 2362 pro-

395 2368 680 2425 curatione
717 2365 933 2421 devicta
981 2372 1084 2431 est,
1117 2364 1185 2419 de
1227 2366 1341 2421 Deo
1382 2365 1553 2423 libere
1592 2368 1837 2441 cogitare
1881 2386 1988 2429 non
2020 2389 2326 2447 possumus.
2376 2400 2402 2433 ι)

396 2457 538 2529 Ergo
570 2454 742 2527 magis
781 2452 1002 2529 expedit
1039 2452 1327 2527 religiosis,
1366 2452 1634 2513 reditibus
1661 2462 1718 2512 et
1760 2460 2193 2531 possessionibus
2219 2481 2406 2527 carere

398 2561 562 2623 quam
592 2559 686 2600 eas
710 2542 931 2602 habere.

467 2632 631 2690 Item.
652 2632 952 2705 Gregorius
980 2630 1116 2687 dicit
1146 2628 1201 2686 in
1223 2646 1290 2688 111
1319 2629 1415 2687 lib.
1445 2629 1659 2705 Dialoq.
1687 2630 1917 2707 loquens
1941 2634 2009 2698 de
2033 2638 2207 2709 Isaac,
2248 2660 2406 2705 servo

345 2772 350 2777 .
401 2724 496 2780 Dei
540 2741 553 2779 ς
587 2744 612 2775 α
647 2723 892 2797 Cumque
921 2720 971 2777 ei
1010 2719 1202 2777 crebro
1228 2719 1479 2797 discipuli
1511 2721 1819 2793 innuerent,
1854 2731 1916 2783 ut
1935 2743 2031 2801 pro
2058 2746 2159 2788 usu
2185 2748 2406 2793 monas·

401 2813 522 2869 terii
562 2811 932 2887 possessiones
974 2826 1097 2883 quae
1127 2809 1511 2881 offerebantur,
1546 2812 1836 2887 acciperet,
1870 2812 1959 2873 ille
2002 2818 2265 2881 sollicitus
2293 2841 2407 2883 suae

401 2900 738 2977 paupertatis
761 2904 966 2967 custoS,
995 2898 1191 2955 fortem
1219 2896 1367 2957 illam
1395 2915 1552 2957 suam
1584 2901 1804 2963 tenebat
1826 2909 2153 2965 sententiam
2178 2912 2363 2971 dicens
2390 2932 2403 2971 ε

400 2989 693 3046 Monachus
731 2987 824 3060 qui
868 2988 1099 3043 interra
1142 2986 1515 3060 'possessiones
1558 2992 1777 3064 quaerit,
1823 3010 1929 3050 non
1976 3002 2059 3053 est
2091 3002 2405 3061 monachus.

402 3080 490 3137 Sic
518 3078 719 3153 quippe
757 3074 1036 3134 metuebat
1073 3076 1417 3150 paupertatis
1458 3094 1573 3135 suae
1600 3080 1953 3139 securitatem
1988 3087 2233 3159 perdere,
2268 3092 2409 3147 sicut

404 3168 554 3227 avari
596 3166 797 3223 divites
827 3164 1002 3223 solent
1041 3166 1311 3240 perituras
1337 3165 1563 3223 divitias
1591 3167 1888 3226 custodire.
1936 3190 1962 3222 ι)
2001 3172 2079 3229 Ex
2123 3192 2231 3247 quo
2260 3186 2411 3251 patet

404 3257 548 3333 quod
590 3254 810 3328 majoris
847 3253 1196 3327 perfectionis
1225 3260 1280 3309 et
1307 3254 1623 3313 securitatis
1660 3265 1745 3313 est
1788 3261 2216 3330 possessionibus
2256 3282 2411 3327 com-

407 3342 660 3401 munibus
682 3357 870 3398 carere
899 3357 1064 3417 quam
1089 3357 1182 3397 eas
1205 3340 1427 3399 habere.

474 3433 634 3488 Item.
659 3431 805 3486 Inter
827 3430 1119 3487 monachos
1142 3430 1381 3504 AEgypti,
1412 3432 1478 3487 de
1499 3432 1696 3507 quibus
1724 3433 1777 3490 in
1803 3434 1930 3490 vitis
1950 3436 2169 3495 Patrum
2192 3442 2407 3517 legitur,

408 3516 758 3595 perfectiores
804 3515 882 3571 illi
931 3516 1340 3588 reputabantur,
1392 3520 1570 3589 quiin
1616 3536 1799 3576 eremo
1842 3521 2017 3579 nullas
2046 3532 2413 3598 possessiones

408 3609 661 3677 habuisse
705 3605 986 3679 leguntur;
1018 3619 1122 3660 non
1171 3620 1300 3678 ergo
1331 3608 1703 3678 possessiones
1731 3625 2047 3671 communes
2082 3617 2149 3673 ad
2176 3636 2414 3697 pauper-

412 3705 580 3761 tatem
607 3693 977 3767 evangelicam
1004 3694 1375 3769 requiruntur.

479 3785 996 3844 Item-Communes
1023 3784 1395 3858 possessiones
1430 3782 1643 3842 auferre
1674 3786 1727 3844 in
1760 3795 2029 3863 potestate
2058 3800 2415 3871 tyrannorum

411 3875 679 3939 consistit.
707 3873 762 3933 Si
789 3887 918 3949 ergo
941 3887 1050 3937 non
1074 3880 1202 3932 sunt
1229 3871 1586 3955 relinquenda
1609 3877 1791 3937 omnia
1814 3878 1917 3939 nisi
1946 3880 2181 3946 intretur
2204 3888 2260 3949 in
2285 3890 2417 3955 reli-
