2784 4392
759 313 866 361 xv,
897 332 976 346 —
1003 313 1080 385 ΒΕ
1123 314 1427 359 anamma
1470 312 1805 359 Pammenia
2162 294 2287 373 303

279 430 676 489 conducuntur.
707 431 810 489 Ubi
849 438 1035 489 autem
1064 447 1272 489 merces
1313 436 1413 509 'pro
1442 430 1548 487 fine
1588 432 1905 505 praefigitur,
1935 444 2041 487 non
2072 436 2286 487 tantum

278 520 582 577 intenditur
610 522 856 593 regimini
888 521 1248 589 subditorum,
1276 526 1332 577 et
1357 521 1440 577 sic
1463 536 1561 595 per
1584 533 1923 595 consequens
1950 526 2289 593 temperatur

281 611 634 665 correctionis
661 611 825 681 rigor.
857 610 1010 667 Unde
1041 620 1096 667 et
1124 612 1387 667 Dominus
1414 611 1470 666 in
1493 612 1648 666 Joan.
1679 624 1736 676 x,
1772 612 1861 675 ⁴2,
1891 609 2025 665 dicit
2058 608 2126 665 de
2154 608 2287 663 tali-

281 697 382 752 bus
409 714 422 752 :
455 696 824 758 Mercennarius
849 707 1023 755 autem
1049 706 1096 754 et
1127 699 1219 773 qui
1245 716 1352 755 non
1387 706 1464 755 est
1482 706 1691 771 pastor,
1719 698 1806 753 cui
1834 714 1941 753 non
1962 704 2035 753 est
2064 712 2197 752 cura
2224 697 2285 751 de

277 786 477 851 ovibus,
509 788 638 859 quia
681 788 893 843 scilicet
921 790 989 855 ad
1026 796 1238 857 tempus
1267 789 1622 861 praeponitur,
1652 787 1791 843 vidit
1824 788 2009 859 lupum
2046 793 2093 841 et
2122 786 2289 857 sapit,

280 870 652 929 Mer-canarius
674 879 850 929 autem
876 873 1038 945 [πρίῃ
1071 873 1200 945 quia
1237 874 1602 930 merce-narius
1630 880 1725 939 est,
1752 874 1909 947 quasi
1938 874 2056 945 ipsa
2082 888 2293 928 merces

277 960 352 1014 sit
378 961 483 1025 ‚sibi
511 959 634 1017 finis
659 962 958 1033 regiminis,
987 972 1042 1018 et
1064 962 1312 1019 subditos
1331 962 1433 1018 sibi
1467 969 1776 1035 postponat,
1812 968 2033 1034 propter
2062 961 2207 1033 quod
2238 968 2293 1019 et

222 1050 226 1053 ’
281 1049 491 1137 antiqui
523 1051 734 1105 romani
772 1050 959 1119 duceS,
992 1057 1053 1106 ut
1091 1051 1282 1107 scribit
1311 1050 1580 1109 Maximus
1608 1050 1872 1119 Valerius,
1915 1064 2101 1105 curam
2131 1064 2293 1121 gere-

199 1135 211 1140 ’
279 1137 412 1191 bant
439 1138 752 1209 reipublicae
776 1138 1085 1212 sumptibus
1113 1140 1367 1212 propriis,
1402 1149 1460 1195 ut
1490 1142 1559 1198 Μ.
1592 1140 1789 1196 Curius
1818 1146 1873 1195 et
1900 1137 2203 1204 FabriciuS‚
2238 1142 2293 1191 et

283 1226 436 1281 multi
475 1227 567 1283 alii
618 1243 632 1281 z
683 1228 824 1283 unde
853 1227 1220 1285 reddebantur
1263 1230 1333 1285 ad
1380 1243 1569 1287 curam
1614 1229 1823 1301 politiae
1854 1226 2191 1292 audaciores
2237 1232 2292 1281 et

281 1316 454 1386 magis
495 1312 734 1387 solliciti,
781 1317 938 1390 quasi
979 1324 1095 1374 tota
1135 1318 1188 1379 in
1221 1318 1497 1387 hocxesset
1535 1332 1723 1373 eorum
1753 1318 1985 1373 intentio
2015 1324 2072 1372 et
2116 1316 2293 1387 major

280 1404 526 1472 affectus,
553 1414 608 1461 et
640 1406 692 1461 in
723 1405 924 1461 talibus
946 1407 1507 1463 verificatur-Catonis
1532 1406 1803 1462 sententia
1826 1420 1995 1477 quam
2020 1403 2291 1460 Salustius

282 1491 447 1547 refert
487 1492 541 1547 in
585 1493 810 1550 catilin.
851 1494 1005 1550 Unde
1045 1494 1351 1567 respublica
1398 1510 1467 1561 ex
1507 1507 1676 1565 parva
1717 1494 1909 1547 effecta
1946 1500 2029 1547 est
2072 1506 2288 1561 magna,
2329 1494 2332 1497 '

277 1582 411 1651 quia
440 1580 497 1635 in
539 1580 646 1635 illis
685 1580 833 1636 domi
873 1582 975 1636 fuit
1002 1581 1290 1646 industria,
1328 1582 1462 1637 foris
1484 1582 1695 1651 justum
1737 1580 2045 1651 imperium,
2078 1579 2293 1633 animus

282 1668 336 1723 in
362 1668 692 1725 consulendo
720 1669 875 1737 liber,
905 1685 1079 1743 neque
1109 1670 1325 1735 delicto,
1357 1686 1534 1741 neque
1560 1668 1768 1723 libidini
1800 1666 2085 1741 obnoxius·

351 1757 601 1813 Secunda
643 1764 825 1814 autem
871 1761 1014 1813 ratio
1052 1758 1195 1827 unde
1237 1758 1539 1815 dominium
1582 1756 1867 1831 politicum
1909 1759 2126 1829 oportet
2173 1770 2293 1811 esse

283 1846 646 1914 moderatum,
699 1862 764 1903 ac
809 1862 933 1903 cum
984 1846 1356 1903 moderatione
1393 1846 1694 1902 exercitum
1751 1844 1986 1902 sumitur
2022 1862 2089 1901 ex
2133 1853 2293 1917 parte

282 1934 648 2002 subditorum,
695 1935 826 2009 quia
867 1936 992 1992 talis
1029 1943 1114 1992 est
1141 1951 1331 1992 eorum
1373 1933 1660 2009 dispositio
1701 1936 2002 1991 secundum
2038 1942 2292 1990 naturam
2348 1931 2365 1939 ‘

286 2026 690 2095 proportionata
710 2025 802 2080 tali
830 2024 1100 2095 regimini.
1124 2024 1479 2082 Probatenim
1497 2024 1821 2083 Ptolemaeus
1841 2024 1894 2079 in
1910 2023 2293 2095 Quadi-ipen„

284 2112 530 2183 regiones
574 2113 851 2168 hominum
893 2130 1012 2169 esse
1042 2112 1331 2170 distinctas
1369 2102 1672 2170 secundum
1718 2112 2160 2170 constellationes
2202 2112 2294 2168 di-

283 2217 489 2267 versaS,
531 2209 796 2273 quantum
835 2201 903 2256 ad
950 2218 1160 2257 morum
1209 2194 1469 2272 regimen,
1517 2203 1931 2274 circumscripto
1960 2218 2176 2275 semper
2200 2218 2291 2259 se-

283 2292 520 2345 cundum
569 2291 746 2361 ipsum
795 2305 961 2362 super
1013 2288 1292 2346 stellarum
1349 2290 1649 2345 dominium
1700 2289 1927 2362 imperio
1970 2290 2289 2348 voluntatis·

282 2378 438 2435 Unde
482 2380 730 2448 regiones
766 2378 1134 2434 Romanorum
1164 2378 1268 2433 sub
1293 2380 1466 2435 Marte
1491 2388 1765 2452 ponuntur
1796 2380 1865 2434 ab
1892 2380 2031 2451 ipsc,
2074 2386 2129 2436 et
2167 2378 2291 2435 ideo

285 2470 464 2521 minus
501 2466 854 2538 subjlicibiles.
906 2468 1132 2539 Propter
1174 2468 1320 2539 quod
1365 2483 1432 2521 ex
1460 2466 1653 2522 eadem
1681 2472 1847 2523 causa
1887 2466 2115 2539 praefata
2156 2484 2293 2538 gens

284 2571 403 2611 esse
443 2557 661 2627 ponitur
686 2556 898 2611 insueta
930 2558 1042 2625 pati
1073 2572 1197 2612 cum
1227 2556 1344 2611 suis
1371 2555 1641 2622 terminis,
1673 2562 1729 2610 et
1756 2555 1916 2611 subdi
1948 2556 2149 2623 nescia,
2186 2556 2291 2611 nisi

283 2660 406 2699 cum
435 2661 539 2701 non
577 2646 750 2718 possit
788 2646 1062 2713 resistere,
1095 2652 1151 2699 et
1195 2647 1324 2717 quia
1351 2637 1643 2718 impatiens
1683 2644 1845 2699 alicui
1876 2645 2087 2699 arbitrii
2114 2652 2172 2701 et
2196 2661 2293 2717 per

284 2748 623 2805 consequens
675 2734 972 2805 superioris
1020 2734 1226 2790 invida.
1274 2735 1421 2789 Inter
1468 2734 1742 2790 Romanos
1793 2732 2071 2804 praeside3‚
2122 2740 2182 2789 ut
2236 2731 2289 2788 in

286 2822 304 2876 l
347 2822 590 2877 Machab.
623 2837 726 2877 vm
760 2824 1034 2888 scribitur,
1065 2838 1222 2878 nemo
1247 2822 1499 2894 portabat
1524 2822 1794 2887 diadema,
1830 2838 1929 2878 nec
1962 2822 2291 2879 induebatur

285 2924 542 2981 purpura,
595 2919 649 2966 et
707 2910 934 2965 ulterius
981 2911 1234 2967 subditur
1276 2911 1505 2967 effectus
1552 2912 1709 2967 istius
1748 2912 2099 2980 humilitatis,
2160 2914 2289 2985 quia

286 3014 391 3054 non
437 3006 520 3053 est
563 2992 785 3064 invidia,
815 3014 914 3055 nec
955 2999 1104 3055 zelus
1143 3002 1283 3055 inter
1308 3016 1419 3055 eos.
1449 3000 1697 3069 Quadam
1728 2999 1892 3071 igitur
1917 3000 2290 3072 placabilitate

286 3088 472 3153 animi,
520 3094 580 3141 ut
621 3093 813 3142 natura
853 3089 1081 3159 requirit
1111 3088 1455 3143 subditorum
1500 3088 1644 3143 illins
1674 3088 1930 3158 regionis„
1977 3096 2031 3143 et
2074 3089 2289 3145 incessu

285 3174 472 3230 humili
513 3175 904 3245 rempublicam
934 3177 1328 3245 gubernabant,
1375 3178 1505 3248 quia
1533 3184 1595 3233 ut
1638 3177 1803 3231 tradit
1832 3167 2047 3232 Tullius
2068 3178 2125 3231 in
2150 3173 2291 3231 Phi-

285 3264 465 3334 lippic.
499 3276 515 3318 .·
556 3284 580 3315 α
623 3263 844 3318 Nullum
875 3264 1048 3335 majus
1088 3270 1421 3319 armatorum
1454 3264 1765 3336 praesidium
1807 3264 2076 3319 charitate
2106 3270 2161 3319 et
2188 3263 2288 3319 be-

286 3350 591 3406 nevolentia
623 3351 842 3415 civium,
886 3366 992 3424 qua
1023 3358 1239 3423 oportet
1270 3353 1665 3427 principantem
1694 3365 1813 3408 esse
1857 3354 2146 3418 munitum,
2182 3367 2288 3407 non

287 3442 472 3495 armis.
516 3458 540 3506 »
591 3441 654 3494 Et
699 3440 836 3497 hanc
879 3444 1043 3496 ctiam
1083 3442 1411 3497 sententiam
1458 3442 1623 3496 refert
1652 3442 1920 3498 Salustius
1964 3442 2031 3497 de
2061 3442 2284 3508 Catone,

285 3536 548 3602 quantum
576 3522 641 3583 ad
675 3531 928 3602 antiquos
956 3532 1144 3585 Patres
1168 3532 1459 3585 Romanos.
1488 3532 1695 3587 Rursus
1721 3530 1788 3585 ad
1812 3530 1975 3598 idem,
2004 3530 2291 3587 confiden-

287 3620 362 3673 tia
391 3616 749 3685 subditorum,
781 3620 894 3675 sivo
920 3621 988 3675 ‘de
1017 3621 1401 3676 exoneratione
1428 3620 1651 3675 dominii
1685 3620 2003 3691 regentium,
2040 3621 2155 3675 sive
2184 3620 2289 3675 do-

285 3708 525 3764 minandi
571 3710 623 3763 in
663 3722 760 3763 suo
793 3716 1035 3782 tempore
1074 3723 1312 3781 congruo
1340 3709 1519 3765 reddit
1548 3710 1695 3781 ipsos
1736 3706 1803 3765 ad
1838 3708 2146 3764 libertatem
2184 3726 2288 3763 au-

285 3798 465 3863 daces,
512 3812 579 3851 ne
621 3798 760 3853 colla
810 3797 1134 3855 submittant
1171 3797 1505 3870 regentibuS,
1554 3798 1697 3855 unde
1744 3804 1959 3872 oportet
2005 3797 2286 3876 'politicum

285 3885 523 3959 regimen
549 3902 666 3943 esse
693 3900 878 3946 suave.
1942 3890 1945 3895 '
