2784 4392
433 211 550 278 824
895 221 962 276 s.
1006 229 1242 276 'moun
1281 229 1611 280 scomma
1650 214 1963 275 ornacum

433 345 705 405 exercitio
746 344 893 422 quod
935 344 1157 413 habent,
1191 354 1310 403 tum
1349 343 1421 402 ob
1467 343 1806 402 universales
1844 345 2095 403 actiones
2144 345 2459 418 regiminis,

305 457 312 463 ·
433 435 586 492 unde
607 440 666 492 et
694 449 847 492 mens
873 435 1050 507 magis
1075 434 1323 493 elevatur
1357 435 1427 491 ad
1465 431 1681 501 divina3
1710 443 1829 489 tum
1862 434 2031 492 etiam
2060 435 2338 509 quiahoc
2372 437 2461 492 eis

427 522 706 580 incumbit
745 529 806 579 ut
845 537 906 580 se
941 517 1250 596 disponant,
1289 528 1354 579 ut
1389 537 1522 578 cura
1564 522 1645 576 eis
1686 514 1937 594 imposita
1990 523 2048 578 in
2094 523 2459 596 gubernando

431 623 682 682 gregem,
697 616 753 666 et
773 608 878 668 alia
898 624 1024 682 quae
1037 615 1163 666 sunt
1185 609 1496 665 necessaria
1514 608 1573 663 in
1592 607 1808 664 actibus
1834 607 2116 680 regiminis
2139 624 2266 682 quae
2282 621 2455 682 supra

429 700 614 772 ipsum
643 704 794 765 sunt,
821 705 877 754 et
901 705 1154 755 naturam
1184 695 1572 768 particularem
1600 697 1890 763 excedunt,
1922 713 2019 770 per
2046 698 2213 755 talem
2236 706 2451 756 motum

429 787 634 846 divinae
663 786 962 845 influentioe
983 785 1342 842 sufficientius
1364 785 1727 851 deducantur,
1759 783 1843 840 sic
1869 787 2015 840 enim
2046 786 2221 843 David
2260 801 2355 842 rex
2384 801 2450 844 se

430 876 721 949 disposuit.
755 878 983 948 Propter
1011 890 1176 949 quam
1201 888 1427 930 causam
1452 889 1521 928 ex
1561 878 1711 928 motu
1741 870 2157 930 illuminationis
2199 874 2447 946 prael‘atae

429 977 597 1036 super
621 978 812 1019 omnes
839 978 997 1034 reges
1037 971 1092 1019 et
1121 960 1415 1035 prophetas
1444 961 1644 1018 meruit
1674 961 1727 1015 in
1757 965 1873 1016 suis
1914 961 2141 1032 psalmis
2186 963 2442 1034 spi-ritum

431 1048 768 1124 propheticae
804 1049 1202 1122 intelligentiae,
1239 1055 1298 1106 ut
1325 1051 1581 1106 doctores
1622 1049 1923 1120 Scripturae
1972 1061 2147 1106 sacrae
2196 1050 2441 1108 tradunt.

429 1137 511 1198 Ex
533 1140 692 1211 cujus
719 1138 998 1196 contrario
1025 1145 1154 1196 actu
1179 1138 1455 1212 principes
1490 1134 1716 1201 ethnici,
1742 1133 1813 1192 de
1846 1136 2045 1208 quibus
2079 1139 2269 1194 Daniel
2312 1153 2443 1212 pro-

431 1227 597 1301 pheta
621 1227 952 1284 mentionem
982 1226 1134 1292 facit,
1167 1234 1228 1281 ut
1256 1224 1759 1296 Nabuchodonosor
1786 1229 1843 1278 et
1873 1224 2175 1292 Balthasar,
2206 1236 2365 1298 pater
2386 1235 2444 1286 et

429 1313 574 1373 filius
601 1320 916 1371 meruerunt
951 1313 1288 1379 obumbrari,
1314 1312 1461 1368 unde
1498 1318 1555 1368 et
1594 1310 1876 1367 influentia
1916 1313 2117 1370 divinae
2160 1314 2445 1373 illumina-

431 1404 596 1462 tionis
629 1403 801 1462 movit
842 1417 1031 1459 eorum
1061 1400 1408 1474 phantasiam
1435 1401 1491 1458 in
1534 1400 1909 1472 imaginativis
1943 1401 2261 1469 visionibuS,
2290 1412 2349 1460 ut
2384 1406 2441 1462 in

430 1494 656 1552 Daniele
679 1498 766 1550 est
792 1490 1159 1558 manifestum,
1185 1500 1248 1546 ut
1276 1491 1481 1546 scirent
1505 1488 1657 1562 ¹quid
1694 1489 1843 1546 circa
1876 1489 2059 1561 regale
2088 1493 2330 1562 regimen
2360 1495 2442 1551 eis

431 1580 917 1654 esset-agendum3
947 1579 1043 1637 sed
1083 1580 1214 1652 quia
1256 1593 1410 1635 mens
1452 1577 1695 1648 ipsorum
1739 1591 1847 1632 non
1876 1584 1997 1634 erat
2030 1577 2315 1651 disposita,
2344 1583 2441 1638 sed

431 1669 677 1728 involuta
705 1669 946 1726 tenebris
971 1675 1343 1740 peccatorum,
1371 1665 1442 1723 ad
1482 1665 1659 1738 ipsam
1696 1665 1949 1722 notitiam
1998 1681 2107 1722 non
2145 1674 2444 1740 potuerunt

431 1758 638 1815 venire.
667 1757 894 1828 Propter
921 1755 1067 1827 quod
1109 1755 1370 1826 insignito
1393 1753 1597 1808 lumine
1632 1752 1933 1825 prophetiae
1974 1754 2186 1810 Danieli
2229 1756 2443 1814 dictum

433 1854 516 1903 est
545 1862 560 1900 z
591 1844 714 1900 Tibi
735 1843 892 1899 datm
913 1841 1027 1914 fuit
1057 1841 1288 1913 spiritus
1314 1840 1681 1914 intelliyentioe
1706 1840 1779 1895 nd
1810 1841 1913 1898 ista
1934 1841 2399 1914 interpretandum
2414 1859 2438 1914 ‚·

432 1939 493 1990 ιιι
519 1931 832 1989 verificetur
859 1929 1005 2004 quod
1047 1943 1145 2006 per
1181 1927 1526 1985 Salomonem
1553 1928 1757 1990 dicitur
1784 1929 1839 1984 in
1880 1931 2134 1986 Proverb.
2164 1948 2290 2001 vm,
2324 1936 2390 1988 ⁴4
2420 1951 2437 1989 z

432 2020 611 2080 Meum
639 2025 718 2076 eat
739 2017 1018 2074 consilium
1045 2022 1096 2074 et
1122 2016 1363 2089 oequitas,
1375 2033 1491 2072 mea
1516 2023 1591 2072 est
1604 2016 1921 2090 prudentia,
1938 2025 1991 2074 et
2016 2031 2131 2073 mea
2159 2027 2237 2075 est
2265 2020 2439 2092 forti·

434 2107 580 2172 tudo,
608 2121 708 2178 per
735 2121 814 2162 me
841 2120 988 2176 reyes
1024 2109 1254 2176 reynant
1299 2112 1350 2162 et
1385 2105 1557 2178 layum
1592 2104 1888 2161 conditores
1918 2107 2071 2178 justa
2120 2107 2438 2176 decernunt,

430 2209 525 2269 per
551 2209 637 2250 me
664 2195 933 2267 principes
960 2193 1232 2268 imperant
1259 2200 1316 2250 et
1340 2201 1595 2266 potentes
1616 2194 1919 2250 decernunt
1939 2195 2235 2267 justitiam.

499 2284 568 2339 Et
613 2281 695 2340 sic
739 2283 1088 2340 manifestum
1133 2289 1236 2350 est,
1269 2281 1509 2356 qualiter
1545 2297 1709 2339 omne
1735 2282 2037 2339 dominium
2066 2290 2153 2340 est
2180 2299 2213 2340 a
2241 2285 2355 2342 Deo
2381 2286 2437 2342 in

430 2371 869 2431 consideratione
889 2379 1093 2430 motus.

1213 2547 1499 2618 CAPUT
1533 2548 1649 2616 ΙΙΙ.

431 2681 558 2752 Hic
571 2688 820 2748 sanctus
829 2681 1059 2745 Doctor
1076 2679 1184 2744 Ιιοο
1200 2679 1355 2746 idem
1364 2679 1589 2760 probat
1604 2696 1712 2758 per
1722 2677 2249 2756 considerationem
2263 2682 2432 2761 finis.

499 2813 608 2871 Sed
633 2821 689 2870 et
715 2820 969 2883 respectu
995 2812 1117 2868 finis
1144 2810 1324 2869 adhuc
1347 2810 1451 2867 hoc
1476 2811 1620 2866 idem
1648 2818 1898 2884 apparet.
1924 2811 1981 2868 Si
2024 2814 2171 2869 enim
2212 2822 2298 2870 est
2331 2814 2438 2871 ho-

425 2901 590 2959 minis
615 2915 780 2973 agere
799 2905 1019 2974 propter
1037 2900 1202 2958 finem
1223 2900 1437 2956 ratione
1460 2899 1543 2954 sui
1572 2899 1900 2966 intellectae,
1916 2901 2009 2974 qui
2028 2900 2191 2958 finem
2215 2903 2271 2959 in
2296 2919 2438 2962 una-

429 3003 649 3064 quaque
697 2989 816 3061 ejus
863 2989 1077 3045 actione
1116 2987 1438 3062 praestituit‚
1482 3001 1826 3060 unaquaeque
1872 2996 2069 3046 natura
2113 2997 2321 3065 quanto
2352 3000 2439 3049 est

428 3077 606 3150 magis
652 3075 1006 3146 intellectiva,
1038 3082 1193 3134 tanto
1236 3075 1411 3148 magis
1464 3084 1687 3147 propter
1738 3076 1901 3132 finem
1950 3078 2086 3149 agit.
2124 3079 2261 3135 Cum
2307 3095 2438 3153 ergo

425 3167 574 3226 Deus
615 3167 688 3223 sit
738 3179 952 3224 summa
994 3164 1374 3238 intelligentia,
1420 3171 1477 3219 et
1518 3179 1688 3236 purus
1732 3171 1891 3222 actus
1944 3165 2289 3238 intelligenti,
2339 3185 2439 3226 sna

426 3256 536 3315 acti
581 3255 756 3327 magis
799 3254 965 3312 finem
1011 3253 1262 3310 includit.
1305 3251 1451 3324 Ergo
1490 3257 1710 3324 oportet
1748 3252 1954 3321 dicere,
1989 3255 2138 3328 quod
2187 3255 2241 3310 in
2298 3272 2441 3314 uno-

426 3357 648 3416 quoque
669 3342 777 3400 fine
800 3341 1048 3414 uniuscnj
1058 3354 1230 3412 usque
1252 3339 1333 3395 rei
1361 3347 1569 3397 crealoe
1592 3341 1961 3412 praeexigatur
2002 3343 2149 3399 actio
2187 3341 2443 3402 intellec-

427 3438 517 3489 tus
541 3431 732 3500 divini,
763 3445 930 3504 quam
957 3439 1015 3486 et
1046 3443 1148 3486 nos
1174 3428 1417 3498 divinam
1448 3426 1795 3500 prudentiam
1823 3444 2100 3498 vocamine,
2135 3447 2232 3504 per
2272 3448 2439 3507 quam

424 3519 692 3596 Dominus
715 3524 912 3575 cuncta
937 3516 1196 3590 disponit,
1221 3524 1278 3574 et
1311 3517 1366 3572 in
1395 3515 1643 3572 debitum
1668 3516 1830 3573 finem
1856 3517 2101 3587 deducit,
2133 3525 2192 3574 ut
2218 3520 2440 3578 Boetius

425 3608 505 3665 Do
558 3604 924 3682 consolatione
958 3604 1298 3679 philosophie
1351 3601 1528 3677 ipsam
1578 3604 1860 3676 nominat,
1906 3607 2209 3664 secundum
2270 3623 2440 3680 quam

423 3695 696 3752 tationem
723 3693 924 3752 dicitur
947 3693 1003 3751 in
1030 3693 1168 3750 libro
1196 3694 1511 3767 Sapientia,
1541 3693 1687 3766 quod
1716 3691 1905 3750 divina
1924 3694 2195 3766 sapientia
2214 3696 2443 3768 attinyit

424 3795 462 3840 a
485 3781 594 3857 fine
617 3797 784 3857 usque
799 3781 872 3840 ad
891 3779 1050 3855 finem
1076 3779 1323 3855 fortiter,
1349 3787 1401 3838 et
1434 3780 1667 3854 disponit
1690 3781 1877 3842 omnin
1910 3782 2175 3842 suaviter.
2200 3783 2443 3844 Conclu-
