2784 4392
489 308 576 383 55
667 320 674 332 ’
967 328 1021 375 s.
1067 328 1300 374 monas
1339 324 1667 380 nummus
1708 326 2025 375 opuscum

469 444 861 517 possessiones
900 444 1122 514 habent,
1154 445 1210 503 in
1242 444 1414 503 altero
1444 446 1666 517 quidem
1708 450 1793 502 est
1836 448 2089 518 apertum
2132 442 2509 503 mendacium.

491 534 626 589 Cum
657 536 801 591 enim
827 532 1087 591 Dominus
1121 535 1418 609 discipulos
1445 536 1704 605 instituit,
1733 534 1878 609 quod
1924 550 2026 591 nec
2068 541 2375 608 argentum,
2405 550 2512 591 nec

491 638 682 678 aurum
729 624 1060 696 possideant,
1107 628 1162 677 et
1204 624 1350 697 quod
1403 625 1569 682 corda
1627 639 1819 679 eorum
1864 638 1970 695 non
2013 630 2311 695 graventur
2352 624 2506 679 curis

487 710 648 783 huJus
706 714 910 780 mundi,
948 721 1001 768 et
1049 712 1455 770 dimittentibus
1506 729 1665 785 agros
1706 718 1761 769 et
1815 713 2005 768 domos
2037 722 2258 786 propter
2306 730 2504 769 nomen

488 803 908 874 suum‚praemia
939 802 1273 874 repromittit
1299 817 1407 857 non
1436 802 1610 857 solum
1642 801 1695 857 in
1716 801 1917 867 futuro,
1941 800 2037 857 sed
2065 802 2119 856 in
2148 802 2253 857 hoc
2274 802 2501 872 saeculo,

490 890 784 964 utoscilicet
817 891 927 946 sint
960 906 1088 946 cum
1126 890 1420 961 Apostolis,
1455 889 1585 945 nihil
1633 890 1693 945 in
1736 889 1839 945 hoc
1885 890 2087 945 mundo
2130 889 2393 947 habentes
2444 899 2501 946 et

489 980 671 1054 omnia
698 980 1060 1055 possidentes,
1096 979 1444 1037 manifestum
1470 978 1721 1053 estquod
1752 994 1941 1035 ornnes
1986 978 2318 1053 quicumque
2360 980 2498 1039 hanc

487 1067 734 1138 regulam
780 1061 1199 1125 secuti'suerint
1247 1068 1696 1125 :institutionem
1744 1068 1944 1125 Christi
1996 1079 2301 1140 sequuntur
2340 1085 2353 1124 :
2400 1085 2499 1125 nec

488 1154 634 1227 enim
667 1157 742 1211 illi
772 1159 868 1231 qui
898 1166 1118 1213 sanctos
1151 1167 1473 1229 sequuntur,
1501 1176 1596 1231 per
1622 1174 1760 1232 quos
1802 1164 1931 1214 sunt
1968 1159 2187 1214 ordines
2237 1159 2494 1227 instituti,

487 1246 557 1302 ad
593 1248 740 1320 ipsos
779 1248 1065 1311 accedunt,
1094 1248 1188 1304 sed
1221 1265 1252 1304 a
1287 1248 1560 1304 Christum
1602 1249 1759 1321 cujus
1801 1248 2493 1321 documenta'proponunt‚

487 1336 617 1407 qnia
673 1352 774 1392 nec
821 1336 898 1391 illi
943 1336 1150 1407 seipsos
1188 1336 1642 1408 praedicaverunt,
1692 1336 1788 1392 sed
1825 1352 1957 1407 ,cum
2013 1336 2273 1409 Apostolo
2314 1338 2497 1392 ,iesum

488 1423 763 1482 Christum
799 1426 918 1497 ejus
945 1424 1270 1481 documenta
1303 1432 1685 1499 proponentes,
1720 1426 1773 1481 in
1824 1425 1995 1481 altero
2043 1441 2172 1482 vero
2216 1424 2493 1496 falluntur,

385 1548 390 1552 -
467 1512 572 1579 „vel
603 1510 789 1569 fallere
812 1513 998 1570 volunt
1029 1530 1123 1587 per
1154 1512 1426 1569 fallaciam
1456 1506 2048 1570 accidentis.'1nstituit
2078 1514 2224 1569 enim
2250 1514 2497 1570 Christus

477 1600 881 1675 Episooporum
918 1604 1185 1671 ordinem,
1219 1610 1273 1658 et
1321 1602 1551 1659 aliorum
1596 1602 1940 1668 clericorum,
1986 1602 2082 1675 qni
2128 1604 2496 1674 possessiones

486 1706 801 1747 communes
831 1692 1050 1759 habent,
1082 1691 1168 1751 vel
1200 1690 1449 1765 proprias
1480 1709 1494 1746 ε
1526 1692 1619 1747 sed
1647 1691 1749 1745 hoc
1777 1688 2024 1746 Christus
2060 1691 2112 1744 in
2137 1692 2217 1746 eis
2251 1708 2357 1746 non
2382 1692 2497 1746 ins-

488 1780 657 1844 tituit,
690 1782 784 1835 sed
819 1782 991 1851 magis
1016 1780 1256 1836 instituit
1285 1796 1473 1836 eorum
1504 1780 1749 1836 ordinem
1795 1779 1850 1834 in
1888 1778 2127 1851 perfecta
2154 1788 2492 1852 paupertate,

487 1866 633 1923 sicut
663 1884 730 1922 ex
756 1868 1033 1940 praedictis
1056 1878 1306 1941 apparet.
1339 1868 1693 1923 Postmodum
1724 1883 1852 1924 vero
1882 1867 2251 1939 dispensative
2280 1874 2407 1923 sunt
2441 1868 2495 1922 in

486 1954 727 2012 Ecclesia
753 1973 1068 2013 communes
1105 1956 1476 2030 possessiones
1523 1963 1764 2030 acceptae
1795 1944 2015 2030 propter
2045 1957 2314 2012 rationem
2350 1972 2497 2031 prae-

491 2044 715 2100 dictam.
2424 2042 2433 2051 ’

559 2132 716 2201 Quod
756 2131 923 2190 etiam
973 2134 1164 2207 quinto
1209 2135 1549 2208 propositum
1592 2142 1675 2191 est
1716 2133 1864 2207 quod
1906 2132 2203 2190 christiana
2235 2133 2495 2205 perfectio

483 2236 594 2279 non
616 2221 936 2280 dormitavit
965 2238 998 2279 a
1021 2232 1266 2297 tempore
1294 2224 1681 2297 Apostolorum
1708 2239 1879 2295 usque
1917 2224 1983 2279 ad
2030 2223 2321 2296 praesentia
2352 2228 2497 2278 tem-

484 2326 639 2383 pora,
667 2318 877 2367 certum
899 2320 981 2369 est
1005 2328 1127 2368 eam
1155 2329 1262 2369 non
1300 2312 1649 2378 dormitasse,
1678 2313 1771 2368 sed
1800 2314 1854 2369 in
1885 2311 2131 2385 plurimis
2156 2312 2334 2383 viguit
2362 2320 2417 2367 et
2443 2312 2499 2366 in

486 2400 740 2474 AEgypto,
767 2407 825 2457 et
861 2402 916 2457 in
951 2401 1072 2459 aliis
1100 2402 1348 2475 partibus
1378 2401 1585 2459 mundi.
1614 2402 1889 2472 Numquid
1922 2407 2105 2457 tamen
2145 2398 2345 2473 aliquis
2389 2402 2498 2455 Deo

486 2488 708 2545 modum
736 2489 1012 2564 imponere
1032 2499 1233 2565 potest,
1270 2498 1328 2545 ut
1359 2507 1548 2547 omnes
1577 2491 1630 2545 in
1676 2490 1820 2545 omni
1853 2498 2094 2563 tempore
2129 2497 2185 2545 et
2235 2491 2292 2544 in
2317 2489 2499 2544 omni-

483 2578 587 2635 bus
613 2578 744 2635 locis
771 2578 1016 2636 homines
1045 2581 1238 2637 eodem
1263 2580 1423 2635 modo
1449 2580 1519 2636 ad
1548 2596 1607 2635 se
1633 2579 1833 2636 trahat.
1857 2566 2163 2648 Quinimmo
2194 2578 2496 2634 secundum

485 2684 602 2724 suae
636 2669 919 2739 sapientiae
965 2667 1212 2724 ordinem
1251 2683 1358 2742 quo
1402 2668 1644 2726 suaviter
1695 2669 1950 2725 universa
1992 2666 2231 2740 disponit
2271 2665 2499 2736 singulis

484 2754 822 2827 temporibus
848 2756 1202 2827 congruentia
1227 2756 1559 2815 adminicula
1594 2756 1845 2830 providet
1875 2756 2127 2811 humanae
2152 2753 2337 2812 saluti.
2355 2752 2499 2822 Quid

485 2844 631 2901 enim
660 2844 705 2899 si
732 2850 1030 2918 quaeratur.
1047 2846 1326 2918 Numquid
1352 2846 1670 2902 dormitavit
1690 2844 1939 2901 doctrina
1966 2844 2263 2899 christiana
2288 2859 2318 2898 a
2352 2848 2500 2897 tem-

483 2930 708 3004 poribus
753 2934 1136 3004 magistrorum
1167 2933 1453 2992 doctorum
1484 2932 1788 3001 Athanasii,
1818 2931 2022 3000 Basilii,
2053 2928 2345 2997 Ambrosii,
2376 2933 2495 2985 Au-

485 3021 708 3093 gustini,
744 3027 798 3076 et
827 3022 1054 3081 aliorum
1086 3023 1178 3096 qui
1214 3024 1359 3080 circa
1390 3022 1525 3078 illud
1566 3029 1781 3094 tempus
1808 3021 2027 3077 fuerunt
2058 3036 2230 3093 usque
2276 3018 2345 3074 ad
2376 3018 2499 3075 haec

478 3116 671 3164 nostra
699 3117 965 3183 tempora,
995 3112 1049 3167 in
1074 3112 1272 3185 quibus
1300 3112 1476 3183 magis
1517 3110 1571 3166 in
1613 3109 1864 3165 doctrina
1908 3108 2206 3165 christiana
2248 3106 2496 3162 homines

485 3199 852 3255 exercentur?
906 3201 1181 3273 Numquid
1239 3200 1539 3257 secundum
1594 3198 1901 3254 mirabilem
1957 3213 2147 3253 eorum
2202 3196 2491 3263 rationem,

485 3276 751 3361 quidquid
776 3287 901 3344 boni
927 3294 1171 3363 tempore
1197 3289 1379 3361 aliquo
1416 3288 1788 3363 intermissum
1818 3286 1939 3353 fuit,
1975 3285 2224 3340 illicitum
2260 3282 2365 3340 erit
2405 3300 2499 3338 re-

483 3376 671 3432 sumi?
697 3376 787 3433 Sic
815 3378 960 3433 enim
990 3384 1046 3433 et
1083 3378 1410 3451 martyrium
1451 3375 1702 3434 illicitum
1750 3376 1854 3430 erit
1893 3374 2095 3441 subire,
2130 3380 2185 3429 et
2227 3371 2495 3429 miracula

485 3465 684 3535 facere,
712 3468 842 3540 quia
871 3466 1043 3523 multo
1073 3475 1316 3538 tempore
1344 3471 1472 3521 sunt
1498 3464 1810 3537 hujusmodi
1838 3464 2169 3519 intermissa.

555 3556 711 3625 Quod
735 3572 864 3614 vero
891 3562 1044 3613 sexto
1072 3562 1403 3629 proponunt,
1432 3554 1575 3628 quod
1623 3553 1697 3609 illi
1742 3554 1835 3627 qui
1868 3549 2301 3624 possessionibus
2338 3564 2498 3606 com-

486 3645 740 3700 munibus
767 3644 1047 3714 carebant,
1077 3644 1334 3699 vivebant
1354 3644 1423 3699 de
1443 3643 1697 3715 operibus
1725 3658 2005 3709 manuum,
2033 3641 2136 3696 hoc
2166 3655 2273 3695 non
2316 3640 2497 3695 mino-

483 3749 604 3788 rem
645 3734 974 3790 calumniam
1008 3733 1148 3801 aliis,
1171 3748 1337 3809 quam
1381 3731 1650 3802 religiosis
1684 3732 1904 3802 ingerit,
1932 3730 2060 3803 quia
2100 3729 2269 3784 etiam
2313 3731 2497 3799 Apos-

484 3820 652 3893 toluS,
706 3824 800 3895 qui
841 3821 1196 3892 Evangelium
1243 3820 1598 3895 praedicabat,
1640 3820 1861 3877 vivebat
1892 3818 1960 3873 de
2016 3833 2179 3889 opere
2229 3814 2495 3874 manuali.

484 3909 767 3985 Numquid
796 3925 925 3982 ergo
954 3910 1224 3985 Episcopi,
1249 3906 1637 3976 archidiaconi,
1664 3915 1719 3966 et
1748 3907 2186 3981 quibuscumque
2218 3922 2285 3963 ex
2315 3903 2501 3964 officio

2544 4068 2592 4130 χ
2608 4100 2611 4105 .
