2784 4392
450 302 539 367 40
933 314 986 365 s.
1030 316 1262 363 'monae
1302 313 1628 369 sommus
1670 314 1981 362 oensem-A

457 442 682 509 peccato
718 435 923 509 poterit
963 450 1238 501 revocare,
1260 441 1321 492 ut
1361 432 1593 490 habetur
1622 432 1676 489 in
1706 434 1973 502 DecretiS,
2005 434 2252 491 distinct.
2284 449 2464 492 xuv:

457 524 518 581 Si
543 542 746 591 servus,
768 522 859 579 ubi
889 524 1090 581 dicitur
1114 522 1260 595 quod
1289 522 1338 577 si
1354 522 1565 578 domino
1592 522 1876 595 iqnorante
1904 540 2087 579 set-vus
2109 524 2281 594 fuerit
2310 524 2463 581 ordi-

457 622 638 680 natus,
661 614 782 669 lieet
802 612 850 669 ei
873 612 1028 684 iufra
1055 611 1287 683 spatium
1309 612 1474 666 unius
1501 610 1635 666 anni
1660 617 1708 666 et
1747 611 1991 667 servilem
2018 612 2297 683 fortunam
2328 629 2461 685 pro-

457 702 605 769 bare,
637 709 684 757 et
706 718 915 759 servum
937 718 1090 756 suum
1115 699 1370 771 recipere.
1400 700 1469 756 Et
1497 701 1625 772 quia
1656 716 1808 774 puer,
1836 700 1921 756 vel
1953 700 2133 774 puella
2164 701 2301 757 infra
2331 718 2463 773 pue-

458 790 587 847 riles
613 807 782 847 annos
804 791 972 846 etiam
997 807 1061 845 ex
1086 788 1323 845 naturali
1347 790 1471 861 jure
1501 790 1557 843 in
1586 796 1859 862 potestate
1891 791 2063 861 patris
2090 791 2460 857 constituitur,

458 878 659 950 poterit
689 884 843 950 pater
867 886 1058 935 votum
1083 876 1153 935 ab
1181 876 1260 932 eis
1289 877 1569 943 emissum,
1593 876 1640 931 si
1669 876 1922 945 voluerit,
1954 884 2241 949 acceptare
2268 893 2467 933 secun-

458 967 591 1021 dum
636 966 1038 1021 ordinationem
1086 964 1227 1036 juris
1282 964 1476 1021 divini.
1531 963 1742 1021 Dicitur
1796 965 1942 1021 enim
1990 967 2153 1022 Num.
2209 980 2355 1033 xxx,
2384 968 2417 1021 4
2448 982 2461 1021 z

459 1052 662 1109 Mulier
683 1053 733 1107 si
755 1052 1032 1125 quippiam
1067 1053 1292 1118 voverit,
1309 1060 1361 1109 et
1385 1069 1439 1107 se
1464 1052 1787 1109 astrinoeerit
1806 1053 2137 1125 juramento,
2166 1069 2279 1125 quae
2308 1060 2382 1108 est
2407 1052 2465 1108 in

461 1142 610 1197 domo
624 1142 808 1213 patris
833 1141 940 1207 sui,
967 1148 1015 1196 et
1039 1141 1098 1196 in
1127 1128 1282 1198 oetat'e
1320 1141 1492 1196 adhuc
1507 1140 1761 1212 puellari,
1788 1141 1835 1195 si
1864 1142 2164 1212 coqnoverit
2182 1148 2343 1213 pater
2371 1158 2466 1195 vo-

461 1238 596 1295 tum,
622 1228 759 1301 quod
776 1228 1018 1301 pollicita
1045 1236 1138 1296 est,
1160 1238 1212 1287 et
1231 1231 1602 1302 juramentum
1633 1247 1733 1302 quo
1757 1230 2007 1302 obligavit
2026 1230 2265 1285 animam
2292 1246 2464 1295 suam,

463 1324 514 1374 et
537 1319 787 1383 tacuerit,
815 1318 927 1373 voti
951 1334 1047 1373 rea
1073 1317 1200 1383 erit,
1232 1318 1491 1390 quidquid
1522 1318 1763 1389 pollicita
1789 1326 1837 1374 et
1866 1320 2003 1391 jura
2014 1319 2111 1385 vit,
2142 1335 2295 1391 opere
2324 1336 2469 1373 com-

457 1404 640 1477 plebit.
669 1404 766 1461 Sin
792 1412 970 1461 autem
993 1405 1174 1461 statim
1195 1412 1257 1461 ut
1285 1406 1543 1471 audierit,
1566 1406 1959 1462 contradixerit
1991 1412 2171 1478 pater,
2197 1414 2249 1464 et
2275 1414 2394 1462 vota
2418 1414 2468 1463 et

454 1493 773 1565 juramenta
807 1494 919 1559 eius
943 1492 1118 1550 irrita
1157 1501 1338 1559 erunt,
1369 1510 1463 1549 nee
1496 1494 1723 1551 obnoxia
1770 1494 2037 1551 tenebitur
2082 1496 2373 1567 sponsioni,
2412 1513 2467 1551 eo

462 1581 600 1652 quod
615 1581 1007 1658 contradixerit
1029 1589 1208 1655 pater.
1237 1583 1317 1637 Ex
1347 1598 1455 1655 quo
1505 1590 1656 1654 patet
1696 1583 1841 1656 quod
1884 1582 2083 1654 puella,
2113 1584 2196 1639 vel
2242 1600 2372 1656 puer
2401 1585 2468 1640 de

419 1720 428 1729 .
461 1684 572 1741 quo
599 1675 683 1725 est
711 1671 904 1726 eadem
933 1672 1094 1738 ratio,
1128 1670 1268 1727 infra
1309 1671 1563 1743 pueritiae
1598 1685 1765 1726 annos
1808 1678 2072 1745 quantum
2112 1674 2167 1727 in
2210 1672 2341 1744 ipsis
2362 1680 2462 1737 est,

459 1766 590 1813 voto
609 1774 669 1813 se
698 1758 938 1829 obligare
957 1765 1201 1829 possunt,
1225 1758 1327 1814 nisi
1350 1759 1612 1831 impediat
1640 1759 1868 1815 rationis
1890 1759 2155 1826 defectus,
2172 1767 2233 1813 ut
2261 1760 2468 1815 dictum

462 1850 576 1911 est3
599 1844 696 1899 sed
725 1845 857 1916 quia
897 1846 1154 1915 potestati
1183 1844 1412 1901 alterius
1438 1845 1821 1916 subjiciuntur,
1856 1854 2035 1919 potest
2072 1837 2259 1903 votum
2308 1862 2467 1903 revo-

463 1932 578 1987 cari
609 1947 642 1986 a
667 1940 842 2003 patre.
870 1931 1025 2001 Quod
1051 1934 1219 1988 etiam
1255 1940 1405 2004 patet
1434 1950 1529 2005 per
1554 1934 1656 1989 hoc
1683 1935 1827 2007 quod
1868 1935 2118 1991 subditur
2146 1936 2213 1989 de
2244 1936 2467 1990 muliere

465 2020 673 2085 adulta,
700 2021 859 2092 cujus
879 2024 1070 2076 votum
1099 2035 1132 2077 a
1165 2021 1277 2077 viro
1311 2022 1557 2077 revocari
1583 2026 1781 2094 potest.
1806 2024 1875 2079 Et
1900 2024 2025 2080 licet
2050 2025 2141 2095 jus
2174 2024 2468 2095 positivum

463 2106 830 2164 determinare
871 2122 980 2164 non
1020 2108 1190 2181 possit
1222 2116 1435 2181 tempus
1482 2126 1588 2182 quo
1630 2110 1791 2167 homo
1828 2111 2028 2167 habere
2056 2111 2284 2183 incipiat
2312 2128 2469 2167 usum

465 2196 716 2263 rationiS,
748 2212 845 2269 per
869 2212 1032 2269 quem
1059 2198 1174 2252 Deo
1203 2213 1262 2253 se
1285 2197 1468 2254 valeat
1493 2197 1753 2269 obligare,
1785 2206 1967 2272 potest
1995 2208 2176 2255 tamen
2206 2199 2469 2256 determi-

464 2300 596 2340 nare
626 2290 842 2357 tempus
869 2284 1340 2357 obligationi3,vel
1365 2286 1719 2358 subjectionis
1745 2288 1903 2343 unius
1933 2303 2180 2359 personae
2200 2287 2265 2345 ad
2285 2288 2467 2345 aliam.

465 2374 876 2429 Determinatur
903 2380 1088 2429 autem
1115 2373 1215 2431 hoc
1240 2380 1453 2447 tempus
1476 2377 1533 2431 in
1558 2375 1735 2446 puella
1762 2376 1983 2450 quidem
2014 2392 2185 2450 usque
2228 2377 2296 2433 ad
2330 2378 2472 2433 duo·-

470 2462 648 2519 decim
682 2477 854 2520 annos
886 2461 1205 2535 completOS,
1232 2463 1289 2518 in
1319 2478 1469 2519 mare
1512 2471 1696 2519 autem
1732 2479 1903 2537 usque
1932 2466 2003 2521 ad
2032 2466 2466 2538 quatuordecim,

468 2553 599 2626 quia
621 2552 725 2609 hoc
749 2550 1108 2609 communiter
1130 2551 1413 2609 consuevit
1433 2568 1551 2608 esse
1577 2559 1792 2625 tempus
1812 2553 2137 2626 pubertatis,
2154 2562 2213 2610 ut
2242 2554 2471 2610 habetur

467 2645 534 2699 20
561 2647 759 2713 quaest.
792 2645 822 2697 2
848 2640 1054 2706 Puella,
1081 2647 1136 2695 et
1159 2656 1282 2713 cap.
1307 2640 1367 2696 Si
1393 2639 1455 2695 in
1481 2630 1727 2712 qualibet.
1757 2642 1847 2698 Sic
1874 2643 2063 2714 igitur,
2105 2650 2373 2716 quantum
2403 2643 2471 2699 ad

465 2734 653 2783 votum
681 2727 929 2799 simplex,
958 2742 1066 2799 quo
1096 2728 1218 2801 quis
1243 2727 1518 2800 obligatur
1540 2730 1609 2786 ad
1633 2729 1912 2801 religion-is
1936 2733 2259 2802 ingressum,
2294 2740 2472 2804 potest

467 2814 666 2887 aliquis
698 2814 926 2887 obligari
955 2824 1223 2888 quantum
1261 2816 1318 2873 in
1355 2817 1475 2889 ipso
1518 2824 1621 2887 est,
1653 2825 1782 2875 ante
1823 2820 2123 2891 completos
2169 2820 2473 2891 pubertatis

467 2918 656 2969 annOS,
685 2919 811 2960 cum
835 2904 907 2959 sit
935 2903 1047 2962 doli
1075 2920 1267 2977 capax,
1291 2905 1498 2962 habens
1526 2906 1771 2963 debitum
1799 2908 2025 2964 rationis
2055 2922 2213 2964 usum
2238 2909 2309 2965 ad
2354 2909 2475 2967 dis-

466 2992 800 3049 cernendum
829 2992 976 3065 quod
1002 2992 1155 3052 facit.
1185 2996 1370 3051 Potest
1400 3002 1581 3051 tamen
1607 2995 1709 3051 hoc
1736 3000 1925 3051 votum
1956 2998 2203 3054 revocari
2234 3013 2266 3053 a
2295 2994 2471 3069 patre,

463 3079 552 3139 vel
585 3086 765 3141 tutore
789 3081 883 3155 qui
913 3089 998 3141 est
1033 3082 1152 3139 loco
1181 3083 1529 3155 patris.Quia
1558 3098 1686 3140 vero
1714 3082 1955 3141 solemne
1987 3092 2179 3143 votum
2198 3086 2475 3157 religionis

470 3168 618 3242 quod
641 3168 704 3226 fit
724 3185 824 3243 per
844 3170 1233 3243 professionem
1262 3171 1489 3231 tacitam
1514 3171 1600 3227 vel
1641 3186 1969 3243 expressam,
1987 3174 2166 3231 habet
2208 3176 2475 3247 quasdam

465 3258 766 3315 exteriores
798 3259 1196 3325 solemnitates,
1243 3274 1369 3331 quae
1418 3260 1747 3317 ordinationi
1802 3260 2109 3321 subduntur
2149 3262 2409 3319 Ecclesiae
2459 3278 2473 3315 z

465 3347 610 3404 sicut
639 3353 694 3402 et
723 3346 1040 3419 solemnitas
1074 3348 1282 3404 ordinis
1311 3347 1456 3405 sacri
1497 3346 1795 3405 secundum
1836 3349 2097 3408 Ecclesiae
2138 3350 2480 3409 determina-

465 3434 672 3491 tionem
699 3436 936 3507 exigitur
969 3437 1038 3493 ad
1067 3430 1376 3507 htfiusmodi
1407 3443 1597 3492 votum
1619 3436 1949 3509 completum
1992 3438 2297 3509 pubertatis
2333 3448 2478 3499 tem-

464 3538 588 3593 pu5,
615 3523 673 3579 id
698 3530 799 3592 est,
817 3526 872 3580 in
900 3540 1070 3598 puero
1097 3524 1515 3597 quatuordecim
1541 3540 1731 3594 annosi,
1760 3532 1815 3582 et
1844 3527 1901 3583 in
1929 3526 2110 3599 puella
2137 3526 2429 3583 duodecim
2457 3543 2472 3581 t

465 3612 550 3667 ita
571 3613 718 3683 quod
743 3612 1007 3687 professio
1037 3621 1164 3670 ante
1186 3612 1290 3669 hoc
1316 3621 1530 3687 tempus
1559 3615 1723 3685 facta,
1751 3622 2253 3687 quantumcumque
2279 3615 2480 3687 aliquis

468 3698 545 3757 sit
569 3698 678 3755 doli
711 3717 902 3775 capax,
931 3718 1036 3759 non
1077 3703 1209 3759 facit
1237 3703 1583 3777 profitentem
1620 3721 1739 3761 esse
1786 3705 2134 3770 monachum,
2162 3702 2248 3760 vel
2286 3706 2481 3777 cujus-

469 3801 705 3859 cumque
757 3791 961 3847 ordinis
1007 3792 1254 3849 fratrem.
1301 3792 1418 3849 Hoc
1460 3794 1608 3849 enim
1644 3794 2005 3853 communiter
2052 3792 2316 3864 Ecclesia,
2347 3792 2478 3849 licet

471 3874 822 3938 Innocentius
845 3876 918 3933 111
941 3877 1101 3941 aliter
1129 3879 1364 3939 sensisse
1391 3880 1627 3943 dicatur.
