2784 4392
538 288 674 345 xn’.
703 307 784 328 —-
810 283 1049 345 conruit
1088 269 1790 348 rupea.1>ntcu1,r.n-r
1828 296 2034 351 nume.
2168 272 2286 375 1⁶7⁸!

287 426 447 472 verso
471 360 814 473 inordinatio
841 410 1105 490 corporiS,
1130 410 1218 476 vel
1249 386 1497 474 defectus
1522 418 1903 493 temporalium
1928 435 2110 479 rerum
2130 428 2289 479 exte-

285 500 489 561 riorem
514 505 812 579 quamdam
839 501 1232 580 turpitudinem
1260 504 1443 564 habet.
1465 503 1539 565 Et
1578 506 1723 565 sicut
1768 519 2002 585 utraque
2041 510 2289 585 pulchri-

287 591 419 652 tudo
448 591 686 652 delectat
714 600 770 651 et
796 588 1254 676 desideratur,ita
1279 604 1514 670 utraque
1542 592 1825 671 turpitudo
1854 596 2289 658 erubescentiam

281 682 450 757 parit.
479 682 892 743 verecundatur
916 685 1063 742 enim
1095 684 1293 759 anquis
1321 684 1390 743 de
1420 684 1523 743 hec
1549 686 1697 761 quod
1729 693 1812 745 est
1852 705 2077 762 pauper,
2105 688 2191 746 vel
2221 690 2290 745 de

281 770 387 829 hoc
423 766 571 846 quod
595 778 678 830 est
706 772 774 830 de
793 786 1022 847 corpore
1045 772 1293 842 vitiatus,
1323 768 1408 831 vel
1436 768 1507 831 de
1528 768 1634 832 hoc
1662 774 1811 849 quod
1840 783 1925 833 est
1950 776 2173 851 inscius,
2203 777 2288 833 vel

280 858 590 919 inordinata
619 862 806 935 gessit.
827 862 966 933 Quia
991 860 1158 935 igitur
1185 856 1465 937 turpitudo
1496 858 1725 921 interior
1746 880 1959 939 semper
1988 874 2072 923 est
2093 882 2287 941 repro-

277 949 478 1019 banda,
507 950 632 1007 ideo
671 966 832 1007 omne
876 950 1215 1025 quod·habet
1262 947 1697 1011 erubescentiam
1725 948 2003 1027 praedictae
2044 956 2286 1031 turpitu-

281 1040 441 1109 dinis,
469 1036 869 1114 reprobandum
893 1047 995 1098 est.
1019 1034 1138 1099 Nec
1161 1047 1248 1099 est
1275 1035 1537 1099 instantia
1563 1039 1632 1099 de
1655 1042 1995 1101 confessione
2024 1052 2287 1119 peccato-

280 1143 420 1196 rum,
441 1130 572 1203 quia
595 1128 862 1186 confitens
887 1146 996 1187 non
1023 1124 1298 1188 erubescit
1327 1132 1397 1188 de
1424 1126 1783 1201 confessione,
1813 1134 1909 1191 sed
1948 1133 2017 1191 de
2056 1143 2283 1208 peccato

281 1218 424 1293 quod
447 1218 715 1275 confessio
755 1217 1088 1277 manifestat.
1116 1216 1374 1277 Defectus
1404 1228 1591 1277 autem
1618 1222 1951 1279 exteriorum
1974 1224 2062 1279 vel
2104 1224 2284 1298 turpi-

277 1307 410 1367 tudo
435 1322 467 1365 a
489 1304 696 1363 sanctis
718 1308 852 1364 viris
871 1309 1259 1377 contemnitur.
1287 1314 1344 1365 et
1369 1304 1700 1383 quandoque
1722 1310 2073 1385 perfectionis
2097 1312 2279 1369 studio

277 1396 349 1455 'ab
375 1396 458 1453 eis
485 1396 782 1453 assumitur
823 1404 1045 1471 propter
1087 1396 1384 1455 Christum.
1416 1392 1570 1454 Unde
1615 1394 1745 1454 illud
1786 1400 1929 1473 quod
1966 1400 2129 1458 habet
2152 1417 2281 1457 eru-
2325 1400 2334 1407 '

271 1486 607 1542 besoentiatn
640 1483 786 1541 illius
826 1480 1198 1558 turpitudinis,
1227 1499 1332 1542 non
1365 1497 1579 1557 semper
1604 1492 1688 1541 est
1719 1482 2138 1559 reprobandum,
2168 1482 2278 1545 imo

275 1572 600 1649 quandoque
627 1572 864 1631 maxime
905 1569 1178 1641 laudatur,
1201 1571 1421 1647 quando
1458 1579 1681 1646 propter
1718 1568 2085 1631 humilitatem
2115 1590 2274 1632 assu-

271 1665 462 1721 mitur.
486 1662 794 1719 Mendicare
825 1669 1008 1718 autem
1047 1657 1210 1719 habet
1238 1654 1671 1719 erubescentiam
1701 1656 1831 1718 huic
1870 1664 2127 1721 secundae
2156 1672 2279 1720 tur-

275 1754 510 1827 pitudini
561 1750 1013 1826 respondentem;
1071 1746 1202 1825 quia
1275 1746 1451 1807 omnis
1502 1747 1819 1807 mendicans
1865 1768 1925 1808 se
1979 1768 2271 1831 pauperem

267 1842 532 1909 ostendit,
560 1848 615 1897 et
644 1839 1046 1915 quodammodo
1074 1856 1140 1897 se
1171 1832 1395 1913 subjicit
1434 1840 1481 1896 ei
1514 1856 1545 1895 a
1581 1856 1690 1913 quo
1736 1839 2011 1897 mendicat
2053 1859 2177 1916 quae
2202 1844 2273 1899 ad

271 1920 546 1987 defectum
567 1930 892 1985 exteriorem
915 1916 1222 2003 pertinent.
1245 1927 1388 1985 unde
1410 1919 1734 1984 mendicitas
1758 1934 1977 2001 propter
1998 1918 2273 1988 Christum

267 2026 551 2092 assumpta
575 2033 680 2075 non
709 2018 885 2074 solum
909 2032 1016 2075 non
1052 2022 1138 2075 est
1173 2012 1535 2090 reprobanda,
1563 2016 1660 2073 sed
1698 2016 1937 2073 maxime
1974 2018 2267 2076 laudanda.

335 2109 423 2165 Ad
465 2108 740 2165 decimum
773 2106 1084 2174 dicendum,
1117 2100 1262 2181 quod
1301 2103 1391 2161 ille
1438 2121 1471 2162 a
1512 2122 1622 2177 que
1664 2104 2009 2181 eleemosyna
2039 2110 2267 2181 petitur,

265 2212 376 2255 non
422 2194 586 2252 debet
625 2192 826 2251 habere
872 2194 1120 2261 toedium,
1145 2194 1193 2249 si
1234 2192 1485 2249 ordinate
1524 2192 1593 2249 ab
1646 2208 1711 2249 eo
1766 2203 2003 2267 petatur,
2036 2206 2091 2255 et
2147 2200 2269 2255 ideo

263 2285 488 2361 quando
516 2282 728 2355 aliquis·
752 2278 1000 2339 ordinate
1037 2281 1440 2355 eleemosynam
1481 2278 1619 2352 petit
1662 2276 1875 2364 scilicet
1912 2284 1981 2340 ad
2020 2290 2263 2343 necessi-

266 2381 440 2432 tatem
467 2368 900 2438 sustentandam,
933 2377 1040 2425 non
1068 2376 1152 2427 est
1193 2364 1249 2425 in
1297 2368 1457 2443 culpa
1490 2369 1581 2441 qui
1611 2368 1767 2441 petit,
1801 2366 1896 2426 sed
1939 2369 2030 2428 ille
2071 2376 2166 2447 qui
2196 2378 2265 2431 ad

267 2462 492 2521 taedium
527 2458 920 2517 removendum
955 2458 1072 2517 dat.
1118 2456 1174 2516 Si
1217 2463 1403 2515 antem
1447 2451 1754 2513 inordinate
1796 2464 2035 2530 petatur,
2074 2451 2281 2533 petens'

264 2553 433 2609 etiam
457 2558 670 2623 peccat.

331 2624 420 2698 Ad
456 2642 532 2697 ea'
558 2653 686 2696 vero
733 2632 930 2713 quibus
970 2636 1258 2694 ostendere
1291 2634 1559 2703 nituntur,
1592 2630 1738 2709 quod
1767 2628 2019 2709 *religiosi
2058 2639 2267 2711 praedi-

261 2738 454 2787 cantes
513 2742 618 2785 non
672 2728 898 2799 possunt
957 2725 1026 2783 de
1081 2726 1441 2800 eleemosynis
1494 2725 1697 2793 vivere,
1751 2720 1839 2784 vel
1889 2722 2265 2802 eleemosynas

261 2824 468 2892 petere,
501 2832 597 2890 per
625 2816 872 2873 ordinem
897 2808 1156 2889 deinceps
1179 2808 1615 2889 respondendum
1640 2816 1764 2871 est.-
1851 2822 1853 2825 ’

329 2906 416 2963 Ad
459 2906 696 2977 primum
741 2920 870 2977 ergo
917 2901 1228 2975 dicendum,
1267 2902 1415 2979 quod
1453 2904 1705 2979 quamvis
1752 2901 2143 2977 praedicatores
2196 2907 2265 2963 de

255 2990 624 3065 eleemosynis
648 2992 853 3057 vivant,
876 2996 1190 3047 nontamen
1217 2992 1467 3065 sequitur
1494 2989 1640 3063 quod
1669 2990 1972 3048 adulentur.
2001 2992 2266 3062 Quamvis

257 3080 408 3137 enim
447 3080 542 3153 qui
581 3080 698 3136 sine
736 3076 1050 3135 adulatione
1095 3076 1419 3151 praedicant,
1447 3092 1552 3134 non
1582 3072 1817 3134 habeant
1854 3080 2087 3149 gratiam
2118 3080 2265 3151 apud

257 3169 454 3237 malos,
483 3168 577 3241 qui
615 3168 871 3225 dicuntur
893 3198 898 3201 ·
918 3166 1190 3239 homi-nes]
1205 3166 1472 3232 carnales.
1498 3160 1555 3223 et
1584 3166 1784 3223 habent
1815 3172 1996 3222 tamen
2025 3169 2264 3238 gratiam

255 3254 409 3330 apud
454 3256 626 3312 bonos
655 3273 668 3311 z
700 3261 756 3312 et
793 3254 916 3311 ideo
959 3253 1286 3329 quandoque
1325 3254 1371 3311 si
1407 3252 1525 3309 sine
1575 3253 1887 3311 adulatione
1938 3254 2262 3327 praedicant,

253 3348 535 3415 coguntur
563 3336 810 3398 defectus
850 3342 1052 3399 multos
1089 3342 1224 3414 pati,
1254 3338 1475 3414 quando
1516 3336 1727 3397 scilicet
1764 3338 1828 3396 in.
1856 3335 1977 3397 illos
2015 3340 2264 3397 incidunt

256 3428 406 3507 apud
429 3442 567 3502 quos
592 3428 708 3485 sine
737 3429 1049 3487 adulatione
1077 3430 1312 3501 gratiam
1338 3424 1539 3485 habere
1572 3444 1678 3485 non
1706 3436 1933 3500 possunt
1965 3445 1979 3484 z
2010 3428 2265 3501 quando-

256 3536 370 3594 que
409 3524 594 3575 autem
631 3515 749 3573 sine
778 3525 1023 3589 egestate
1051 3523 1196 3584 sunt,
1224 3516 1445 3590 quando
1486 3518 1541 3571 in
1580 3515 1701 3571 illos
1742 3513 1991 3571 incidunt
2028 3533 2263 3589 quorum

255 3610 378 3666 sine
425 3606 742 3663 adulatione
781 3606 1016 3677 gratiam
1061 3600 1264 3661 habent
1307 3618 1324 3658 e
1361 3603 1507 3659 unde
1562 3610 1618 3658 et
1664 3603 1912 3660 Christus
1968 3604 2263 3677 hospitium

255 3696 592 3771 quandoque
628 3694 829 3751 habere
867 3709 980 3750 nen·
1009 3698 1245 3767 poterat,
1277 3686 1605 3765 'quandoque
1633 3693 1800 3748 etiam
1852 3692 2185 3750 invitabatur
2234 3712 2267 3753 a

256 3784 468 3849 multis,
499 3792 557 3841 et
591 3782 849 3850 mulieres
877 3798 1001 3856 quae
1023 3796 1148 3839 eum
1183 3780 1573 3853 sequebantur,
1596 3778 1664 3836 de
1696 3779 1813 3837 suis
1835 3778 2189 3839 facultatibus
2210 3800 2264 3841 et

257 3874 667 3944 ministrabant,
699 3884 760 3932 ut
785 3872 1004 3939 dicitur,
1037 3868 1170 3927 Luc.
1201 3885 1328 3927 vm.
1357 3868 1442 3925 Ita
1469 3868 1636 3925 etiam
1664 3868 1910 3943 Apostoli
1936 3872 2265 3946 quandoque

764 3989 817 4041 S.
849 3990 1004 4043 Tuon.
1039 3989 1125 4045 AQ·
1151 3989 1415 4039 Oruscuu.
1438 3986 1601 4036 —111.
1626 4010 1689 4026 -
1714 3986 1773 4035 12
