2784 4392
473 332 610 384 xm.
642 352 720 369 ·—-
750 334 988 385 conruit
1029 331 1213 385 narn.
1258 333 1413 385 nou.
1454 334 1537 384 ΑΒ
1576 332 1822 407 manus.
1866 334 2075 385 nume.
2200 314 2284 383 47

271 454 529 523 nistrant,
567 462 624 513 et
663 454 747 513 sic
785 456 1219 531 multiplicantur
1257 456 1313 514 in
1355 456 1436 515 eis
1470 456 1849 533 temporalium
1888 455 2287 515 sollicitudines

272 546 604 617 evangelicae
641 545 962 619 perfectioni
1003 546 1378 605 adversantes·
1414 546 1683 605 Videntur
1721 545 1886 621 igitur
1923 562 1991 603 ex
2026 546 2131 604 hoc
2166 547 2287 619 ipso

273 636 420 709 quod
466 634 900 709 possessionibus
938 635 1320 695 communibus
1369 643 1579 705 carent,
1634 636 2026 693 detrimentum
2070 634 2287 709 perfec-

239 747 244 755 ·
273 726 440 783 tionis
469 724 608 797 pati.

342 814 544 871 Dicunt
573 813 828 889 denique,
855 812 960 873 hoc
983 828 1102 873 esse
1127 814 1463 889 impossibile
1486 814 1637 889 quod
1665 813 1865 888 aliquis
1892 812 2024 871 nihil
2050 812 2106 871 in
2133 828 2288 871 com-

274 904 424 959 muni
465 904 548 960 vel
585 903 808 981 proprio
847 904 1144 979 possideat,
1176 906 1306 979 quia
1339 916 1563 961 necesse
1588 911 1672 961 est
1700 903 1847 979 quod
1876 903 2186 971 comedant,
2230 914 2289 961 et

271 993 480 1060 bibant,
513 1000 568 1049 et
609 994 924 1063 induantur,
955 994 1102 1067 quod
1131 993 1310 1053 facere
1335 1010 1448 1051 non
1482 1002 1729 1069 possunt,
1758 992 1809 1051 si
1838 991 1970 1049 nihil
1998 992 2289 1051 haberent.

344 1082 424 1136 Ex
467 1082 550 1137 his
597 1082 764 1153 igitur
811 1082 1076 1155 derogare
1103 1083 1351 1143 nituntur
1393 1082 1716 1158 perfectioni
1763 1082 2137 1159 possessiones
2176 1096 2286 1140 non

273 1169 592 1228 habentium
619 1171 675 1229 in
701 1172 1000 1229 communi.

1023 1354 1306 1427 CAPUT
1371 1356 1500 1425 XV

796 1484 1154 1567 Confutatio
1184 1489 1410 1555 erroris
1438 1486 1767 1571 proemissi.

346 1618 574 1693 Oportet
601 1625 786 1679 autem
819 1621 1122 1689 attendere,
1151 1622 1297 1695 quod
1336 1622 1584 1694 praedicti
1620 1619 1961 1695 paupertatis
1990 1619 2283 1701 impugna-

275 1712 443 1775 toreS,
471 1710 735 1767 doctrinae
761 1709 958 1767 Christi
1006 1726 1106 1769 nec
1145 1728 1254 1769 non
1281 1717 1340 1767 et
1365 1710 1497 1769 vitae
1528 1710 1702 1783 ipsius
1730 1726 1838 1767 non
1873 1710 2151 1765 modicum
2179 1709 2282 1765 ad-

273 1806 583 1865 versantur,
611 1798 773 1873 quiin
791 1800 1039 1857 omnibus
1063 1806 1444 1873 paupertatem
1465 1807 1519 1857 et
1534 1797 1861 1857 servandam
1882 1799 2051 1858 verbo
2072 1797 2281 1866 docuit,

273 1894 331 1943 et
369 1887 615 1959 exemplo
651 1891 994 1945 monstravit.
1025 1891 1172 1946 Dicit
1201 1891 1345 1947 enim
1389 1890 1458 1947 de
1484 1890 1600 1962 ipso
1632 1888 1946 1962 Apostolus,
1980 1903 2044 1953 n,
2078 1888 2147 1943 ad
2176 1888 2285 1943 Co-

275 1977 444 2033 rinth.
473 1993 600 2045 vui,
633 1980 664 2033 9
697 1995 711 2032 z
740 1979 886 2051 quod
903 1986 1132 2050 propter
1155 1996 1250 2037 nos
1279 1995 1467 2052 cycnus
1490 1979 1663 2050 factus
1698 1984 1795 2045 est,
1820 1994 1937 2035 cum
1966 1977 2108 2033 dives
2133 1983 2283 2033 esset.

277 2086 305 2121 α
333 2068 714 2137 Paupertatem
739 2068 884 2123 enim
909 2068 1220 2140 assumpsit,
1256 2074 1316 2125 ut
1341 2068 1538 2126 Glossa
1564 2068 1764 2125 ibidem
1784 2066 1941 2133 dicit,
1979 2071 2035 2122 et
2060 2065 2284 2121 divitias

275 2172 384 2211 non
413 2154 613 2223 amisit,
641 2156 790 2212 intus
809 2155 982 2223 dives,
1010 2155 1142 2215 foris
1163 2172 1384 2229 pauper,
1410 2157 1585 2213 latens
1612 2158 1753 2213 Deus
1778 2156 1833 2212 in
1854 2154 2083 2222 divitiis,
2112 2170 2287 2227 appa-

276 2260 400 2301 rens
428 2243 588 2301 homo
631 2246 688 2300 in
711 2252 1054 2317 paupertate.
1104 2264 1131 2297 ι
1171 2246 1252 2303 Ex
1279 2261 1388 2317 quo
1416 2245 1503 2303 his
1540 2245 1637 2319 qui
1664 2244 1867 2303 Christi
1898 2249 2282 2318 paupertatem

275 2338 598 2403 sequuntur,
641 2348 839 2405 magna
889 2334 1127 2405 dignitas
1171 2334 1459 2399 accrescit,
1506 2333 1651 2389 uude
1696 2338 1818 2405 post
1863 2347 2039 2405 pauca
2082 2330 2287 2386 ibidem

273 2422 638 2479 concluditur.
681 2444 707 2476 α
738 2422 910 2479 Nemo
949 2422 1116 2495 igitur
1146 2436 1208 2479 se
1237 2430 1570 2488 contemnat,
1618 2438 1821 2494 pauper
1856 2422 1915 2475 in
1938 2419 2096 2486 cella,
2132 2420 2288 2475 dives

275 2511 334 2567 iu
361 2512 714 2579 couscientia,
755 2520 812 2568 et
841 2521 901 2567 ut
941 2510 1013 2567 ab
1047 2510 1272 2567 exordio
1298 2510 1559 2567 introitus
1591 2511 1708 2581 ejus
1750 2509 1808 2564 in
1850 2508 2111 2563 mundum
2140 2507 2286 2563 inci-

277 2602 510 2671 piamus,
539 2600 925 2673 pauperculam
949 2599 1114 2672 elegit
1143 2608 1394 2670 matrem,
1421 2600 1799 2673 pauperiorem
1839 2604 2052 2668 patrem
2078 2595 2285 2666 eligens

277 2688 338 2744 fit
367 2690 612 2761 pecuniis
631 2705 814 2761 egens,
844 2695 900 2746 et
927 2678 1047 2746 haec
1069 2688 1165 2745 tibi
1189 2695 1424 2761 exponat
1445 2704 1707 2761 praesepe,
1738 2694 1799 2743 ut
1824 2685 2022 2757 legitur
2044 2683 2286 2759 quodam

275 2778 528 2849 synodali
571 2795 820 2835 sermone
870 2778 1124 2851 Ephesini
1167 2777 1408 2835 concilii.
1442 2796 1469 2830 a
1498 2778 1568 2833 Et
1615 2783 1735 2848 post
1766 2790 1939 2848 pauca
1968 2773 2219 2831 subditur
2265 2788 2284 2830 ι

277 2885 308 2917 α
339 2867 569 2939 Respice
599 2868 1002 2940 pauperrimum
1033 2866 1403 2925 habitaculum
1432 2867 1551 2937 ejus
1576 2866 1672 2939 qui
1716 2864 1857 2921 ditat
1886 2863 2104 2931 coslum,
2140 2861 2283 2918 unde

276 2971 524 3027 praesepe
561 2956 802 3010 sedentis
839 2971 999 3027 super
1029 2956 1338 3022 Cherubim,
1371 2954 1495 3011 vide
1524 2954 1719 3027 pannis
1748 2953 1987 3011 obsitum
2032 2967 2157 3008 eum
2184 2950 2282 3027 qui

279 3044 504 3115 pelagus
549 3058 730 3099 arenae
751 3043 932 3115 junxit
975 3061 988 3100 ε
1029 3043 1156 3101 vide
1183 3044 1441 3101 deorsum
1468 3048 1867 3115 paupertatem,
1900 3040 2123 3098 divitias
2166 3042 2286 3111 ejus

275 3147 496 3189 sursum
537 3132 906 3189 considerans.
944 3152 968 3185 n
1005 3134 1060 3189 Si
1091 3139 1272 3190 autem
1310 3148 1417 3189 nou
1442 3140 1662 3205 propter
1696 3147 1775 3198 se,
1806 3131 1903 3187 sed
1936 3135 2157 3203 propter
2187 3142 2285 3183 nos

275 3237 484 3293 egenus
526 3221 700 3278 factus
729 3228 833 3290 est,
879 3222 1180 3279 secundum
1221 3222 1563 3294 Apostolum,
1605 3218 1869 3293 numquid
1916 3234 2023 3277 non
2068 3223 2285 3290 poterat

275 3320 511 3367 matrem
558 3310 756 3367 multas
804 3312 1171 3382 possessiones
1218 3311 1507 3367 habentem
1548 3309 1769 3380 eligere,
1812 3316 1979 3381 atque
2020 3308 2078 3362 in
2122 3307 2285 3361 domo

275 3397 501 3473 propria
527 3399 696 3464 nasci,
738 3399 783 3453 si
811 3398 940 3454 nihil
967 3400 1036 3456 ad
1064 3399 1452 3473 perfectionem
1476 3398 1795 3455 christianae
1822 3397 1954 3455 vitae
1984 3395 2283 3467 pertineret

275 3495 528 3545 terrenas
567 3487 937 3556 possessiones
981 3503 1088 3543 non
1123 3486 1343 3557 habere,
1383 3487 1686 3559 quinimmo
1726 3487 1949 3557 propria
1984 3483 2145 3537 domo
2180 3495 2285 3537 ca-

277 3574 444 3632 rere?
473 3573 884 3631 confundantur
909 3575 1074 3645 igitur
1104 3576 1443 3645 paupertatis
1464 3575 1821 3638 detractores,
1854 3573 2011 3643 cujus
2035 3569 2206 3641 gloria
2228 3570 2285 3629 in

277 3664 412 3735 ipsis
449 3662 648 3719 Christi
691 3660 978 3719 cunabulis
1005 3661 1264 3735 praeclare
1289 3661 1541 3733 refulget.
1586 3661 1653 3717 Et
1678 3678 1747 3717 ne
1784 3665 2005 3733 putetur
2048 3672 2288 3730 pauper-

281 3761 452 3809 tatem
483 3767 647 3823 quam
683 3751 737 3807 in
779 3749 1008 3807 infantia
1055 3749 1334 3816 sustinuit,
1382 3749 1441 3805 in
1469 3747 1709 3822 perfecta
1746 3748 1793 3803 ei
1824 3747 2055 3802 servisse
2091 3753 2281 3821 aetate,

285 3840 576 3919 Videamus
619 3842 750 3915 quid
793 3841 906 3913 ipse
944 3841 1012 3897 de
1036 3856 1094 3897 sc
1118 3839 1284 3905 dicat,
1314 3837 1509 3897 Matth.
1554 3852 1683 3909 vm,
1718 3840 1783 3897 20
1815 3832 2053 3904 affictus,
2082 3836 2279 3910 inquit,

281 3929 509 3989 ltouziuis
533 3946 641 3989 non
671 3930 822 3990 habet
844 3931 933 3991 ubi
960 3936 1118 4008 caput
1143 3946 1300 3989 suum
1328 3930 1582 4001 reclinem
1613 3929 1769 4005 quasi
1799 3930 1966 4003 dieat,
2002 3935 2062 3988 ut
2084 3928 2285 3985 Hiero-

2184 4056 2212 4071 'W
