2784 4392
828 295 944 347 xv.
967 310 1050 329 —
1075 295 1154 343 on
1195 294 1504 345 anamma
1543 294 1881 347 rametam
2242 278 2356 340 421
2444 282 2451 291 ·

358 410 578 470 nomine
626 409 802 487 plebis
845 411 1087 471 artifices
1126 418 1186 473 et
1229 406 1500 485 agricolas
1548 410 1800 484 accipere
1854 420 2168 481 possumus,
2228 409 2358 482 quia

358 508 652 575 utrumque
675 516 846 573 genus
873 502 942 558 de
969 506 1132 573 gente
1173 499 1367 572 plebea
1392 496 1683 572 accipitur.
1719 498 1790 555 Et
1829 506 2059 571 apparet
2096 497 2244 572 quod
2269 497 2363 554 di·-

357 586 494 643 visio
521 587 886 645 multitudinis
910 588 964 642 in
990 586 1218 644 civitate
1245 601 1343 660 per
1366 585 1626 659 prael'atos
1654 583 2003 659 philosophos
2032 601 2064 642 a
2092 584 2359 643 divisione

355 691 521 748 quam
545 677 679 733 fecit
703 675 985 742 Romulus,
1020 691 1131 733 non
1157 675 1457 733 discordat.

423 765 504 819 De
545 765 900 823 distinctione
943 771 1129 823 tamen
1167 763 1495 837 Hippodomi
1529 764 1645 836 jam
1687 763 1939 836 praetacti
1978 763 2195 821 videtur
2240 776 2362 833 esse

352 852 599 916 dubium,
633 852 779 909 nulla
803 853 877 910 sit
903 852 1107 909 ibidem
1139 851 1345 909 mentio
1369 852 1441 907 de
1466 851 1795 909 consiliariis
1819 858 1875 908 et
1905 850 2231 918 rectoribuS,
2259 867 2360 907 nec

352 942 420 999 ad
447 949 632 1015 partes
657 942 844 999 reduci
869 941 1056 999 valent
1082 957 1177 1013 per
1207 940 1419 998 dictum
1445 941 1828 1013 Philosophum
1872 942 2199 1014 assignatas,
2234 956 2359 997 cum

271 1015 288 1032 ⁶
351 1040 507 1088 actus
535 1040 591 1087 et
619 1036 835 1089 naturae
874 1028 1116 1102 ipsarum
1141 1029 1360 1101 penitus
1402 1029 1515 1085 sint
1542 1029 1756 1086 diversa
1777 1045 1794 1099 3
1818 1030 1915 1086 sod
1939 1030 1986 1086 si
2024 1029 2360 1087 attendimus

351 1119 420 1175 ad
445 1134 508 1175 ea
534 1134 660 1191 quae
683 1118 752 1175 ad
777 1117 1100 1175 civilitatem
1129 1118 1249 1190 ejus
1275 1122 1403 1173 sunt
1434 1116 1659 1184 tradita,
1687 1118 1919 1190 quaestio
1948 1117 2163 1175 facilius
2185 1118 2359 1174 solvi-

353 1213 462 1262 tur.
493 1208 798 1263 pertractat
821 1206 968 1261 enim
995 1204 1065 1261 de
1087 1204 1366 1278 judicibus
1397 1212 1453 1261 et
1491 1205 1879 1271 assessoribus,
1915 1205 2007 1262 ubi
2033 1205 2180 1263 circa
2209 1206 2359 1280 ipsos

349 1311 504 1351 suam
534 1296 686 1368 ponit
715 1294 1142 1360 distinctionem,
1174 1301 1231 1350 et
1267 1307 1367 1351 nos
1387 1308 1457 1351 ex
1486 1308 1552 1363 ea
1585 1308 1867 1365 possemus
1896 1294 2145 1368 accipere
2173 1296 2358 1349 consi-

350 1382 533 1441 liarios
557 1391 614 1439 et
640 1390 898 1451 rectoreS,
925 1380 993 1437 de
1017 1381 1218 1453 quibus
1240 1397 1338 1455 pro
1363 1386 1519 1439 tanto
1550 1382 1885 1438 mentionem
1924 1396 2029 1439 non
2068 1382 2203 1439 facit
2231 1398 2359 1439 cum

347 1472 416 1526 de
438 1470 686 1543 partibus
711 1470 826 1540 agit
851 1469 1074 1541 politiae,
1101 1484 1168 1525 eo
1193 1468 1338 1541 quod
1363 1468 1487 1525 illas
1512 1475 1700 1544 partes
1740 1468 1919 1526 solum
1945 1469 2195 1535 assumit,
2231 1485 2356 1541 quae

348 1558 420 1615 ad
448 1557 808 1627 indigentiam
845 1556 1155 1612 referuntur
1194 1555 1498 1629 corporalis
1544 1556 1715 1613 vitae:
1745 1555 1889 1611 unde
1935 1562 1993 1612 et
2032 1572 2131 1613 sua
2160 1558 2359 1627 positio

348 1654 613 1721 quantum
643 1646 710 1701 ad
737 1643 1103 1701 substantiam
1143 1657 1179 1699 a
1205 1642 1405 1715 prima,
1434 1641 1694 1699 videlicet
1719 1642 1964 1701 Socratis
2006 1649 2063 1702 et
2092 1643 2352 1712 Platonis,

348 1749 453 1791 non
499 1733 714 1789 videtur
755 1732 965 1789 differe.
1012 1732 1144 1788 Haec
1183 1728 1354 1803 igitur
1393 1730 1464 1787 de
1512 1729 1761 1803 partibus
1806 1730 2015 1805 politiae
2059 1747 2126 1789 ex
2154 1732 2355 1807 quibus

349 1822 721 1889 constituitur,
747 1821 897 1877 dicta
925 1819 1222 1877 sufficiant.

417 1912 593 1967 Unum
641 1916 823 1966 tamen
872 1908 942 1965 de
987 1908 1068 1966 eis
1109 1906 1289 1965 adbuc
1333 1906 1793 1965 considerandum
1838 1907 2075 1976 videtur,
2114 1908 2185 1965 de
2233 1908 2356 1966 bel-

344 1996 610 2055 latoribus
655 1996 938 2063 videlicet,
986 1996 1119 2070 quia
1167 2010 1358 2053 omnes
1408 1994 1615 2067 politiae
1663 1996 1732 2053 de
1787 1996 1894 2053 ista
1938 2004 2097 2071 parte
2146 1998 2355 2055 faciunt

345 2088 708 2154 mentionem
739 2086 898 2156 cujus
941 2084 1165 2158 quidem
1216 2085 1487 2141 rationem
1530 2082 1733 2142 babere
1771 2099 2061 2157 possumus
2098 2101 2133 2143 a
2174 2086 2359 2159 Vege-

345 2176 443 2243 tio,
483 2176 563 2232 De
591 2181 711 2231 arte
749 2172 1005 2237 militari,
1043 2171 1101 2227 in
1142 2163 1249 2229 line
1287 2172 1314 2229 1
1350 2171 1495 2243 libri,
1536 2172 1667 2253 quia
1714 2192 1743 2227 α
1782 2188 1974 2231 omnes
2010 2175 2261 2249 regiones
2297 2183 2355 2234 et

343 2265 597 2321 civitates
642 2278 739 2335 per
773 2260 1066 2317 bellatores
1103 2260 1161 2315 in
1187 2274 1288 2317 suo
1324 2266 1453 2316 sunt
1492 2266 1831 2319 conservatae
1860 2262 2067 2333 vigore,
2106 2272 2164 2321 et
2205 2265 2352 2337 quod

345 2352 650 2423 respublica
706 2350 971 2406 diminuta
1027 2351 1114 2404 est
1175 2364 1272 2421 per
1329 2347 1765 2406 dissuetudinem
1819 2348 2058 2407 bellandi
2110 2351 2165 2407 in
2217 2352 2354 2409 urbe

343 2447 466 2513 post
511 2440 745 2513 primum
792 2436 994 2493 bellum
1032 2436 1294 2493 Punicum
1325 2451 1422 2509 per
1464 2450 1635 2495 annos
1680 2437 1873 2511 viginti
1916 2438 1970 2493 in
2008 2454 2143 2513 pace
2179 2440 2351 2497 vitam

342 2527 651 2595 deducens;
692 2524 836 2583 unde
876 2526 1151 2583 Romanos
1193 2524 1398 2598 ubique
1440 2524 1679 2583 victores
1717 2526 1801 2583 sic
1850 2527 2151 2591 enervavit,
2189 2536 2253 2584 ut
2295 2529 2353 2585 in

341 2616 580 2675 secundo
608 2615 750 2673 bello
777 2614 979 2673 Punico
1023 2612 1276 2689 Annibali
1307 2628 1469 2687 pares
1509 2629 1631 2670 esse
1676 2629 1785 2675 non
1822 2621 2065 2689 possent.
2096 2616 2203 2672 Tot
2238 2616 2352 2673 ita-

343 2722 450 2779 que
486 2704 828 2775 consulibus,
862 2711 943 2760 tot
980 2701 1311 2761 exercitibus
1353 2700 1591 2770 amissis,
1626 2707 1759 2759 tunc
1798 2702 2015 2759 demum
2061 2702 2129 2761 ad
2170 2704 2353 2761 victo-

343 2795 484 2852 riam
527 2800 922 2867 pervenerunt‚
971 2808 1098 2849 cum
1143 2790 1469 2850 exercitium
1509 2792 1747 2849 militare
1792 2791 2112 2863 gondiscere
2155 2800 2351 2863 potue-

345 2886 489 2945 runt,
518 2898 546 2931 ι»
563 2886 618 2935 et
639 2887 829 2947 postea
857 2879 1171 2935 concludit:
1202 2899 1230 2933 α
1251 2879 1479 2953 Semper
1501 2894 1633 2951 ergo
1660 2877 1875 2951 legendi
1900 2878 2351 2953 exercitandique

343 2975 473 3026 sunt
511 2966 777 3039 juniores.
822 2964 1020 3021 Utilius
1066 2966 1212 3024 enim
1255 2975 1474 3025 constat
1518 2981 1649 3023 suos
1689 2966 1908 3022 erudire
1948 2966 2134 3035 armis,
2183 2984 2351 3040 quam

345 3057 553 3114 alienos
587 3053 838 3111 mercede
873 3052 1201 3108 conducere.
1240 3069 1266 3103 ιο
1316 3054 1625 3109 Necessarii
1664 3053 1845 3129 ,igitur
1882 3060 2011 3109 sunt
2060 3053 2353 3113 bellatores

345 3146 491 3201 omni
544 3151 789 3215 tempore
824 3142 880 3197 in
914 3139 1212 3212 republica,
1242 3145 1358 3195 tum
1407 3155 1668 3211 pro-pace
1709 3141 1914 3197 civium
1952 3144 2349 3211 conservanda,

347 3249 462 3290 tum
483 3248 584 3307 pro
621 3232 840 3290 incursu
869 3228 1111 3287 bostium
1147 3226 1424 3294 evitando,
1452 3240 1684 3300 quorum
1712 3227 2059 3285 considerato
2085 3230 2267 3287 fructu
2296 3233 2349 3288 in

345 3320 624 3393 republica
651 3318 882 3392 amplior
909 3319 990 3375 eis
1019 3317 1164 3375 inter
1187 3317 1338 3372 cives
1359 3312 1639 3372 confertur
1660 3308 1851 3385 honor,
1882 3323 2145 3390 tanquam
2175 3320 2351 3391 magis

347 3408 667 3467 necessariis
691 3408 758 3465 ad
775 3406 1246 3484 conservationem
1261 3403 1487 3477 politiae,
1518 3411 1574 3459 et
1600 3410 1819 3477 propter
1845 3404 2151 3477 periculum
2178 3408 2267 3463 cui
2292 3425 2353 3464 se

349 3514 448 3571 pro
487 3498 606 3571 ipsa
651 3496 852 3553 debent
890 3510 1182 3569 exponere.
1228 3494 1454 3567 Propter
1498 3492 1643 3567 quod
1687 3492 1895 3551 eisdem
1936 3493 2068 3550 solis
2114 3494 2350 3554 dabatur

347 3583 657 3645 victoriosis
683 3598 908 3640 corona.
941 3583 1082 3639 Hinc
1123 3588 1208 3639 est
1237 3580 1383 3653 quod
1424 3581 1477 3637 in
1527 3579 1797 3637 Policrato
1825 3581 2203 3639 assimilantur
2230 3600 2357 3641 ma-

347 3672 461 3739 nui,
508 3687 634 3744 quae
662 3670 962 3728 secundum
1006 3667 1361 3727 Aristotelem
1405 3667 1460 3725 in
1496 3667 1545 3725 11
1588 3668 1667 3723 De
1711 3667 1917 3737 anima,
1955 3675 2041 3725 est
2090 3683 2355 3741 organum

346 3775 696 3833 organorum.
718 3760 748 3815 J
757 3775 852 3816 ura
880 3756 1048 3815 etiam
1084 3757 1234 3831 ipsos
1264 3756 1463 3813 milites
1489 3754 1741 3828 ampliori
1777 3757 2041 3815 decorant
2072 3757 2356 3831 privilegio

350 3850 490 3910 inter
513 3864 705 3909 omnes
731 3847 922 3907 civiles
948 3846 1071 3906 sive
1103 3845 1159 3903 in
1187 3844 1550 3915 testamentis,
1583 3843 1699 3903 sive
1733 3844 1793 3903 in
1818 3844 2227 3919 donationibus,
2254 3864 2353 3909 seu
