2784 4392
590 315 721 359 x1v.
751 329 833 344 —
858 313 1100 358 comm,
1139 313 1360 360 mene.
1402 313 1507 357 mu
1546 313 1721 358 cunr.
1765 314 1845 358 m·
1881 314 2088 359 numo.
2224 296 2343 359 165

337 425 432 482 sed
461 425 714 482 advocati
745 424 839 500 qui
865 425 1014 482 licite
1043 423 1422 482 advocationis
1451 422 1689 481 officium
1717 433 1991 492 exercent,
2025 433 2251 499 possunt
2274 427 2345 482 de

337 529 437 569 suo
461 513 644 571 labore
675 521 729 570 et
763 514 940 571 officio
965 514 1170 572 vivere.
1204 513 1346 584 Ergo
1372 513 1545 571 multo
1575 513 1771 570 fortius
1798 514 2189 586 praedicatores
2215 528 2347 587 pos-

337 609 465 658 sunt
506 603 574 658 de
601 603 899 675 Evangelio
937 602 1144 670 vivere,
1175 602 1294 661 sive
1322 602 1435 660 sint
1466 601 1700 676 praelati,
1732 601 1849 660 sive
1889 618 2019 672 non,
2050 602 2347 660 dummodo

340 692 486 749 licite
514 694 831 765 praedicent.

408 783 564 838 Item.
615 782 875 852 Quamvis
922 783 990 839 de
1031 799 1198 841 usura
1244 797 1350 840 non
1382 782 1556 855 possit
1598 781 1946 856 eleemosyna
1975 782 2112 849 fieri,
2166 782 2346 840 tamen

340 871 788 943 praedicatoribus
817 875 900 928 est
924 887 1264 938 concessum,
1295 881 1354 929 ut
1395 872 1466 929 ab
1504 871 1769 929 usurariis
1792 871 2169 946 eleemosynas
2196 872 2342 928 acci-

339 961 510 1033 piant,
545 961 592 1016 si
618 960 777 1017 aliter
805 977 910 1017 non
942 962 1149 1033 possint
1173 961 1376 1019 morari
1407 961 1465 1017 in
1495 961 1657 1017 terris
1680 961 2084 1030 usurariorum3
2113 961 2217 1018 hac
2253 977 2347 1018 ra-

341 1049 504 1116 tione,
550 1050 681 1122 quia
711 1055 907 1122 gerunt
957 1052 1177 1124 negotia
1225 1066 1415 1107 eorum
1444 1049 1646 1124 quibus
1673 1066 1855 1108 usurae
1884 1050 2175 1116 debentur,
2217 1051 2349 1107 dum

341 1155 434 1210 per
460 1156 508 1210 pi
521 1139 900 1194 aedicationem
929 1141 1206 1196 usurarios
1226 1140 1296 1196 ad
1320 1155 1609 1196 usurarum
1635 1139 2038 1196 restitutionem
2059 1139 2345 1207 inducunt,

341 1232 401 1281 ut
427 1227 716 1283 decretalis
755 1227 890 1284 dicit
932 1245 945 1281 :
976 1229 1178 1284 Extra.
1205 1227 1268 1283 de
1295 1234 1432 1284 sent.
1459 1244 1679 1293 excom„
1707 1244 1829 1300 cap.
1871 1228 2005 1284 Cum
2030 1229 2299 1287 voluntate
2326 1245 2345 1285 .·

337 1316 439 1372 Sed
474 1316 574 1389 ipsi
619 1317 873 1372 similiter
901 1326 1096 1388 gerunt
1123 1316 1636 1394 negotia2omnium,
1672 1324 1726 1372 et
1755 1316 2011 1386 divitum,
2043 1326 2098 1374 et
2132 1334 2344 1391 paupe·

339 1420 478 1470 rum,
515 1405 644 1460 dum
673 1406 872 1461 divites
901 1405 969 1461 ad
1001 1405 1238 1461 dandum
1278 1405 1654 1477 eleemosynas
1685 1405 2014 1477 pauperibus
2057 1407 2343 1476 inducunt,

337 1503 390 1549 et
433 1493 661 1560 dum,ad
691 1494 797 1550 alia
835 1493 1098 1550 salutaria
1136 1509 1302 1565 opera
1345 1493 1483 1551 alios
1513 1493 1893 1549 exhortantur.
1935 1493 2078 1564 Ergo
2122 1499 2347 1566 possunt

338 1581 486 1638 licite
510 1585 756 1655 accipere
782 1582 1158 1652 eleemosynas
1187 1581 1258 1636 ab
1282 1580 1389 1636 illis
1415 1580 1615 1654 quibus
1634 1581 1956 1652 praedicant.

406 1671 564 1727 Item.
608 1673 666 1726 ln
712 1670 922 1726 artibus
960 1669 1292 1725 mechanicis
1336 1669 1587 1725 videmus
1620 1670 1765 1741 quod
1797 1685 1905 1726 non
1928 1669 2104 1726 solum
2143 1669 2219 1726 illi
2251 1671 2345 1744 qui

335 1759 588 1814 manibus
615 1767 940 1840 operamur,-
963 1757 1110 1813 licite
1139 1758 1206 1813 de
1248 1756 1482 1814 artificio
1523 1758 1737 1825 vivunt,
1775 1758 1875 1814 >sed
1916 1765 1971 1814 et
2009 1759 2227 1831 sapiens
2256 1776 2345 1815 ar·

335 1853 606 1908 chitectus
635 1847 727 1920 qui
757 1846 1006 1903 manibus
1047 1861 1153 1902 non
1191 1846 1423 1912 laborat,
1458 1845 1594 1903 alios
1620 1844 1808 1918 dirigit
1858 1863 1871 1902 ε
1904 1847 1999 1902 sed
2031 1848 2120 1904 ille
2158 1849 2345 1921 quide

337 1936 578 1997 moribus
611 1937 792 2003 docet,
833 1944 917 1991 est
946 1936 1102 2009 quasi
1129 1935 1464 1992 architectus
1490 1944 1740 2007 respectu
1768 1937 2009 1991 omnium
2043 1937 2345 1994 officiorum

340 2029 714 2091 humanorum,
749 2030 809 2079 ut
835 2030 985 2097 patet
1011 2040 1105 2096 per
1129 2023 1516 2096 Philosophum
1541 2024 1596 2078 in
1618 2025 1663 2079 1.
1690 2024 1868 2082 Echio.
1904 2025 2042 2097 Ergo
2070 2027 2345 2100 praedica·

340 2124 486 2174 tores
531 2119 756 2188 possunt
797 2112 867 2170 de
895 2111 1074 2169 officio
1115 2111 1523 2185 praedicationis
1565 2112 1773 2183 vivere,
1818 2113 1989 2170 etiam
2018 2114 2065 2170 si
2094 2115 2348 2173 manibus

339 2220 443 2260 non
471 2207 786 2275 operentur.

408 2294 564 2348 Item.
615 2291 832 2347 Sanitas
878 2289 1076 2344 animae
1127 2285 1465 2359 prael'erenda
1514 2293 1598 2344 est
1644 2290 1869 2346 sanitati
1916 2293 2207 2365 corporis:
2248 2292 2345 2350 sed

339 2380 536 2438 medici
574 2379 768 2436 dantes
819 2375 1104 2433 consilium
1151 2375 1220 2431 de
1271 2374 1446 2431 salute
1494 2377 1737 2449 corporis
1782 2381 1883 2434 etsi
1916 2381 2045 2436 nihil
2096 2383 2347 2439 manibus

342 2474 653 2543 operentur,
684 2472 912 2540 possunt
956 2464 1104 2522 licite
1133 2465 1382 2535 accipere
1408 2465 1551 2520 unde
1593 2466 1800 2522 vivant.
1838 2468 1979 2539 Ergo
2008 2470 2181 2528 multo
2230 2471 2347 2529 sor-

344 2559 452 2614 tius
500 2557 577 2613 illi
609 2557 703 2631 qui
753 2553 1042 2638 consulunt
1084 2552 1249 2611 saluti
1293 2552 1618 2622 animarum,
1661 2555 1829 2611 etiam
1872 2557 1919 2614 si
1950 2559 2199 2634 manibus
2241 2576 2349 2617 non

342 2647 612 2704 laborent.
1327 2637 1332 2643 ’
2093 2715 2105 2724 .

411 2735 572 2791 Nunc
599 2730 763 2788 tertio
791 2736 963 2788 restat
1005 2730 1312 2798 ostendere,
1340 2729 1487 2804 quod
1517 2730 1766 2804 praedicti
1796 2750 1906 2790 non
1946 2735 2123 2794 solum
2161 2739 2347 2796 vivere

345 2824 557 2898 possint
583 2821 652 2877 de
680 2818 1040 2892 eleemosynis
1066 2828 1262 2891 sponte
1287 2818 1505 2886 oblatiS‚
1534 2821 1628 2875 sed
1662 2821 1830 2879 etiam
1854 2839 1951 2881 eas
1976 2833 2161 2898 petere
2191 2845 2348 2887 men·

345 2910 598 2978 dicand0‚
652 2909 799 2982 quod
847 2908 1111 2980 probatur
1159 2907 1409 2980 exemplo
1448 2908 1669 2976 Christi,
1721 2911 1776 2967 in
1817 2915 1976 2986 cujus
2018 2933 2249 2988 persona
2293 2919 2349 2975 iu

347 3000 487 3057 Psal.
518 3014 684 3064 xxxl,
708 2999 775 3052 18
796 2996 996 3053 dicitur
1026 3015 1040 3051 ε
1060 2997 1174 3068 1⁴:90
1193 3004 1369 3055 autem
1395 2997 1661 3053 mendicus
1676 3014 1789 3057 sum
1812 3008 1862 3057 et
1876 3019 2090 3076 pauper
2112 3006 2310 3064 Glossa
2334 3025 2348 3062 z

351 3109 378 3142 α
412 3090 526 3144 Hoc
554 3087 689 3142 dicit
718 3085 966 3142 Christus
993 3086 1062 3142 de
1091 3101 1150 3141 se
1173 3102 1241 3142 ex
1268 3085 1441 3142 forma
1466 3087 1630 3152 servi,
1664 3107 1689 3138 »
1722 3094 1777 3144 et
1807 3088 1948 3146 infra
1976 3109 1990 3147 ε
2020 3112 2047 3146 «
2072 3095 2353 3153 Mendicus

347 3184 434 3234 est
459 3176 552 3249 qui
579 3175 649 3232 ab
678 3173 785 3231 alio
812 3173 971 3246 petit,
1002 3181 1060 3230 et
1089 3190 1292 3247 pauper
1313 3175 1408 3249 qui
1433 3175 1534 3232 sibi
1558 3191 1662 3232 non
1688 3177 1907 3234 sufficit.
1945 3199 1971 3230 »

419 3267 576 3322 Item.
608 3263 668 3318 In
713 3263 819 3318 alio
852 3261 1050 3319 Psalm.
1089 3277 1250 3329 unx,
1285 3267 1315 3320 6
1363 3281 1376 3319 ε
1405 3265 1522 3337 Eyo
1543 3281 1668 3321 vero
1692 3282 1879 3338 eyenus
1904 3275 1955 3324 et
1981 3286 2192 3343 pauper
2217 3289 2353 3340 sum,

349 3354 547 3412 Glossa
578 3371 591 3407 ε
628 3373 653 3406 a
699 3352 821 3408 Sum
865 3368 1074 3424 egenus,
1106 3353 1160 3407 id
1203 3362 1286 3409 est
1319 3359 1527 3425 petens,
1560 3361 1615 3410 et
1659 3371 1869 3428 pauper
1894 3373 2030 3424 sum,
2070 3361 2125 3416 id
2156 3369 2239 3418 est
2268 3364 2357 3418 in-

351 3443 625 3500 sufficiens
664 3441 814 3508 mihi,
843 3441 973 3513 quia
1002 3448 1057 3496 et
1087 3440 1391 3497 mundanas
1433 3442 1619 3513 copIas
1662 3460 1768 3500 non
1798 3444 1980 3513 habet,
2010 3454 2066 3504 et
2091 3450 2237 3508 intus
2266 3451 2359 3509 ubi

352 3533 630 3597 estdiveS,
663 3546 878 3601 semper
901 3529 1091 3596 ambit,
1118 3529 1410 3596 desiderat,
1446 3531 1664 3602 accipit.
1696 3552 1722 3584 »

422 3623 580 3678 Item.
614 3621 676 3676 In
710 3619 816 3676 alio
846 3618 1046 3674 Psalm.
1077 3633 1238 3683 cvm,
1273 3619 1343 3672 ⁴7
1375 3634 1388 3670 ε
1416 3618 1729 3678 Pei-secutus
1752 3631 1827 3680 est
1850 3625 2111 3684 hominem
2132 3629 2359 3702 inopem,

352 3716 406 3767 et
449 3708 764 3765 meridicum.
805 3706 1003 3764 Glossa
1049 3723 1063 3760 ι
1107 3726 1133 3759 α
1181 3706 1401 3763 Scilicet
1444 3707 1739 3766 Clu-istum.
1788 3732 1814 3765 n
1863 3714 1929 3772 Et
1959 3715 2067 3773 alia
2108 3718 2303 3778 Glossa
2344 3740 2361 3778 2

355 3816 388 3852 α
416 3785 932 3870 Pauperes'insequi
962 3793 1077 3851 sola
1107 3795 1320 3858 saevitia
1348 3801 1434 3851 est
1467 3813 1480 3854 ς
1518 3795 1608 3853 alii
1640 3815 1738 3873 pro
1766 3800 1991 3872 divitus,
2026 3805 2109 3862 vel
2139 3806 2363 3866 honori-

352 3887 462 3944 bus
494 3881 1120 3958 interdum'hujusmodi
1164 3885 1469 3960 patiuntur.
1520 3906 1548 3940 n
1592 3888 1720 3946 Istae
1746 3889 1872 3948 duae
1901 3893 2109 3953 ultimae
2153 3897 2367 3957 Glossae
