2784 4392
1470 415 1633 497 XVI

620 592 745 723 IN
825 588 1627 725 DECRETALEM
1708 492 2500 721 mxposmo

767 808 880 879 AD
917 810 1597 877 ARCHIDIAGONUM
1636 808 2209 875 TRIDENTINUM
2252 805 2347 889 (1)

1137 960 1285 1025 (aare.
1307 962 1440 1011 nom.
1472 962 1754 1021 opusculum
1782 956 1969 1021 xxm.)

1459 1086 1650 1113 -ι-..Ό

1034 1217 1100 1263 Do
1129 1230 1313 1263 summa
1347 1216 1579 1263 Trinitatis
1612 1220 1654 1261 et
1677 1188 1800 1261 'Fide
1833 1215 2083 1261 catholica.

623 1341 838 1391 Firmiter
871 1342 1104 1392 credimus
1141 1350 1188 1392 et
1228 1343 1507 1404 simpliciter
1535 1342 1808 1391 confitemur
1844 1342 1968 1405 quod
1992 1354 2116 1389 unus
2144 1340 2277 1391 solus
2320 1346 2398 1391 est
2426 1355 2563 1390 verus

567 1424 702 1480 DeuS,
720 1430 920 1471 aeternus
935 1432 980 1471 et
993 1424 1266 1484 immensuS‚
1282 1424 1699 1484 incommutabilis,
1717 1423 2207 1485 incomprehensibilis
2223 1428 2269 1469 et
2290 1423 2564 1482 ineffabilis,

568 1505 702 1550 Pater
725 1510 769 1551 et
793 1504 939 1552 Filius
957 1511 1004 1552 et
1038 1504 1238 1565 Spiritus
1277 1512 1468 1552 sanctus
1493 1517 1506 1552 ε
1533 1512 1627 1551 tres
1651 1504 1839 1565 quidem
1866 1516 2097 1563 personae,
2122 1488 2205 1550 sed
2224 1516 2320 1549 una
2343 1504 2564 1561 essentia,

567 1582 846 1645 substantia,
870 1598 953 1632 seu
981 1593 1162 1644 natura,
1190 1585 1389 1645 simplex
1422 1584 1633 1631 omuino.
1660 1585 1795 1631 Pater
1818 1596 1845 1629 a
1874 1582 2021 1641 nullo,
2050 1582 2198 1629 Filius
2228 1589 2389 1629 autem
2421 1596 2451 1629 a
2470 1582 2567 1629 solo

571 1662 722 1722 Patre,
750 1677 804 1711 ac
835 1664 1035 1725 Spiritus
1070 1668 1258 1712 sanctus
1283 1664 1340 1711 ab
1378 1672 1575 1725 utroque
1616 1663 1807 1724 pariter,
1840 1662 2017 1723 absque
2055 1662 2189 1709 initio
2220 1668 2267 1709 et
2293 1661 2403 1708 fine.
2436 1663 2569 1708 Pater

572 1754 817 1800 generans,
845 1743 989 1789 Filius
1018 1756 1218 1790 nascens
1241 1749 1287 1789 et
1315 1742 1517 1803 Spiritus
1536 1748 1727 1788 sanctus
1757 1740 2047 1801 procedens;
2074 1740 2503 1786 consubstantiales
2526 1747 2568 1786 et

572 1821 833 1881 coequales,
877 1823 1273 1882 coomnipotentes
1321 1828 1369 1869 et
1414 1821 1651 1879 coaeterni,
1698 1833 1842 1867 unum
1890 1820 2216 1867 universorum
2261 1819 2564 1879 principium,

575 1904 756 1945 creator
779 1900 984 1945 omnium
1013 1899 1322 1947 invisibilium
1345 1905 1391 1945 et
1412 1898 1687 1955 visibilium,
1717 1897 2032 1958 spiritualium
2058 1904 2104 1943 et
2124 1896 2460 1956 corporalium,
2488 1896 2567 1955 qui

576 1989 660 2022 sua
683 1978 986 2038 omnipotenti
1006 1980 1174 2026 virtute
1193 1979 1333 2025 simul
1353 1977 1418 2024 ab
1437 1978 1574 2025 initio
1598 1977 1821 2038 temporis
1842 1984 2083 2038 utramque
2107 1976 2164 2023 de
2189 1976 2339 2023 nihilo
2362 1975 2568 2023 condidit

577 2061 853 2115 creaturam,
890 2057 1177 2117 spiritualem
1212 2064 1257 2104 et
1293 2057 1601 2118 corporalem,
1634 2057 1889 2119 angelicam
1933 2054 2232 2119 videlicet-‘et
2262 2055 2565 2113 mundanam,

579 2148 632 2181 ac
657 2134 822 2181 deinde
849 2136 1120 2198 humanam,
1155 2136 1289 2198 quasi
1317 2149 1627 2196 communem,
1655 2150 1711 2183 ex
1741 2136 1911 2196 spiritu
1950 2143 1995 2183 et
2020 2148 2213 2196 corpore
2248 2135 2563 2182 constitutam.

579 2214 796 2261 Diabolus
821 2216 942 2263 enim
969 2222 1014 2263 et
1041 2216 1274 2266 daemones
1307 2216 1407 2276 alii,
1440 2230 1467 2263 a
1492 2217 1583 2264 Deo
1620 2215 1809 2277 quidem
1839 2222 2007 2262 natura
2030 2215 2175 2262 creati
2196 2221 2305 2262 sunt
2330 2215 2462 2275 boni,
2486 2214 2565 2261 sed

578 2293 668 2355 ipsi
691 2308 771 2356 per
797 2308 848 2342 se
865 2294 974 2343 facti
1003 2302 1110 2343 sunt
1129 2298 1239 2343 mali
1265 2309 1279 2343 x
1307 2297 1446 2350 homo
1470 2310 1580 2345 vero
1600 2296 1777 2343 diaboli
1802 2296 2099 2357 suggestione
2119 2294 2347 2355 peccavit.

643 2374 747 2421 Haec
773 2381 934 2421 sancta
959 2375 1163 2422 Trinitas
1201 2375 1458 2423 secundum
1492 2386 1785 2422 communem
1832 2374 2083 2421 essentiam
2117 2372 2364 2420 individua
2400 2379 2445 2420 et
2482 2385 2564 2421 se-

581 2453 779 2501 cundum
798 2455 1066 2515 personales
1089 2455 1394 2516 proprietates
1417 2455 1634 2514 discreta,
1659 2467 1742 2515 per
1770 2453 1957 2515 Moysen
1994 2460 2039 2501 et
2072 2460 2260 2500 sanctos
2294 2453 2561 2513 Prophetas,

571 2533 791 2594 'aliosque
833 2533 1031 2583 famulos
1083 2548 1210 2593 suoS,
1258 2536 1390 2595 juxta
1431 2533 1826 2582 ordinatissimam
1887 2532 2241 2593 dispositionem
2291 2540 2561 2592 temporum,

581 2612 839 2661 doctrinam
861 2616 1064 2662 humano
1083 2616 1241 2677 generi
1269 2615 1433 2662 tribuit
1459 2614 1736 2662 salutarem.
1754 2614 1811 2661 Et
1830 2613 2014 2660 tandem
2034 2612 2303 2674 unigenitus
2320 2613 2403 2659 Dei
2422 2613 2562 2659 Filius

571 2692 715 2749 ..lesus
752 2695 959 2741 Christus
983 2708 1010 2741 a
1041 2702 1137 2741 tota
1159 2694 1388 2741 Trinitate
1426 2694 1733 2741 communiter
1775 2694 2064 2749 incarnatus,
2108 2706 2162 2739 ex
2206 2692 2352 2737 Maria
2388 2704 2561 2751 semper

581 2772 775 2833 virgine,
794 2773 993 2833 Spiritus
1016 2774 1164 2821 sancti
1194 2773 1522 2835 cooperatione
1551 2779 1817 2835 conceptuS‚
1841 2785 1978 2820 verus
2001 2773 2139 2819 homo
2162 2771 2311 2818 factus
2333 2784 2391 2817 ex
2413 2772 2561 2818 anima

583 2851 817 2909 rationali,
835 2860 879 2897 et
900 2854 1103 2899 humana
1122 2866 1260 2899 carne
1281 2854 1581 2913 compositus,
1608 2867 1701 2901 una
1725 2854 1773 2901 in
1799 2852 1979 2899 duabus
2000 2852 2178 2898 naturis
2206 2864 2425 2912 persona,
2446 2852 2559 2898 viam

583 2930 688 2976 vitae
721 2930 1013 2977 manifestius
1044 2931 1398 2981 demonstravit.
1430 2933 1516 2988 Qui
1551 2946 1654 2980 cum
1681 2932 1937 2980 secundum
1965 2931 2254 2978 divinitatem
2279 2932 2339 2978 sit
2368 2932 2562 2977 immor-

586 3008 690 3055 talis
715 3015 760 3056 et
790 3010 1113 3070 impassibiliS‚
1141 3010 1265 3057 idem
1295 3013 1392 3072 ipse
1416 3012 1673 3059 secundum
1702 3012 2034 3057 humanitatem
2064 3008 2213 3057 factus
2234 3018 2305 3056 est
2332 3009 2560 3069 passibilis

585 3096 627 3136 et
653 3091 860 3138 mortalis
891 3103 914 3151 t,
943 3092 1056 3153 quin
1087 3092 1226 3139 etiam
1264 3106 1348 3152 pro
1377 3092 1527 3139 salute
1559 3091 1748 3138 humani
1776 3091 1960 3151 generis
1985 3090 2033 3136 in
2060 3090 2189 3151 ligno
2228 3090 2381 3136 crucis
2408 3103 2559 3149 passus

583 3176 626 3215 et
651 3178 874 3230 mortuus»,
890 3170 1128 3218 descendit
1151 3172 1208 3217 ad
1233 3170 1424 3230 interm,
1441 3170 1693 3218 resurrexit
1720 3183 1747 3216 a
1776 3169 1971 3216 mortuis
1996 3175 2045 3216 et
2068 3162 2279 3215 ascendit
2300 3168 2347 3213 in
2375 3168 2553 3215 caelum.

583 3248 670 3295 Sed
696 3250 934 3297 descendit
961 3251 1007 3297 in
1031 3251 1201 3307 anima,
1220 3252 1476 3297 resurrexit
1503 3250 1550 3296 in
1575 3262 1733 3309 carne,
1751 3249 2053 3309 ascenditque
2073 3248 2248 3309 pariter
2269 3248 2319 3294 in
2344 3254 2557 3309 utroque3

581 3336 802 3376 venturus
843 3329 890 3375 in
919 3330 1009 3377 tine
1049 3330 1203 3376 saeeuli
1229 3330 1442 3389 judicare
1478 3330 1609 3376 vivos
1641 3337 1687 3375 et
1722 3335 1947 3388 mortuo-a,
1984 3335 2031 3375 et
2060 3327 2329 3375 redditurus
2370 3326 2558 3388 singulis

579 3409 830 3456 secundum
857 3423 996 3469 opera
1019 3423 1118 3467 sua,
1146 3417 1236 3457 tam
1263 3410 1477 3469 reprobis
1505 3423 1645 3470 quam
1679 3409 1859 3459 electis,
1884 3408 1969 3464 Qui
1995 3420 2158 3456 omnes
2182 3420 2286 3455 cum
2316 3406 2417 3453 suis
2448 3420 2555 3466 pro-

581 3488 697 3548 priis
717 3489 988 3549 corporibus
1010 3496 1270 3551 resurgent,
1287 3503 1390 3550 quae
1411 3502 1535 3537 nunc
1560 3497 1772 3551 gestant3
1797 3496 1850 3538 ut
1871 3489 2101 3549 recipiant
2122 3487 2382 3535 secundum
2406 3488 2557 3534 merita

581 3582 680 3627 sua,
707 3569 802 3615 sive
832 3568 951 3615 bona
980 3567 1169 3629 fuerint,
1199 3569 1297 3616 sive
1337 3570 1493 3629 mala;
1525 3571 1595 3618 illi
1620 3584 1725 3618 cum
1762 3569 1948 3617 diabolo
1983 3582 2167 3631 poenam
2205 3574 2497 3629 perpetuam,
2518 3574 2558 3613 et

581 3648 658 3694 isti
687 3660 790 3694 cum
817 3648 992 3695 Christi
1015 3648 1210 3709 gloriam
1235 3650 1584 3710 sempiternam.

641 3728 742 3773 Una
781 3740 888 3775 vero
926 3734 998 3775 est
1035 3727 1239 3775 fidelium
1276 3730 1561 3792 universalis
1602 3730 1826 3789 Ecclesia,
1858 3734 1987 3779 extra
2009 3742 2153 3791 quam
2188 3728 2350 3777 nullus
2378 3727 2558 3785 omnino

635 3852 699 3911 (4)
716 3854 794 3909 41.
815 3853 1106 3916 Cadestinnm,
