2784 4392
598 306 729 351 x1v.
760 320 844 337 —
868 306 1106 349 con-ma
1145 305 1360 349 nurue.
1408 305 1509 359 nm
1552 304 1723 349 cunr.
1769 304 1847 349 m
1885 306 2091 353 mue.
2264 285 2346 356 87

344 416 475 472 ciem
516 416 756 489 pietati&
789 436 816 469 n
857 416 912 473 id
953 423 1055 484 est,
1081 414 1388 488 religionis.
1423 414 1631 487 Religio
1666 415 1810 470 enim
1850 414 2120 486 accipitur
2149 414 2223 470 ibi
2253 430 2351 487 pro

345 505 526 569 latria,
567 521 692 577 quae
729 505 889 561 fidem
926 510 1280 577 protestatur.
1313 506 1372 560 In
1409 502 1514 560 hac
1542 503 1686 559 enim
1716 503 2112 576 significatione
2158 501 2355 574 religio

347 603 430 649 est
461 594 602 649 idem
635 594 778 666 quod
809 594 1002 666 pietaS,
1032 600 1093 648 ut
1117 600 1268 666 patet
1298 610 1394 666 per
1422 593 1787 664 Augustinum
1826 591 1878 648 in
1904 608 1963 659 x,
1999 592 2075 648 De
2120 590 2353 650 Ciuitate

347 678 467 738 Dei.
502 683 640 737 Dato
662 692 844 739 autem
871 683 1017 755 quod
1047 682 1305 754 religiosi,
1337 681 1654 748 vel'omneS,
1678 680 1762 737 vel
1791 680 1959 753 aliqui
1986 680 2124 737 tales
2143 688 2347 749 essent,

348 786 456 827 non
495 780 674 828 tamen
709 786 898 827 eorum
926 777 1090 838 esset,
1123 787 1155 828 a
1187 787 1288 829 sua
1315 772 1695 828 communione
1724 786 1819 829 eos
1842 770 2129 827 excludere
2161 787 2174 824 :
2202 770 2352 844 quod

347 866 500 934 patet
520 877 614 933 per
638 859 887 917 Glossam
909 876 1033 933 quae
1052 858 1283 917 habetur
1307 862 1348 928 1,
1373 862 1498 923 Cor.
1521 877 1575 929 v,
1602 876 1765 931 super
1789 859 1955 916 illud:
1983 858 2038 915 Is
2062 858 2155 931 qui
2170 858 2355 929 frater

349 949 680 1015 noniinatur,
697 958 802 1005 etc.
833 970 858 1001 α
887 951 1022 1005 Cum
1045 948 1353 1021 hujusmodi
1376 965 1477 1005 nec
1495 949 1678 1004 cibum
1696 964 1912 1005 sumere
1939 964 1999 1017 »ς
2022 948 2236 1005 Glossa.
2252 946 2353 1003 Di·-

349 1038 521 1095 cendo
562 1038 896 1104 nominatur,
925 1039 1162 1095 ostendit
1199 1054 1307 1094 non
1355 1044 1587 1107 temere,
1637 1046 1693 1094 et
1726 1036 2005 1110 quodlibet
2040 1036 2223 1103 modo,
2256 1032 2355 1092 sed
2450 1046 2459 1055 ·

351 1128 726 1199 perjudicium
743 1126 1066 1184 auferendos
1087 1127 1258 1185 malos
1288 1143 1408 1183 esse
1434 1114 1783 1204 ab-Ecclesiae
1804 1126 2203 1191 communione,
2225 1129 2282 1181 et
2304 1122 2355 1181 si

351 1233 448 1289 por
472 1214 740 1287 judicium
780 1215 980 1273 auferri
1006 1232 1112 1272 non
1139 1222 1385 1288 possunt,
1420 1215 1719 1271 tolerentur
1743 1217 1945 1288 potius,

421 1305 539 1361 Non
577 1305 720 1359 enim
750 1321 782 1361 a
819 1306 1197 1361 communione
1225 1319 1556 1379 quemquam
1586 1303 1875 1371 prohibere
1912 1318 2215 1377 possumus,
2250 1300 2352 1359 nisi

355 1402 448 1450 aut
475 1400 666 1465 sponte
689 1392 1013 1459 confessum,
1048 1399 1142 1450 aut
1166 1393 1220 1449 in
1249 1393 1433 1467 aliquo
1464 1393 1671 1465 judicio
1700 1392 2091 1457 ecclesiastico,
2124 1391 2209 1458 ‚vel
2238 1406 2351 1449 saes·

353 1482 524 1538 culari
556 1483 896 1537 nominatum
923 1491 1088 1554 atque
1124 1482 1457 1539 convictum.
1489 1483 1603 1537 Hoc
1631 1497 1761 1553 ergo
1802 1481 2033 1537 dicendo
2074 1479 2211 1536 nolit
2248 1479 2353 1535 ho-

355 1570 552 1625 minem
589 1569 658 1626 ab
698 1569 914 1625 homine
936 1570 1170 1641 judicari
1199 1584 1266 1625 ex
1295 1569 1523 1626 arbitrio
1556 1568 1899 1640 suspicioniS‚
1932 1567 2018 1623 vel
2047 1568 2215 1623 etiam
2252 1582 2353 1621 ex-

358 1658 716 1715 traordinario
760 1665 1017 1729 usurpato
1041 1657 1266 1728 judicic,
1312 1657 1409 1711 sed
1440 1658 1620 1731 potius
1663 1655 1878 1727 exlege
1919 1654 2017 1721 Dei
2052 1655 2352 1711 secundum

355 1747 599 1803 ordinem
641 1746 910 1802 Ecclesiae.
945 1745 1061 1801 sive
1103 1744 1243 1801 ultro
1289 1745 1615 1811 confessum,
1664 1745 1781 1801 sive
1822 1750 2141 1800 accusatum
2187 1750 2357 1815 atque

356 1835 684 1892 convictum.
711 1837 865 1890 Patet
895 1850 1040 1906 erge,
1067 1833 1212 1906 quod
1239 1834 1491 1909 quamvis
1524 1833 1761 1907 religiosi
1788 1837 1971 1889 essent
1996 1832 2133 1888 tales
2167 1829 2358 1905 quales

357 1923 562 1991 dicunt,
591 1930 900 1982 nontamen
930 1930 1148 1994 possent
1172 1938 1267 1979 eos
1291 1937 1324 1978 a
1351 1937 1451 1977 sua
1473 1921 1737 1979 societate
1766 1921 2048 1992 repellere,
2076 1919 2180 1975 nisi
2206 1918 2355 1992 prius

356 2019 537 2069 essent
560 2013 615 2067 in
632 2012 839 2085 judicio
863 2011 1228 2067 condemnati.

427 2103 487 2156 In
531 2101 616 2157 his
643 2108 826 2156 autem
867 2115 991 2172 quae
1037 2106 1356 2173 sequuntur,
1389 2100 1443 2155 in
1492 2099 1690 2173 quibus
1736 2099 2051 2173 apostolicae
2094 2095 2356 2171 potestati

359 2190 638 2261 derogant,
685 2204 788 2245 non
819 2187 992 2243 solum
1038 2187 1312 2251 falsitatis,
1345 2188 1441 2243 sed
1466 2188 1632 2243 etiam
1672 2187 1895 2245 haeresis
1921 2188 2127 2245 crimen
2169 2186 2359 2242 incur-

358 2287 504 2348 runt,
536 2277 665 2350 quia
704 2284 763 2331 ut
785 2276 985 2333 dicitur
1011 2277 1063 2331 in
1097 2277 1363 2344 DecretiS,
1390 2276 1519 2333 dist.
1549 2292 1698 2342 xxn,
1745 2292 1867 2349 cap.
1900 2276 2089 2332 Omnes
2129 2292 2149 2331 .-
2194 2295 2219 2327 α
2250 2273 2357 2344 Qui

357 2366 616 2422 Romanae
644 2363 902 2420 Ecclesiae
933 2364 1273 2435 privilegium
1303 2362 1371 2419 ab
1410 2364 1525 2436 ipso
1562 2380 1775 2419 summo
1813 2364 2055 2421 omnium
2079 2363 2361 2420 Ecclesia-

359 2468 476 2507 rum
503 2452 682 2525 capite
709 2447 968 2507 traditum
994 2450 1206 2506 auferre
1234 2456 1481 2515 conatur,
1510 2449 1599 2505 bic
1622 2449 1807 2523 procul
1834 2450 1997 2505 dubio
2023 2450 2076 2504 in
2105 2448 2360 2505 haeresim
2421 2476 2434 2484 α

358 2539 576 2596 labitur.
620 2559 648 2593 »
691 2539 758 2595 Et
800 2538 985 2595 infra:
1032 2558 1058 2591 α
1101 2538 1286 2595 Fidem
1326 2538 1527 2610 quippe
1570 2538 1756 2603 violat,
1790 2538 1885 2609 qui
1916 2537 2179 2593 adversus
2208 2536 2357 2593 illam

359 2630 492 2700 agit,
535 2638 660 2701 quae
685 2635 770 2683 est
799 2627 922 2683 fidei
950 2636 1144 2684 mater.
1188 2646 1216 2680 »
1245 2628 1358 2683 Hoc
1388 2632 1571 2683 autem
1603 2625 1944 2697 privilegium
1974 2626 2221 2683 Christus
2250 2627 2361 2682 Ro-

355 2731 534 2772 manae
557 2715 816 2773 Ecclesiae
838 2715 1086 2783 contulit,
1114 2722 1174 2771 ut
1204 2730 1390 2771 omnes
1410 2716 1461 2771 ei
1484 2717 1627 2771 sicut
1652 2715 1868 2771 Christo
1892 2713 2147 2773 obediant
2174 2732 2187 2769 ε
2218 2716 2361 2772 unde

357 2804 492 2861 dicit
525 2804 760 2877 Cyrillus
800 2804 1195 2861 Alexandrinus
1232 2804 1531 2879 Episcopus
1558 2804 1612 2861 in
1641 2804 1778 2861 libro
1807 2805 1855 2861 11
1904 2804 2297 2864 Thesaurorum
2341 2820 2361 2862 .·

361 2913 387 2947 t(
419 2893 492 2949 Ut
517 2892 758 2949 membra
783 2908 1098 2949 maneamus
1119 2894 1174 2947 in
1193 2894 1372 2965 capite
1402 2902 1586 2950 nostro
1612 2893 1913 2967 apostolico
1940 2894 2133 2950 throno
2154 2894 2361 2951 Roma·-

359 2997 551 3039 norum
581 2981 857 3049 Pontifice,
883 2997 915 3038 a
949 2998 1055 3056 quo
1086 2992 1330 3038 nostrum
1355 2990 1440 3039 est
1466 2998 1713 3054 quaerere
1732 2983 1863 3057 quid
1892 2984 2116 3041 credere
2144 2990 2199 3039 et
2228 2980 2361 3056 quid

360 3076 545 3127 tenere
569 3069 880 3137 debeamuS,
911 3071 1089 3145 ipsum
1113 3078 1455 3136 venerantes,
1481 3072 1657 3144 ipsum
1678 3079 1935 3143 rogantes
1960 3086 2056 3144 pro
2086 3071 2357 3137 omnibuS,

358 3160 614 3233 quoniam
657 3159 826 3232 ipsius
854 3160 1027 3215 solum
1057 3169 1140 3216 est
1179 3160 1598 3234 reprehendere,
1628 3162 1919 3233 corrigere,
1952 3169 2009 3217 et
2055 3159 2172 3216 loco
2216 3157 2361 3216 illius

360 3247 528 3320 ligare
563 3248 657 3320 qui
685 3248 864 3321 ipsum
893 3248 1206 3316 aedificavit,
1240 3258 1293 3305 et
1331 3249 1465 3305 nulli
1491 3250 1583 3305 alii
1624 3250 1770 3323 quod
1807 3265 1967 3305 suum
1994 3257 2079 3306 est
2117 3248 2357 3322 plenum,

359 3336 456 3391 sed
499 3337 599 3406 ipsi
641 3335 742 3391 soli
770 3337 922 3393 dedit
949 3338 1037 3393 cui
1067 3353 1254 3393 omnes
1276 3339 1402 3409 jure
1429 3337 1613 3394 divino
1654 3348 1821 3411 caput
1850 3337 2133 3403 inclinant,
2163 3343 2219 3391 et
2247 3336 2364 3405 pri-

363 3432 537 3479 mates
559 3424 744 3478 mundi
772 3433 1032 3497 tanquam
1061 3426 1165 3497 ipsi
1187 3427 1417 3484 Domino
1442 3427 1565 3482 Jesu
1597 3425 1810 3484 Christo
1840 3426 2118 3481 obediunt.
2156 3443 2182 3476 »
2209 3423 2364 3481 Unde

360 3521 512 3588 patet
553 3514 699 3586 quod
738 3515 1066 3588 quicumque
1108 3517 1243 3572 dicit
1283 3533 1388 3574 non
1420 3532 1538 3573 esse
1582 3515 1944 3573 obediendum
1987 3514 2071 3570 his
2113 3529 2237 3586 quae
2267 3529 2363 3585 per

361 3605 562 3677 Papam
590 3608 927 3671 statuuntur,
961 3604 1018 3658 iu
1045 3602 1296 3660 haeresim
1326 3603 1549 3660 labitur.

432 3691 588 3761 Quod
627 3691 794 3747 etiam
837 3690 1120 3763 objiciunt,
1161 3692 1306 3764 quod
1354 3691 1533 3748 nullus
1570 3699 1749 3765 potest
1777 3690 1900 3765 cogi
1929 3692 1997 3749 ad
2039 3683 2359 3749 societatem

361 3781 584 3848 invituS,
630 3787 690 3835 ut
729 3780 814 3837 lex
838 3779 990 3849 dicit,
1024 3787 1194 3853 patet,
1226 3781 1373 3855 quod
1409 3780 1729 3853 intelligitur
1756 3781 1825 3838 de
1855 3783 2067 3858 privata
2097 3783 2363 3847 societate

363 3884 486 3942 quae
523 3884 788 3929 consensu
817 3870 1046 3929 duorum
1072 3868 1160 3931 vel
1191 3870 1354 3932 trium
1393 3871 1762 3929 constituitur.
1798 3870 1905 3931 Sed
1934 3870 2004 3931 ad
2040 3873 2362 3932 societatem
