2784 4392
101 1022 166 1105 A

777 293 888 338 xv.
917 306 1001 323 -
1027 292 1107 337 na
1148 292 1452 337 anamma
1495 292 1833 339 ramorum
2192 275 2317 342 349

301 410 550 483 prolatus
573 416 677 476 est,
705 407 788 463 vel
818 407 947 480 quia
971 420 1099 463 cum
1127 406 1354 463 caesarie
1385 412 1569 463 natus.
1600 410 1646 465 Α
1668 422 1779 480 quo
1822 406 2181 481 imperatores
2215 424 2315 469 se-

279 502 536 571 ·quentes
571 498 652 553 sic
681 497 860 553 vocati
903 500 1048 563 sunt,
1104 496 1234 567 quia
1277 494 1478 550 comati
1526 501 1737 563 essent;
1766 494 1863 551 sed
1910 499 2191 568 Augustus
2241 499 2315 557 ab

296 588 555 659 augendo
603 584 1015 657 rempublicam,
1045 582 1254 655 primus
1297 590 1526 639 vocatus
1561 588 1645 639 est
1684 580 2039 652 Octavianus,
2070 591 2132 641 ut
2164 586 2311 645 idem

298 671 812 739 isidorus-scribit.
838 670 1146 729 Secundum
1177 679 1380 727 autem
1422 671 1569 745 quod
1622 670 1709 728 hic
1748 673 2102 738 attendimus,
2130 681 2215 733 est
2241 675 2313 733 de

295 777 560 835 processu
609 762 768 817 istius
811 760 1045 833 imperii,
1095 760 1223 832 quia
1267 774 1433 832 supra
1476 767 1561 816 est
1607 766 1817 817 tactum
1856 760 1925 817 de
1964 762 2313 835 quadruplici

295 848 654 918 monarchia3
680 848 776 909 sed
807 863 905 903 nos
937 847 1186 925 quintam
1232 862 1521 920 possumus
1556 848 1779 917 addere,
1807 856 1863 905 et
1903 848 1974 906 de
2014 864 2125 925 qua
2170 850 2312 909 infra

292 939 566 995 dicemus.

369 1028 553 1083 Prima
584 1025 685 1081 suit
715 1022 1085 1098 Assyriorum,
1111 1022 1270 1095 cujus
1283 988 1464 1095 caput
1487 1024 1661 1081 Ninus
1676 1023 1781 1081 fuit
1809 1029 2051 1099 tempore
2076 1025 2317 1085 Abrabae

291 1112 652 1187 patriarchas,
705 1118 830 1191 quae
885 1110 1127 1167 duravit
1161 1113 1300 1170 124⁰
1351 1127 1542 1179 annos,
1600 1119 1660 1168 ut
1706 1112 1899 1169 scribit
1948 1115 2306 1185 Augustinus,

279 1199 408 1259 lib.
423 1201 495 1259 [V
520 1200 597 1258 De
623 1200 787 1259 civit.
815 1197 940 1267 Des,
970 1216 1142 1273 usque
1172 1200 1241 1255 ad
1269 1200 1719 1273 Sardanapalum,
1747 1201 1841 1273 qui
1867 1207 2089 1273 propter
2118 1204 2313 1261 merita

289 1291 587 1351 muliebria
619 1290 856 1363 perdidit
894 1288 1291 1362 principatum;
1315 1290 1413 1343 sed
1455 1289 1697 1365 Arbae-‚es
1732 1289 2011 1345 transtulit
2036 1290 2104 1347 ad
2126 1291 2313 1347 Medos
2408 1352 2415 1359 ,

291 1386 349 1436 et
395 1381 612 1436 Persas.
645 1374 765 1446 Quo
817 1380 1062 1446 tempore
1113 1375 1362 1445 regnavit
1407 1375 1611 1431 Procax
1660 1375 1772 1430 dux
1826 1376 2216 1441 Romanorum,
2252 1385 2311 1432 ut

271 1468 448 1524 idem
489 1467 692 1526 Ductor
733 1463 1188 1527 in-XVllldicit.
1217 1461 1469 1518 Secunda
1512 1463 2020 1530 veromonarchia,
2054 1464 2312 1522 videlicet

281 1556 580 1613 Medorum
628 1561 684 1607 et
733 1552 1038 1614 Persarum,
1087 1549 1310 1605 duravit
1363 1564 1536 1621 usque
1588 1548 1656 1605 ad
1715 1556 1963 1621 tempora
2016 1550 2313 1609 Alexandri

292 1649 402 1701 ²33
437 1654 626 1702 annos,
659 1638 880 1712 quando
909 1636 1170 1699 videlicet,
1205 1636 1513 1691 devincitur
1550 1634 1748 1691 Darius
1794 1652 1826 1693 a
1864 1638 2127 1709 praedicto
2159 1640 2311 1711 prin·

291 1737 447 1806 cipe,
477 1737 536 1786 ut
571 1728 762 1785 scribit
805 1726 952 1781 idem
991 1724 1186 1780 d'octor
1233 1724 1287 1780 in
1335 1724 1529 1780 eodem
1560 1722 1659 1779 lib:
1684 1724 1809 1793 ΧΠ.
1854 1724 1961 1782 Sed
1998 1727 2313 1785 monarchia

293 1812 622 1879 Graecorum
650 1818 703 1871 in
733 1813 1040 1871 Alexandro
1065 1811 1287 1884 incepit,
1316 1813 1451 1868 etin
1489 1811 1683 1868 eodem
1714 1812 1923 1871 finitur.
1948 1814 2028 1869 De
2070 1829 2180 1888 quo
2223 1818 2314 1872 di-

285 1914 446 1965 ·citur
489 1906 544 1963 in
583 1906 604 1961 Ι
649 1903 894 1959 blacbab.
925 1902 1071 1976 quod
1117 1900 1364 1973 reynaoit
1407 1900 1721 1957 Alcmandcr
1750 1901 1909 1957 annis
1952 1902 2223 1960 duodecim
2262 1912 2315 1962 ee

295 2004 545 2053 mortuus
571 2000 666 2050 est.
693 1982 798 2049 Sed
825 1990 1080 2064 quamvis
1101 1990 1282 2046 Graeci
1324 2004 1431 2045 non
1453 1986 1746 2045 habuerint
1775 1991 1831 2046 in
1862 1990 2169 2048 universale
2208 1993 2313 2049 do-

200 2141 224 2150 ,
297 2086 550 2166 minium,
605 2082 782 2156 viguit
823 2086 1008 2134 tamen
1050 2093 1276 2149 regnum
1319 2078 1675 2134 Macedonum
1728 2093 1903 2152 usque
1944 2072 2028 2136 ‘ad
2082 2088 2310 2137 mortem

181 2229 185 2233 .
297 2170 618 2235 Alexandri,
646 2168 716 2224 de
738 2181 848 2240 quo
877 2174 934 2224 et
959 2165 1255 2239 predictus
1287 2164 1425 2220 liber
1448 2168 1777 2223 mentionem
1826 2166 1958 2224 facit
1988 2168 2146 2225 annis
2184 2170 2307 2232 485.

298 2271 358 2319 ut
386 2258 728 2329 Augustinus
753 2252 944 2309 scribit
972 2247 1243 2309 in‘eodem
1273 2253 1376 2309 xil
1404 2252 1497 2308 lib.
1520 2254 1579 2309 ln
1604 2268 1716 2327 qno
1740 2255 2036 2327 praedictus
2061 2258 2316 2330 princeps

295 2356 463 2409 suum
483 2343 759 2401 inchoavit
781 2341 1084 2398 dominium
1102 2340 1252 2414 patri·
1271 2355 1373 2397 suo
1404 2341 1460 2395 in
1486 2340 1677 2397 eodem
1708 2358 1875 2413 regno
1903 2346 2220 2413 succedens,
2254 2355 2312 2401 ut

273 2437 385 2494 'his
375 2436 550 2492 toriae
577 2431 820 2487 tradunt.
855 2430 953 2485 Pos
958 2428 1145 2484 thano
1171 2433 1358 2483 autem
1395 2428 1764 2489 monarchiam
1790 2430 2067 2487 Romanus
2106 2433 2315 2501 princi-

279 2534 468 2600 ·patus
493 2524 676 2594 vigere
707 2517 927 2603 incepit.
956 2516 1224 2587 Tempore
1261 2516 1408 2571 enim
1442 2516 1599 2572 Judoe
1635 2516 1949 2584 Macbabaei,
1976 2518 2071 2591 qui
2114 2520 2315 2575 imme-

298 2615 453 2670 diate
472 2608 629 2684 quasi
669 2614 792 2706 post
838 2612 1068 2663 mortem
1099 2602 1298 2659 floruit
1323 2602 1640 2670 Alexandri,
1670 2617 1796 2660 cum
1843 2604 2138 2662 Ptolomaeo
2182 2608 2312 2679 Lagi

299 2705 683 2762 concurrente,
729 2696 782 2751 in
818 2694 913 2750 lib.
943 2692 1268 2757 1Μιοῑιιὼ.,
1279 2691 1471 2747 multa
1514 2690 1583 2750 de
1621 2691 1885 2749 Romanis
1912 2692 2225 2750 traduntur.
2253 2697 2311 2751 ln

275 2789 506 2864 ·quibus
535 2788 776 2859 ipsorum
805 2778 1049 2856 potentia
1077 2782 1146 2845 ad
1169 2796 1360 2837 omnes
1377 2778 1563 2836 mundi
1596 2779 1785 2852 plagas
1804 2780 2093 2838 videbatur
2115 2784 2314 2842 diffusa

299 2877 410 2935 sub
435 2872 750 2933 consulibus
785 2879 991 2941 tamen,
1022 2872 1152 2943 quia
1189 2866 1576 2941 superstitibus
1624 2868 1861 2940 regibus·
1893 2885 2035 2926 cum·
2069 2872 2313 2929 finitimis

279 2961 742 3023 -sollicilabantur
768 2960 1097 3030 regionibus,
1123 2969 1192 3013 et·
1210 2958 1442 3014 modicas
1466 2958 1645 3014 adhuc
1666 2960 2099 3015 erant-virtutis.
2134 2962 2317 3019 Dura-

301 3057 497 3127 vitque
539 3046 878 3112 consulatus,
929 3045 1477 3112 immo-monarchia,
1534 3045 1835 3118 usquead
1894 3054 2140 3120 tempora
2185 3049 2315 3106 lulii

299 3141 559 3207 Caesaris,
591 3138 698 3212 'qui-
718 3135 924 3207 primus
953 3134 1238 3205 usurpavit
1267 3133 1587 3204 imperium:
1614 3130 1710 3187 sed
1736 3149 1929 3206 parum
1966 3136 2020 3191 in
2057 3137 2175 3207 ipso
2216 3152 2316 3192 su..

283 3229 604 3304 ,ρθηῑχῑιιι
629 3222 1232 3294 senatoribus-quidem
1266 3220 1483 3277 occisus
1527 3218 1744 3293 propter
1788 3222 2020 3278 abusum
2062 3224 2311 3282 dominii.
2346 3242 2352 3249 ·

283 3322 434 3376 ·Post
463 3316 608 3371 hunc
648 3310 986 3369 Octavianus
1026 3308 1170 3365 iilius
1213 3309 1419 3365 sororis
1456 3319 1594 3365 suae
1617 3310 1903 3377 successit,
1928 3311 2023 3385 qui
2071 3312 2315 3372 vindicta

303 3413 548 3465 exercita
571 3410 781 3458 contra=
787 3398 1068 3455 occisores
1077 3396 1224 3463 lulii,
1256 3396 1665 3471 interfectoque
1681 3400 1941 3466 Antonio,-
1968 3400 2064 3488 qui
2095 3416 2317 3459 monar-

279 3495 489 3554 ‘cbiam
519 3491 741 3547 tenebat
779 3488 833 3543 in
837 3480 1107 3554 Oriente,
1127 3485 1276 3541 solus
1299 3487 1474 3558 ipsam
1499 3485 1756 3542 obtinuit.
1788 3486 1857 3543 Bt
1902 3482 2125 3573 propter
2156 3504 2317 3548 suam

179 3626 188 3639 .
279 3582 637 3641 modestiam
663 3589 824 3647 longo
839 3584 1085 3645 tempore
1113 3574 1168 3627 in
1187 3586 1267 3628 eo
1279 3573 1646 3645 principatum
1675 3572 1887 3643 babuit,
1906 3589 1973 3631 ac
1995 3576 2051 3631 in
2072 3577 2145 3633 42
2168 3592 2317 3635 anno

281 3667 611 3741 regiminis
640 3664 914 3735 completa
967 3659 1369 3755 septuagesima
1428 3665 1582 3715 sexta
1636 3657 1975 3717 hebdomada
2018 3663 2315 3719 secundum

287 3752 614 3823 2Danielem,
637 3753 722 3808 sui
752 3746 979 3807 dominii
1007 3756 1260 3805 cessante
1285 3746 1455 3819 r'egno
1478 3755 1535 3803 et
1558 3748 1903 3813 sacerdotio
1889 3766 1943 3805 ιιι
1966 3749 2156 3811 ludaea
2187 3752 2319 3823 qia's-

311 3843 458 3903 o'itur
481 3842 754 3909 cbristus,
787 3837 884 3913 qui
904 3836 1024 3895 ’ἲιιίι
1045 3838 1209 3929 verus
1250 3834 1366 3895 Rex
1405 3840 1463 3893 et
1486 3834 1775 3905 Sacerdos,
1808 3842 1865 3893 et
1911 3837 2319 3897 verusMonar-

2693 4 2775 205 ἰλ
