2784 4392
454 275 574 342 188
685 241 710 300 ⁸·
928 293 982 344 e.
1024 290 1260 344 mom
1298 289 1629 350 &sumens
1675 286 1991 344 ornacum

520 407 679 468 Item.
705 407 843 470 lllud
877 423 977 482 per
1021 407 1166 484 quod
1206 407 1383 466 virtus
1425 407 1625 470 mentis
1678 406 2084 476 manifestatur,
2122 423 2224 486 per
2264 422 2328 468 se
2369 407 2463 468 lo-

453 499 689 573 quendo,
725 505 810 556 est
851 497 1146 568 laudabile,
1178 498 1435 574 quamvis
1478 512 1544 556 eo
1588 498 1763 576 possit
1808 497 2009 572 aliquis
2055 498 2113 554 in
2148 498 2469 580 superbiam

452 588 554 656 uti,
585 588 681 645 sed
705 588 889 648 vilitas
912 587 1147 646 vestium
1173 595 1258 644 est
1283 586 1618 664 hujusmodi.
1644 585 1801 648 Unde
1825 587 2193 664 Hieronymus
2220 588 2357 646 dicit
2388 590 2461 646 ad

452 677 738 736 Rusticum
775 676 1118 746 monachum,
1149 697 1178 732 ι
1209 675 1411 738 Sordes
1456 675 1695 734 vestium
1735 675 1987 734 candidae
2021 675 2225 736 mentis
2259 677 2469 738 indicia

453 773 599 824 sunt.
629 766 767 824 Vilis
804 767 988 828 tunica
1031 770 1407 840 contemptum
1446 763 1635 824 saeculi
1680 763 1898 842 probat,
1927 763 2005 823 ita
2055 766 2347 826 dumtaxat
2398 783 2471 826 ne

456 854 676 916 enimus
704 853 916 924 timeat,
945 871 1014 916 ne
1053 853 1274 914 habitus
1313 868 1606 930 sermoque
1632 853 1983 912 dissentiant.
2022 872 2049 906 ι)
2084 853 2231 930 Ergo
2275 854 2467 914 vilitas

455 944 695 1003 vestium
737 943 1038 1004 seeundum
1077 959 1140 1004 se
1175 949 1262 1003 est
1297 941 1583 1014 sectanda,
1630 941 1929 1002 dummodo
1970 943 2230 1020 superbia
2280 959 2469 1006 remo-

455 1039 672 1089 ventur.

523 1123 682 1180 Item.
709 1119 846 1178 lllud
876 1120 1022 1196 quod
1063 1119 1308 1207 divinam
1349 1119 1787 1182 misericordiam
1822 1127 2195 1196 promeretur,
2222 1137 2332 1182 non
2358 1138 2471 1198 po·-

458 1216 566 1266 test
591 1224 710 1265 esse
738 1210 976 1279 malum;
1007 1210 1100 1268 sed
1131 1226 1228 1282 per
1264 1209 1537 1270 vilitatem
1576 1209 1817 1270 vestium
1862 1208 2107 1269 divinam
2148 1211 2470 1270 misericor-

456 1299 604 1358 diam
632 1305 1070 1374 promeruerunt,
1102 1300 1270 1356 etiam
1300 1299 1525 1360 maximi
1566 1307 1903 1375 peccatores.
1934 1297 2089 1360 Unde
2117 1300 2190 1360 111
2229 1300 2463 1374 Regum,

459 1404 586 1458 xxi,
615 1389 702 1458 27,
735 1389 934 1447 dicitur
958 1387 1028 1446 de
1052 1387 1374 1462 impiissimo
1394 1387 1603 1458 Achab,
1627 1388 1773 1464 quod
1802 1403 1917 1446 cum
1944 1387 2177 1450 audisset
2200 1404 2467 1450 sermones

460 1476 652 1544 Helice,
677 1477 834 1534 ecidit
861 1478 1172 1538 vestimenta
1193 1493 1312 1544 sua,
1343 1485 1395 1536 et
1419 1475 1633 1552 operuit
1661 1475 1836 1536 cilicio
1864 1492 2079 1536 carnem
2114 1493 2292 1546 suum,
2313 1479 2466 1554 jeju-

458 1566 708 1639 uavitqtte
737 1572 788 1626 et
823 1565 1079 1628 dormivit
1115 1565 1176 1624 in
1215 1582 1382 1623 sacco.
1410 1565 1567 1626 Unde
1607 1564 1871 1624 Dominus
1897 1563 1967 1621 de
1994 1579 2061 1622 eo
2087 1565 2227 1624 dixit
2252 1567 2321 1626 ad
2351 1569 2465 1626 ne-

459 1655 591 1715 liam
619 1674 632 1715 ε
662 1655 856 1716 Nonne
889 1655 1079 1716 vidisti
1107 1654 1286 1716 Achab
1327 1652 1674 1714 humiliatum
1710 1669 1891 1710 coram
1923 1653 2053 1712 me?
2094 1652 2235 1724 Quia
2288 1655 2466 1730 igitur

459 1745 770 1802 humiliatus
805 1752 881 1802 est
910 1746 1015 1801 mei
1043 1761 1226 1810 causa,
1249 1760 1356 1800 non
1383 1742 1637 1802 inducam
1668 1742 1865 1802 malum
1908 1741 1969 1800 in
2008 1737 2190 1802 diebus
2233 1744 2370 1818 ejus.
2393 1745 2463 1804 Et

460 1841 644 1892 tamen
668 1849 776 1892 nou
805 1833 906 1892 suit
939 1849 1069 1896 vera
1093 1831 1373 1892 humilitas
1398 1830 1601 1900 cordis,
1628 1837 1689 1890 ut
1731 1831 1953 1892 ubidem
1990 1831 2193 1894 Glossa
2225 1833 2365 1896 dicit
2407 1839 2462 1892 e't

459 1921 628 1980 Jonae..
684 1936 776 1990 111,
801 1920 1022 1992 dieitur,
1053 1917 1200 1996 quod
1230 1918 1433 1992 abjecit
1474 1934 1573 1980 rex
1611 1919 2001 1978 vestimentum
2042 1935 2203 1979 suum
2242 1937 2275 1978 a
2300 1937 2385 1994 se,
2407 1930 2463 1981 et

462 2010 688 2067 indutus
713 2015 797 2068 est
827 2024 1008 2076 saeco,
1041 2015 1096 2066 et
1123 2009 1268 2066 sedit
1296 2009 1352 2067 iu
1380 2008 1586 2078 cinere,
1602 2016 1657 2070 et
1698 2007 1802 2070 hoc
1831 2007 1977 2068 idem
2015 2008 2138 2070 aliis
2176 2012 2459 2092 praecepit.

461 2097 604 2170 Ergo
631 2097 815 2157 vilitas
839 2098 1078 2160 vestium
1105 2105 1188 2158 est
1211 2099 1326 2156 Deo
1351 2104 1599 2176 accepta.

530 2187 688 2247 Item.
740 2187 1091 2262 Philosophus
1137 2187 1334 2266 probat
1378 2189 1437 2246 in
1481 2189 1537 2250 X
1577 2187 1781 2256 Echio„
1832 2188 1979 2266 quod
2022 2209 2049 2243 α
2075 2189 2311 2250 virtutes
2356 2207 2461 2250 nou

459 2271 638 2338 solum
666 2275 721 2337 in
751 2277 1104 2336 interioribus
1144 2277 1376 2344 actibus,
1407 2276 1503 2337 sed
1539 2278 1596 2336 in
1642 2277 2006 2338 exterioribus
2047 2280 2212 2338 etiam
2250 2283 2465 2343 consis-

461 2373 605 2434 tunt,
658 2386 686 2420 n
740 2377 796 2426 et
850 2365 1090 2444 loquitur
1135 2365 1204 2426 de
1251 2366 1551 2428 moralibus
1596 2366 2232 2438 virtutibus3humilitas
2278 2380 2463 2432 autem

462 2457 716 2532 quaedam
755 2455 980 2519 moralis
1014 2455 1190 2538 virtus
1225 2463 1342 2526 est;
1375 2471 1485 2516 nou
1530 2456 1675 2516 onim
1721 2463 1805 2516 est
1850 2457 2239 2520 intellectualis
2285 2477 2465 2536 neque

466 2545 792 2620 theologica.
831 2546 978 2622 Ergo
1026 2562 1136 2606 non
1169 2545 1344 2606 solum
1387 2546 1447 2604 in
1489 2543 1699 2606 iteriori
1750 2546 2023 2616 consistit,
2046 2548 2147 2608 sed
2191 2549 2361 2611 etiam
2411 2552 2465 2606 in

462 2636 842 2696 exterioribus,
873 2637 1012 2696 Cum
1033 2650 1164 2708 ergo
1193 2634 1260 2696 ad
1281 2633 1647 2696 humilitatem
1661 2633 1954 2712 pertineat,
1976 2636 2123 2714 quod
2148 2635 2310 2698 homo
2329 2654 2466 2700 oon·

461 2729 672 2782 temnat
695 2739 754 2780 se
779 2723 978 2798 ipsum,
1000 2723 1105 2782 hoo
1127 2722 1294 2782 etiam
1321 2722 1392 2784 ad
1420 2721 1789 2786 humilitatem
1816 2723 2129 2804 pertinebit,
2152 2726 2297 2804 quod
2330 2743 2467 2792 con·

465 2807 862 2885 temptibilibus
889 2809 1130 2872 exterius
1153 2816 1361 2872 utatur.
1761 2803 1769 2810 ”

532 2901 691 2956 Item.
720 2897 922 2959 Malum
948 2915 1226 2972 nunquam
1256 2898 1531 2974 palliatur,
1560 2899 1665 2958 nisi
1694 2899 1799 2962 sub
1840 2915 1907 2960 eo
1951 2901 2099 2975 quod
2142 2902 2309 2966 habet
2337 2921 2466 2980 spe-

461 2989 603 3048 eiem
625 2988 757 3054 boni
788 3005 804 3044 ι
833 2988 930 3046 sed
949 2987 1250 3066 hypocritae
1275 3003 1376 3046 sua
1400 2988 1543 3050 mala
1561 2987 1792 3066 palliant
1814 2988 1917 3050 sub
1952 2991 2190 3052 vestium
2226 2993 2463 3054 vilitate.

463 3078 605 3150 Ergo
632 3077 815 3134 vilitas
838 3078 1074 3135 vestium
1101 3084 1366 3151 quantum
1389 3079 1554 3134 estin
1580 3094 1658 3147 se,
1682 3077 1847 3134 habet
1869 3080 2111 3150 speciem
2144 3081 2295 3142 boni.
2320 3083 2463 3162 Ergo

463 3169 762 3228 secundum
791 3184 852 3226 se
888 3167 1336 3230 commendabilis
1355 3174 1463 3236 est,
1486 3167 1595 3230 etsi
1621 3184 1689 3232 ea
1715 3167 1885 3242 aliqui
1910 3169 2064 3230 abuti
2090 3173 2327 3244 possint.

529 3259 688 3320 Item.
721 3258 873 3318 Sicut
903 3258 1174 3336 jejunium
1215 3263 1270 3320 et
1315 3257 1662 3332 eleemosyna
1708 3265 1833 3316 eunt
1880 3259 2219 3330 poenitentiae
2255 3261 2469 3322 instru-

461 3354 726 3412 mentum,
750 3345 830 3408 ita
874 3353 932 3406 et
967 3345 1149 3408 vilitas
1186 3346 1422 3406 vestium
1464 3352 1551 3404 est
1590 3343 1915 3416 laudabilis;
1944 3346 2039 3406 sed
2086 3346 2361 3424 jejunium
2412 3355 2468 3406 et

461 3431 810 3510 eleemosyna
838 3450 934 3508 per
965 3449 1028 3494 se
1055 3441 1184 3496 sunt
1211 3433 1539 3504 laudabilia3
1567 3449 1697 3508 ergo
1726 3440 1784 3496 et
1812 3433 1995 3495 vilitas
2023 3438 2261 3494 vestium
2288 3455 2385 3512 per
2407 3454 2467 3500 se

463 3529 548 3583 est
583 3522 892 3593 laudabilis,
927 3524 1180 3603 quamvis
1215 3524 1296 3583 eis
1327 3522 1498 3598 aliqui
1544 3522 1859 3586 abutantur.
1890 3524 1989 3582 His
2030 3525 2197 3600 igitur
2232 3541 2469 3586 consen-

464 3610 685 3682 tienteS,
717 3611 952 3670 dicimus
990 3612 1260 3682 vilitatem
1293 3614 1533 3674 vestium
1568 3628 1665 3684 per
1704 3629 1767 3672 se
1808 3612 2077 3686 loquendo
2116 3617 2469 3674 commenda-

464 3693 649 3764 bilem,
680 3703 872 3774 utpote
895 3705 950 3756 et
979 3698 1316 3774 poenitentiae
1343 3705 1403 3756 et
1429 3697 1755 3762 humilitatis
1785 3705 1989 3767 actum,
2019 3702 2273 3779 quamvis
2302 3703 2469 3763 etiam

465 3782 637 3860 aliqui
681 3785 880 3846 vilibus
923 3793 1145 3848 utantur
1177 3788 1444 3856 vestibus,
1465 3789 1559 3863 qui
1582 3788 1999 3866 pretiosioribus
2037 3791 2341 3854 seeundum
2384 3791 2471 3854 sui

467 3877 644 3933 status
671 3873 1039 3934 conditionem
1074 3873 1222 3934 licite
1251 3877 1605 3953 uti‘possent3
1636 3878 1780 3938 sieut
1819 3880 1914 3954 qui
1954 3879 2256 3939 secundum
2290 3887 2471 3948 status

1708 4095 1735 4105 ⁴·
1744 4095 1809 4106 ιιι-ι
