2784 4392
471 274 596 340 390
949 290 1006 341 a.
1047 289 1284 339 mou
1319 290 1649 344 somnam
1688 288 2005 339 orusom

473 408 620 465 libus
648 408 960 481 regionibus
987 410 1183 467 melius
1211 410 1403 485 politia
1430 414 1682 468 servatur
1704 406 2103 466 dissimulando
2126 406 2367 481 culpam,
2396 402 2485 462 vel

472 498 804 555 dimittendo
829 513 1067 574 poenam.
1098 500 1156 557 ln
1181 509 1292 574 quo
1314 500 1462 557 facta
1484 499 1661 557 virtus
1684 498 1953 573 epicietis,
1980 496 2059 554 de·
2090 510 2203 569 qua
2234 494 2483 552 Philoso-

469 587 616 660 phus
633 588 877 662 loquitur
906 590 960 645 in
993 590 1035 646 V
1059 589 1261 657 Echio..
1291 590 1513 647 videtur
1538 590 1717 646 locum
1754 586 1973 653 habere,
2001 600 2129 660 quae
2148 584 2361 659 justum
2402 583 2485 643 le-

388 670 397 677 ’
470 676 598 748 gale
619 676 896 733 diminuit.
926 680 990 734 ln
1013 694 1124 751 quo
1155 680 1324 737 etiam
1353 678 1637 750 regiminis
1663 676 1866 747 regulae
1894 674 2041 732 illius
2064 675 2262 731 summi
2290 680 2489 747 pasto-

472 765 552 821 ris
601 773 753 835 sunt*
785 766 1159 838 attendendis,
1205 768 1463 825 videlicet
1512 765 1663 824 beati
1716 764 1973 838 Gregorii
2020 763 2077 822 in
2120 762 2391 845 Repistro·
2424 768 2487 820 et

471 854 714 923 Pastor„
739 856 800 913 in
825 856 1026 929 quibus
1055 858 1278 917 modum
1303 856 1664 916 correctionis
1686 861 1774 913 est
1799 854 2102 914 secundum
2126 866 2487 929 personarum

473 950 682 1003 statum
703 953 763 1004 et
779 946 1127 1020 qualitatem.

1245 1182 1545 1252 CAPUT·
1586 1180 1713 1251 IX.

475 1330 605 1421 Hic
632 1330 916 1413 disputat
941 1329 1012 1395 de
1038 1332 1464 1399 communitate
1492 1332 1777 1397 bonorum
1818 1332 2117 1414 quantum
2145 1328 2229 1393 ad
2248 1346 2489 1411 posses-

553 1420 767 1497 siones,
817 1440 999 1503 quam
1042 1422 1282 1505 quidem
1319 1422 1724 1504 philosophus
1766 1422 2001 1485 nomine
2036 1421 2293 1485 Pheleas
2334 1421 2491 1483 dicit

556 1511 759 1577 debere
801 1511 1116 1593 adaquari
1162 1514 1230 1573 iu
1274 1513 1567 1591 omnibu&
1616 1517 1676 1579 et
1716 1512 1879 1595 quod
1922 1516 2011 1577 est
2048 1510 2284 1589 salsum
2326 1508 2493 1591 quod
2582 1560 2587 1565 .

554 1600 885 1683 Lycuryua
900 1602 1300 1683 philosophus
1320 1605 1533 1669 sensit.

545 1752 614 1807 Bt
643 1754 773 1823 quia
813 1752 1096 1827 opiniones
1124 1754 1397 1812 dictorum
1442 1752 1887 1829 philosophorum
1926 1750 2290 1811 versabantur
2334 1748 2489 1809 circa

477 1844 930 1899 communitatem
973 1846 1399 1918 possessionum,
1432 1848 1733 1915 congruum
1760 1842 1978 1899 videtur
2006 1841 2075 1897 de
2113 1840 2238 1898 aliis
2283 1840 2491 1907 dicere,

476 1932 570 2003 qui
603 1932 753 1989 circa
795 1932 944 2005 ipsas
983 1948 1142 1989 suam
1183 1934 1588 2009 constituerunt
1633 1930 1900 2004 politiam.
1932 1931 2052 1987 Duo
2078 1931 2225 1986 enim
2263 1928 2489 1985 fuerunt

473 2018 802 2093 philosophi,
835 2020 930 2093 qui
958 2016 1369 2077 considerantes
1400 2020 1575 2092 litigia
1608 2020 1859 2093 generari
1885 2020 1940 2075 in
1985 2019 2307 2076 civitatibus
2330 2034 2397 2075 ex
2425 2035 2491 2075 eo

393 2114 400 2121 '
477 2107 624 2180 quod
653 2122 794 2165 unus
821 2108 1086 2178 abundat,
1119 2114 1175 2166 et
1204 2108 1342 2166 alter
1371 2116 1545 2177 caret,
1572 2108 1861 2168 voluerunt
1894 2110 1947 2165 in
1976 2126 2075 2167 sua
2115 2108 2305 2183 politia
2337 2107 2495 2165 adae-

477 2210 650 2270 quare
674 2198 729 2252 in
766 2198 1088 2256 civitatibus
1109 2201 1224 2256 suis
1245 2200 1637 2272 possessiones..
1664 2200 1813 2256 Unus
1856 2198 1959 2255 suit
2004 2199 2230 2255 Pheleas
2256 2196 2493 2253 Chalce-

477 2285 694 2352 donius,
717 2288 785 2343 de
813 2305 922 2363 quo
953 2288 1308 2361 Philosophus
1335 2276 1583 2363 loquitur
1608 2289 1662 2347 in
1687 2290 1737 2345 11
1761 2286 1951 2358 Pom„
1982 2286 2121 2344 alter
2146 2287 2248 2342 suit
2276 2288 2494 2360 Lyeur-

415 2410 421 2414 ·
477 2391 580 2448 gua
609 2377 1006 2448 Spartanorum
1044 2381 1188 2451 regis
1229 2378 1392 2447 filius,
1422 2379 1517 2452 qui
1559 2378 1987 2437 Lacedaemoniis
2015 2362 2142 2449 jura
2178 2375 2488 2444 constituit,

479 2470 559 2520 ut·
589 2467 758 2523 tradit
807 2468 1072 2534 sosimus,
1108 2477 1167 2525 ut
1205 2474 1429 2543 aequata
1484 2468 1756 2541 possessio
1807 2466 2077 2523 neminem
2124 2463 2491 2539 potentiorem

479 2554 656 2631 altero
702 2555 975 2613 redderet.
1007 2557 1197 2613 Modus
1256 2563 1443 2613 autem
1490 2572 1654 2631 quem
1704 2556 1877 2613 teneri
1935 2552 2108 2612 voluit
2156 2552 2385 2610 Phelcas
2434 2553 2489 2606 in

478 2644 845 2717 adaequando,
895 2653 1152 2701 narratur
1198 2661 1233 2702 a
1275 2645 1622 2717 Philosopho,
1642 2651 1703 2702 ut
1751 2645 1906 2703 fieret
1955 2642 2213 2699 videlicet
2258 2644 2317 2699 in
2373 2641 2491 2715 ipsa

403 2732 407 2737 “
478 2734 871 2789 constitutione
912 2734 1156 2789 civitatis
1183 2732 1372 2789 habita
1402 2734 1857 2791 considerationis
1882 2730 2253 2791 multitudinis
2286 2730 2491 2786 civium

477 2825 538 2875 et
567 2834 906 2891 camporum,
945 2820 1083 2877 alias
1121 2818 1342 2877 difficile
1376 2822 1686 2895 ,iudicabam
1730 2828 1787 2879 et
1825 2826 1887 2877 ut
1939 2820 2043 2877 hoc
2088 2823 2487 2893 perseveraret¹

477 2906 772 2965 ordinabat
799 2908 1145 2989 matrimonia
1175 2909 1425 2968 contrahi
1468 2912 1613 2969 inter
1654 2912 1887 2985 majores
1928 2918 1985 2965 et
2020 2909 2277 2975 minores,
2306 2914 2365 2963 et
2410 2908 2493 2963 sic

475 2998 578 3071 per
607 2996 711 3053 hoc
739 2997 1068 3055 tollebantur
1089 2999 1294 3072 jurgia,
1321 3000 1683 3057 movebantur
1720 2998 1955 3073 injuriae,
1983 2996 2371 3055 auferebantur
2394 3012 2493 3052 ar·-

478 3088 750 3159 rog'antiae
772 3086 855 3145 vel
884 3088 1233 3165 superbiendi
1263 3090 1514 3147 materia.
1538 3088 1625 3145 Ad
1664 3086 1767 3144 boc
1802 3088 1970 3144 etiam
2012 3087 2275 3158 movebat,
2298 3102 2491 3141 exem-

478 3178 631 3253 plum
652 3179 707 3234 in
737 3178 858 3235 aliis
887 3178 1110 3251 politiis,
1145 3180 1274 3253 quia
1299 3179 1392 3235 ubi
1419 3184 1503 3235 est
1527 3178 1792 3235 bonorum
1823 3166 2206 3251 temporalium
2239 3175 2492 3251 inaeqna·

481 3268 631 3336 litas,
668 3268 937 3339 contingit
977 3269 1181 3341 saepius
1225 3265 1589 3341 perturbatio.
1618 3267 1698 3324 Ibi
1742 3266 1887 3323 enim
1916 3264 2280 3323 estinvidendi
2323 3281 2491 3321 occa-

478 3374 565 3415 sio
595 3374 614 3412 x
644 3356 770 3413 inde
797 3355 1072 3430 cupiditas
1111 3356 1307 3425 oritur,
1333 3372 1461 3429 quae
1482 3356 1641 3429 juxta
1683 3354 2023 3430 Apostolum,
2056 3353 2491 3431 radixbmnium

479 3445 750 3503 malorum
805 3446 1089 3519 est.'1pse
1141 3444 1310 3502 etiam
1363 3445 1649 3519 Lycurgus
1695 3453 1917 3519 propter
1960 3444 2101 3499 hanc
2156 3458 2380 3499 causam
2428 3442 2491 3499 in

479 3534 695 3608 legibus
738 3548 877 3606 quas
927 3534 1358 3591 Lacedaemoniis
1400 3534 1647 3603 tradidit,
1694 3550 1792 3608 pro
1832 3534 2073 3607 ipsorum
2112 3530 2491 3590 conservanda

478 3622 693 3696 politia,
725 3620 1040 3679 artificiales
1068 3622 1339 3680 subtraxit
1359 3619 1607 3689 divitias,
1639 3621 1756 3678 sive
1782 3612 2109 3679 numismata
2148 3620 2206 3677 in
2237 3637 2493 3679 commu-

479 3710 780 3765 tationibus
807 3726 991 3782 rerum
1011 3711 1326 3781 venialium,
1353 3712 1410 3768 in
1435 3711 1568 3769 solis
1589 3710 1932 3771 naturalibus
1958 3711 2165 3771 divitiis
2194 3708 2335 3767 tales
2360 3725 2493 3785 per-

479 3796 818 3852 mutationes
849 3798 1183 3870 relinquens.

547 3880 661 3941 Sed
683 3880 826 3939 hanc
851 3884 1181 3955 positionem
1197 3887 1555 3965 Philosophus
1576 3890 1834 3967 reprobat
1857 3888 1916 3951 in
1932 3888 1983 3951 11
2008 3888 2169 3954 Polie.
2195 3888 2494 3949 ostendens
