2784 4392
495 216 606 275 138
967 235 1019 279 s.
1065 233 1297 281 THOMAE
1336 231 1686 284 Aoumans-
1708 217 2053 278 ornacum!

492 347 581 403 alii
613 356 669 404 et
701 347 902 406 habent
929 356 984 406 et
1014 356 1218 418 amant,
1257 350 1347 408 alii
1381 365 1510 407 vero
1538 365 1644 406 non
1677 349 1879 406 habere
1914 363 2015 406 nec
2043 364 2228 406 amare
2265 365 2326 406 se
2356 363 2499 422 gau-

493 437 641 506 dont,
670 439 763 510 qui
792 439 1020 495 tutiores
1043 446 1190 506 sunt,
1223 448 1277 496 et
1310 440 1532 512 quidem
1561 455 1687 496 cum
1714 437 1974 512 Apostolo
2000 437 2183 494 dicere
2218 445 2451 512 possunt
2482 455 2497 492 :

493 524 631 579 Mihi
657 527 884 582 mundus
906 527 1192 598 crucifixus
1211 535 1308 593 est,
1336 535 1388 584 et
1415 545 1505 599 eqo
1532 527 1749 583 viando.
1778 527 1919 600 Ergo
1946 526 2179 584 actualis
2208 532 2501 601 paupertas

493 622 547 668 ct
571 614 865 671 habitualis
893 617 1051 672 simul
1079 617 1419 688 prael'erenda
1444 622 1527 672 est
1550 616 1814 672 habituali
1840 617 2174 688 paupertati.
2372 616 2377 619 ’

564 706 720 760 Item.
751 704 908 761 Idem
950 711 1132 778 potest
1165 705 1352 762 haberi
1391 706 1585 762 Matth.
1632 721 1758 773 xlx,
1788 709 1873 772 23,
1919 721 2015 777 per
2048 704 2300 762 Glossam
2338 720 2503 778 super

469 792 626 848 '.illud
658 811 671 848 z
699 793 858 850 Dives
881 794 1087 866 difficile
1110 795 1337 853 intrabit
1359 795 1421 850 iu
1444 811 1666 868 requam
1691 794 1811 851 Dei.
1838 794 2033 851 Glossa
2058 811 2069 848 ε
2098 815 2126 848 α
2148 795 2229 850 De
2252 793 2503 850 omnibus

501 883 670 938 tutius
698 892 780 938 est
805 899 908 939 nec
931 883 1147 950 habere,
1176 901 1278 940 nec
1303 899 1489 940 amare
1518 884 1762 941 divitias.
1791 903 1818 935 »

567 971 727 1026 Item.
755 972 872 1027 Jac.
918 989 980 1039 11,
1027 975 1060 1027 5
1105 973 1342 1032 :Nonne
1383 974 1529 1029 Deus
1569 972 1725 1046 eleqit
1760 988 2023 1044 pauperes
2064 971 2126 1028 in
2168 972 2259 1028 hoc
2285 973 2502 1038 mundo,

501 1056 694 1114 Glossa
739 1075 754 1114 ε
793 1080 820 1112 α
853 1061 1046 1132 Inopes
1075 1078 1255 1118 rerum
1299 1061 1701 1135 temporalium.
1737 1081 1763 1112 »
1794 1063 1907 1116 Hoc
1936 1069 2119 1117 autem
2154 1076 2259 1116 non
2287 1068 2372 1118 est
2399 1063 2504 1118 nisi

499 1163 597 1220 per
643 1147 912 1204 actualem
960 1157 1358 1222 paupertatem.
1398 1151 1541 1222 Ergo
1580 1149 1869 1208 actualiter
1896 1164 2163 1222 pauperes
2190 1157 2319 1206 sunt
2344 1150 2503 1209 electi

502 1253 534 1293 a
559 1237 692 1292 Deo.
1886 1286 1889 1289 .

572 1327 728 1381 Item.
757 1325 892 1382 Luc.
938 1343 1060 1396 xiv,
1085 1331 1172 1396 33,
1204 1327 1406 1384 dicitur
1439 1345 1452 1382 ε
1488 1349 1513 1380 α
1544 1327 1650 1394 Qui
1676 1344 1785 1383 non
1812 1328 2091 1384 renuntiat
2122 1327 2363 1384 omnibus
2390 1345 2505 1400 quae

498 1413 746 1487 possidet,
769 1422 876 1473 etc.
899 1416 1094 1474 Glossa
1118 1433 1132 1471 ε
1164 1437 1189 1470 α
1216 1420 1329 1473 Hoc
1357 1425 1541 1474 tamen
1564 1418 1733 1474 distat
1759 1419 1900 1474 inter
1920 1417 2232 1473 renuntiare
2257 1417 2507 1474 omnibus

503 1511 559 1560 et
585 1505 890 1578 relinquere
930 1507 1140 1574 omnia3
1173 1508 1302 1579 quia
1347 1507 1661 1563 renuntiare
1705 1506 1959 1562 convenit
2003 1504 2255 1562 omnibus
2298 1507 2390 1576 qui
2430 1507 2507 1562 ita

505 1594 652 1650 licite
679 1602 902 1652 utuntur
940 1595 1188 1653 omnibus
1216 1596 1506 1652 mundanis
1533 1611 1657 1668 quae
1696 1594 1994 1666 possident,
2026 1599 2088 1648 ut
2116 1601 2296 1650 tamen
2328 1601 2507 1649 mente

506 1685 732 1740 tendant
768 1685 834 1740 ad
863 1694 1088 1742 aeterna.
1126 1685 1453 1756 Relinquere
1481 1691 1565 1740 est
1596 1683 1972 1740 tantummodo
1996 1681 2379 1755 perfectorum,
2414 1683 2506 1754 qui

505 1773 687 1827 omnia
709 1774 1024 1844 temporalia
1049 1782 1379 1844 postponunt
1404 1778 1459 1828 et
1479 1773 1607 1828 solis
1627 1773 1848 1828 aeternis
1872 1771 2103 1827 inhiant.
2129 1789 2155 1823 n
2177 1770 2318 1842 Ergo
2338 1770 2507 1826 relin-

507 1877 674 1933 quere
723 1862 866 1933 quod
916 1863 1150 1933 pertinet
1191 1861 1260 1917 ad
1303 1861 1575 1917 actualem
1612 1868 2008 1933 paupertatem,
2054 1867 2139 1916 est
2176 1859 2508 1932 evangelicae

509 1949 872 2020 perfectionis,
905 1949 1001 2005 sed
1036 1948 1348 2004 renuntiare
1382 1949 1530 2022 quod
1570 1950 1804 2020 pertinet
1830 1949 1900 2005 ad
1924 1948 2275 2016 habitualem,
2308 1965 2509 2004 secun·

509 2038 636 2093 dum
661 2036 909 2093 Glossam
936 2036 1271 2108 praedictam,
1301 2044 1384 2092 est
1414 2037 1481 2092 de
1508 2036 1834 2093 necessitate
1858 2037 2073 2095 salutis·

577 2127 734 2196 Item.
785 2127 1146 2198 Hieronymus
1176 2127 1229 2181 in
1271 2124 1500 2198 epistola
1530 2135 1721 2182 contra
1763 2126 2135 2198 Vigilantiam,
2182 2132 2304 2198 post
2345 2126 2507 2182 verba

511 2215 748 2282 inducta,
795 2214 1072 2286 subjungit
1115 2233 1132 2268 τ
1175 2236 1200 2266 α
1235 2215 1318 2272 Ad
1349 2231 1471 2270 eum
1503 2214 1743 2288 loquitur
1772 2217 2054 2282 Dominus,
2101 2215 2193 2287 qui
2239 2215 2353 2271 vult
2390 2231 2509 2272 esse

511 2303 800 2375 persectuS,
833 2303 926 2377 qui
954 2320 1078 2359 cum
1118 2303 1390 2377 Apostolis
1426 2311 1655 2375 patrem,
1696 2304 2001 2360 naviculam
2030 2312 2085 2360 et
2114 2310 2231 2359 rete
2256 2303 2507 2359 dimittit.
2590 2297 2597 2302 ’

509 2393 618 2448 Iste
654 2409 814 2465 quem
845 2400 902 2449 tu
946 2392 1153 2462 laudaS,
1198 2395 1470 2450 secundus
1499 2401 1553 2449 et
1584 2394 1778 2449 tertius
1806 2393 2009 2464 gradus
2033 2401 2135 2458 est,
2168 2391 2261 2465 qui
2301 2392 2511 2449 scilicet

510 2482 745 2538 fructum
774 2482 1174 2557 possessionum
1217 2484 1312 2538 dat
1348 2482 1695 2555 pauperibu5‚
1729 2497 1911 2554 quem,
1961 2487 2017 2536 et
2055 2496 2153 2538 nos
2194 2481 2508 2552 recipimuS,

509 2571 802 2627 dummodo
834 2573 1072 2627 sciamus
1110 2572 1282 2642 prima
1317 2570 1571 2625 secundis
1612 2576 1667 2626 et
1697 2570 1873 2626 tertiis
1902 2569 2257 2641 praeferenda.
2305 2589 2329 2620 n
2366 2569 2512 2640 Ergo

508 2666 660 2731 patet
683 2660 826 2732 quod
849 2659 1170 2731 praeferendi
1197 2664 1324 2712 sunt
1363 2658 1439 2713 illi
1476 2658 1569 2730 qui
1594 2659 1775 2723 omnia
1812 2673 1912 2714 sua
1941 2658 2245 2728 dimittunt,
2275 2656 2383 2714 illis
2414 2661 2509 2730 qui

507 2748 576 2802 de
599 2745 864 2800 fructibus
894 2747 1296 2818 possessionum
1321 2746 1574 2802 dividunt
1603 2746 1949 2820 pauperibus,

578 2835 733 2889 Item.
766 2835 823 2888 In
848 2833 1078 2906 epistola
1101 2835 1167 2890 ad
1200 2835 1482 2890 Rusticum
1513 2836 1834 2892 monachum
1867 2853 1879 2889 ε
1911 2855 1936 2888 α
1968 2835 2024 2892 Si
2054 2833 2221 2891 babes
2250 2835 2511 2892 substan-

509 2923 662 2992 tiam,
681 2922 857 2978 vende
879 2929 934 2978 et
953 2922 1022 2978 da
1045 2922 1404 2995 pauperibus;
1436 2925 1481 2980 si
1506 2940 1613 2979 non
1638 2924 1822 2991 habes,
1850 2925 2040 2996 grandi
2063 2923 2511 2982 onere‘liberatus

507 3027 584 3078 eS,
626 3011 829 3067 nudum
871 3011 1145 3069 Christum
1187 3013 1360 3068 nudus
1395 3028 1643 3086 sequere.
1690 3033 1715 3065 »
1751 3014 1979 3081 Durum,
2007 3013 2231 3085 grande,
2264 3013 2506 3082 difficile,

505 3103 600 3158 sed
627 3118 821 3174 magna
844 3107 972 3158 sunt
998 3103 1239 3174 praemia,
1269 3105 1324 3156 et
1348 3102 1518 3158 multa
1544 3101 1650 3158 alia
1674 3101 1979 3174 hujusmodi
2006 3117 2071 3156 ex
2101 3099 2345 3173 epistolis
2373 3103 2510 3158 Hie-

505 3192 717 3264 ronymi
748 3191 921 3265 accipi
953 3198 1198 3263 possunt,
1227 3206 1351 3264 quae
1379 3191 1447 3247 de
1490 3189 1690 3247 actuali
1732 3195 2052 3269 paupertate
2082 3202 2301 3244 necesse
2330 3196 2415 3244 est
2449 3197 2510 3246 ut

504 3279 874 3350 intelligantur
901 3297 1023 3352 quae
1051 3295 1216 3336 causa
1247 3280 1535 3336 brevitatis
1557 3279 1925 3335 dimittuntur.

573 3369 728 3422 Item.
776 3369 1114 3440 Augustinus
1159 3367 1508 3439 (Gennadius)
1548 3369 1682 3423 dicit
1725 3368 1777 3422 in
1808 3364 1901 3420 lib.
1946 3364 2025 3420 De
2066 3365 2241 3422 eccles.
2284 3365 2451 3437 dogm.
2486 3381 2505 3424 ἑ

505 3475 530 3508 α
581 3458 785 3512 Bonum
827 3457 1202 3514 estfacultates
1251 3473 1377 3513 cum
1428 3457 1853 3529 dispensatione,
1882 3456 2213 3529 pauperibus
2256 3471 2502 3526 erogare,

503 3544 700 3601 melius
732 3552 816 3600 est
862 3562 960 3619 pro
986 3546 1300 3602 intentione
1317 3546 1579 3619 sequendi
1625 3546 1912 3602 Dominum
1943 3544 2163 3601 insimul
2200 3545 2423 3609 donare,
2448 3551 2507 3602 et

501 3633 806 3690 absolutum
832 3651 863 3690 a
883 3627 1338 3692 sollicitudinibus
1358 3651 1518 3706 egere
1538 3650 1662 3691 cum
1681 3635 1919 3691 Christ0.
1952 3653 1979 3686 n
2000 3634 2070 3690 Et
2088 3634 2169 3690 sic
2188 3632 2330 3688 idem
2355 3632 2502 3705 quod

464 3737 670 3794 xpi-ius„

571 3809 726 3866 Item.
756 3810 1073 3868 Ambrosius
1099 3810 1157 3867 in
1183 3811 1276 3868 lib.
1309 3813 1387 3868 De
1410 3813 1544 3884 offic.
1572 3827 1590 3867 .·
1615 3831 1641 3865 α
1668 3811 1891 3870 Nullum
1909 3808 2299 3870 adminiculum
2326 3824 2508 3882 praes-
