2784 4392
447 222 570 301 246
624 235 635 249 ·
927 240 982 290 ει.
1027 242 1261 299 trucum
1300 241 1632 302 AQmNAus
1672 243 1982 302 croscum

444 357 687 430 jusmodi
714 357 872 430 signa
913 373 1020 418 non
1058 359 1381 438 praedicant,
1415 361 1604 423 dicunt
1645 376 1765 420 esse
1791 360 2302 442 pseudoapostOIOS,
2330 360 2464 442 quia

452 463 561 504 non
585 446 789 506 hahent
824 447 1011 509 oculos
1040 454 1166 506 ante
1192 458 1250 507 et
1278 455 1448 526 retro,
1477 451 1531 510 id
1561 457 1644 510 est
1677 451 1747 510 ad
1785 451 2226 524 cognoscendum
2253 447 2468 535 praete-2

454 536 561 592 rita
602 541 658 594 et
706 531 908 609 futura,
938 538 1083 596 sicut
1122 538 1380 600 animalia
1417 539 1488 596 de
1523 538 1748 616 quibus
1775 540 1976 616 legitur
2019 544 2194 618 Apoc.
2239 557 2322 599 w.
2353 540 2462 598 Sed

452 625 571 682 hoc
580 625 747 684 etiam
770 643 957 686 eorum
977 627 1194 700 signum
1219 628 1440 687 omnino
1459 627 1670 694 nullum
1698 634 1800 688 est.
1821 629 2055 709 Quidam
2083 631 2250 706 enim,
2269 645 2462 688 eorum

456 713 687 770 vanitati
727 714 953 782 simile3‚
982 718 1148 773 etiam
1180 732 1210 774 a
1237 726 1482 791 tempore
1512 718 1804 790 primitivae
1841 719 2102 778 Ecclesiae
2149 719 2462 794 hujusmodl

454 804 608 878 signa
651 805 885 862 conficta
932 806 1347 879 annuntiabant,
1381 808 1476 886 qui
1514 807 1584 868 ab
1631 807 1754 869 aliis
1793 806 2081 872 catholicis
2115 815 2171 865 et
2202 807 2464 887 gravibus

456 893 911 968 reprimebantur,
929 903 990 954 ut
1018 895 1248 961 habetur
1274 897 1327 952 in
1351 895 1740 960 Ecclesiastica
1767 894 2016 957 historia.
2038 896 2108 958 Et
2131 897 2299 957 Marc.
2325 913 2460 968 xm,

458 983 512 1038 in
538 981 733 1040 Glossa
762 999 924 1058 super
945 984 1076 1043 illud
1094 1003 1105 1040 ε
1123 985 1283 1050 Multi
1308 985 1515 1051 venient
1541 983 1602 1041 in
1629 983 1844 1044 nomine
1869 1000 2002 1060 meo,
2031 1001 2156 1061 quae
2183 986 2264 1045 sic
2289 985 2460 1043 dicit:

461 1093 488 1126 α
514 1073 837 1129 Imminente
870 1074 1084 1132 excidio
1128 1074 1284 1135 multi
1321 1079 1609 1142 venerunt,
1637 1074 1820 1148 quise
1843 1088 1964 1133 esse
2001 1073 2342 1132 Christianos
2373 1074 2464 1130 di-

458 1159 667 1228 cerent,
689 1163 868 1234 etjam
884 1171 1097 1238 tempus
1122 1162 1391 1221 libertatis
1417 1164 1608 1222 adesse
1633 1151 2013 1222 mentirentur}
2027 1162 2181 1220 Multi
2209 1164 2377 1220 etiam
2409 1164 2464 1220 in

457 1250 702 1314 Ecclesia
719 1251 1053 1324 temporibus
1066 1252 1452 1328 Apostolorum
1471 1251 1614 1312 inter
1626 1259 1829 1310 caetera
1852 1252 2000 1310 diem
2015 1252 2231 1311 Domini
2257 1253 2464 1308 instare

461 1339 654 1396 minati
685 1347 832 1396 sunt.
862 1359 886 1394 r
917 1339 1007 1398 Sic
1031 1355 1161 1414 crgo
1187 1339 1263 1396 illi
1290 1340 1386 1416 qui
1416 1340 1726 1422 hujusmodi
1751 1340 1906 1414 signa
1935 1341 2324 1414 praenuntiant,
2358 1356 2465 1400 non

462 1433 846 1504 computant-ur
874 1428 931 1486 in
955 1444 1181 1495 numero
1208 1428 1426 1494 illorum
1451 1430 1546 1513 qui
1574 1429 1930 1504 Evangelium
1955 1427 2260 1506 enuntiant,
2283 1429 2380 1486 sed
2409 1431 2464 1488 in

462 1525 704 1578 numero·
724 1533 913 1582 eorum
948 1519 1044 1598 qui
1088 1518 1351 1584 seducent
1388 1519 1610 1580 multos.
1642 1519 1794 1588 Unde
1821 1519 1968 1596 quod
1994 1519 2256 1577 Dominus
2285 1519 2422 1576 dicit
2448 1536 2462 1578 ι

460 1607 853 1674 Proedicabitur
884 1607 977 1666 hoc
1005 1607 1359 1690 Evanqelium
1386 1606 1565 1686 requi,
1598 1616 1728 1678 etc.,
1758 1623 1866 1668 non
1894 1607 2128 1668 refertur
2154 1608 2222 1666 ad
2259 1608 2468 1686 praedi-

464 1698 737 1764 cationern
762 1698 958 1764 horum
998 1713 1262 1764 vanorum
1294 1699 1594 1777 signorum,
1621 1697 1716 1756 scd
1755 1698 1824 1754 ad
1862 1695 2310 1780 praedicationem
2340 1697 2466 1754 fidei

404 1851 409 1855 ,
466 1786 797 1858 christianae,
832 1802 957 1862 quae
1001 1787 1056 1844 in
1100 1787 1352 1852 universo
1388 1786 1520 1844 orbe
1567 1792 1694 1844 ante
1731 1784 1931 1844 Christi
1967 1785 2269 1846 adventum
2305 1784 2470 1842 debet

467 1875 801 1934 annuntiari.
828 1875 981 1938 Unde
1017 1882 1073 1934 et
1108 1875 1448 1946 Augustinus
1481 1877 1537 1932 in
1575 1874 1755 1951 Epist.
1782 1864 1853 1934 a'd
1884 1874 2106 1953 Hesyeh.
2131 1875 2328 1950 probat
2361 1891 2467 1932 non

469 1967 675 2021 instare
719 1963 896 2023 adnuo
938 1962 1085 2028 diem
1113 1963 1468 2032 dominicum,
1495 1979 1620 2022 cum
1654 1962 1832 2022 adhuc
1877 1980 1976 2029 suo
2007 1971 2251 2048 tempore
2285 1972 2469 2022 essent

468 2062 679 2126 genteS,
707 2053 762 2107 in
805 2051 1005 2130 quibus
1040 2052 1413 2118 certissimum
1457 2057 1576 2112 erat
1604 2051 1961 2124 Evangelium
1993 2053 2194 2112 Christi
2228 2053 2469 2113 nondum

470 2157 590 2198 esse
617 2141 994 2214 praedicaturn.
1026 2143 1183 2208 Patet
1212 2141 1379 2204 etiam
1421 2141 1568 2220 quod
1597 2141 1655 2202 in
1697 2139 1813 2198 hoc·
1843 2143 1998 2214 signo
2026 2141 2271 2206 incidunt
2303 2141 2468 2202 etiam

468 2233 525 2286 in
562 2229 775 2288 foveam
812 2247 980 2306 quam
1020 2230 1285 2304 fecerunt,
1324 2230 1459 2294 dum
1496 2219 1781 2306 imponunt
1823 2222 2127 2306 aliis'quod
2171 2230 2468 2310 quamdam

470 2336 670 2378 novam
706 2320 1008 2386 doctrinam
1041 2319 1395 2392 Evangelium
1425 2321 1578 2392 regni
1619 2320 1921 2390 nominant,
1947 2327 2003 2378 et
2040 2319 2142 2394 ipsi
2183 2320 2470 2386 manifeste

470 2410 589 2468 haec
616 2411 771 2482 signa
796 2426 919 2484 quae
958 2410 1302 2481 annuntiant,
1332 2409 1692 2484 Evangelium
1720 2410 1870 2482 regni
1909 2409 2116 2468 dicunt.
2149 2409 2280 2482 Haec
2303 2409 2471 2466 etiam

472 2501 713 2574 quinque
744 2499 932 2557 ultima
979 2499 1134 2574 signo
1156 2514 1317 2576 vana,
1348 2505 1406 2557 et
1437 2498 1586 2564 nulla
1625 2514 1764 2567 esse,
1791 2506 1943 2572 patet
1981 2515 2077 2580 per
2105 2488 2472 2578 Augustinum

470 2590 526 2646 in
550 2589 730 2662 Epist.
762 2588 834 2650 ad
852 2587 1080 2663 ,Hesycm
1107 2587 1198 2652 ubi
1227 2603 1285 2647 se
1314 2588 1448 2648 dicit
1477 2605 1490 2646 :
1527 2607 1553 2640 ι(
1587 2588 1841 2653 Fortasse
1866 2589 2048 2650 omnia
2073 2603 2198 2664 quae
2225 2604 2260 2653 a
2297 2587 2472 2649 tribus

472 2677 833 2753 Evangelistis
878 2676 1026 2735 dicta
1067 2681 1195 2742 sunt
1224 2675 1292 2741 de
1338 2676 1536 2740 Christi
1577 2677 1818 2740 adventu
1863 2675 2180 2754 diligentius
2223 2676 2368 2742 inter
2413 2692 2473 2734 se

470 2765 668 2824 collata
698 2774 863 2840 atque
886 2762 1131 2830 discussa
1154 2765 1506 2831 inveniuntur
1529 2766 1598 2830 ad
1629 2766 1730 2825 hoc
1759 2764 2031 2846 pertinere
2055 2765 2201 2848 quod
2225 2765 2474 2842 quotidie

472 2856 653 2912 evenit
693 2853 749 2908 in
785 2868 1012 2926 corpore
1050 2868 1168 2925 suo,
1206 2855 1352 2928 quod
1399 2860 1484 2920 est
1523 2854 1787 2922 Ecclesia,
1816 2853 1886 2910 dc
1927 2869 2037 2934 quo
2087 2853 2326 2916 adventu
2373 2869 2473 2910 suo

471 2945 610 3000 dixit
676 2958 691 2998 ι
756 2941 967 3003 Amodo
1030 2941 1285 3012 videbitis
1345 2943 1518 3012 titium
1578 2943 1814 3006 hominis
1861 2942 2190 3018 venientem,
2235 2942 2320 3004 vel
2381 2958 2476 3000 se-

470 3034 710 3106 dentem,
740 3038 853 3096 etc.

1194 3213 1478 3292 CAPUT
1530 3213 1748 3292 XXV

552 3347 860 3432 Quomodo
890 3345 1151 3430 probaro
1174 3344 1498 3499 ιιίιΞιιιῖινίι
1515 3344 1676 3498 μισῶ
1695 3342 1970 3426 religiosi
1993 3343 2204 3410 nuntii
2229 3347 2378 3414 eunt

1329 3450 1370 3496 n
1402 3451 1457 3496 w
1500 3450 1588 3497 7⁸28
1621 3453 1643 3496 2

534 3572 1004 3637 Nuno·videamus
1030 3568 1303 3646 quomodo
1332 3567 1582 3636 artantur
1621 3567 1950 3645 investigare
1979 3568 2231 3646 quisunt
2265 3569 2342 3631 illi
2376 3585 2477 3647 per

435 3679 605 3745 ·quos
648 3662 889 3738 pericula
934 3661 1350 3728 novissimorum
1397 3665 1703 3740 temporum
1759 3658 2134 3728 imminebunt,
2183 3673 2323 3736 quos
2369 3673 2476 3732 ap-

467 3753 669 3831 pellant
694 3753 914 3819 nuntios
938 3749 1279 3817 Antichristi,
1308 3749 1378 3814 Et
1413 3749 1715 3826 procedunt
1743 3749 1839 3813 tali
1869 3748 2216 3813 deductione.
2247 3748 2472 3806 certum

470 3847 571 3914 est,
599 3842 871 3922 inquiunt,
902 3841 1051 3916 quoa
1083 3839 1521 3908 introductores
1557 3854 1666 3909 non
1694 3845 1854 3908 erunt
1878 3839 1946 3924 de
1975 3837 2222 3907 barbaris
2243 3836 2470 3920 gentili-

348 3521 384 3540 χ

362 3543 407 3599 ’iiii
