2784 4392
624 416 755 459 x1v.
788 431 867 446 —
893 416 1133 460 con-rm
1172 415 1389 461 meua.
1437 415 1538 460 nm
1578 415 1754 461 cunr.
1799 414 1878 460 na·
1919 414 2124 463 neme.
2169 434 2176 440 -
2263 395 2384 462 219

439 528 523 585 Ad
553 531 847 602 septimum
877 531 1177 600 dicentum,
1206 532 1354 605 quod
1389 546 1498 590 non
1527 547 1742 605 semper
1776 533 1997 605 quando
2031 532 2232 607 aliquis
2264 549 2382 590 rem

369 633 527 674 suam
554 619 754 690 repetit
782 619 836 675 in
855 621 1087 692 judicio,
1122 636 1311 694 pacem
1339 636 1508 694 quam
1540 635 1666 678 cum
1688 622 1936 694 proximo
1964 622 2130 678 debet
2158 622 2378 689 habere,

368 723 399 763 a
424 707 591 764 corde
614 723 713 764 suo
739 708 973 783 repellit.
1003 710 1157 766 Unde
1186 709 1440 782 quamvis
1460 726 1567 782 pax
1589 711 1773 768 cordis
1791 710 1938 766 nullo
1963 712 2126 768 modo
2153 713 2227 768 sit
2256 728 2381 784 per-

368 795 546 851 denda
576 811 673 868 pro
703 804 917 854 terrena
948 814 1007 853 re
1032 798 1427 870 recuperanda,
1451 814 1558 856 non
1587 799 1838 872 sequitur
1867 799 2015 872 quod
2044 798 2246 871 aliquis
2278 814 2382 855 non

371 885 542 956 possit
568 886 623 940 in
648 885 855 956 ,iudicio
882 892 1155 943 terrenam
1183 903 1299 943 rem
1325 894 1594 960 repetere.
1615 888 1676 943 In
1707 887 1826 960 ipso
1850 887 1996 943 enim
2022 887 2260 944 tumultu
2282 889 2380 958 ju-

369 972 497 1028 dicii
525 973 843 1048 plerumque
874 981 957 1032 est
977 975 1131 1034 salva
1162 991 1267 1050 pax
1293 977 1551 1049 pectoriS,
1575 992 1701 1033 cum
1731 976 1899 1034 etiam
1926 992 1959 1033 a
1984 975 2141 1032 bonis
2170 977 2304 1031 viris
2326 977 2379 1031 in

369 1060 634 1120 bellorum
657 1065 981 1121 tumultibus
998 1081 1105 1123 nou
1123 1067 1434 1135 amittatur,
1453 1065 1589 1121 alias
1604 1064 1786 1122 omnia
1802 1064 1944 1122 bella
1965 1072 2149 1121 essent
2164 1064 2380 1122 illicita.

442 1152 525 1208 Ad
553 1159 811 1209 octavum
864 1152 1174 1219 dicendum,
1218 1154 1363 1228 quod
1408 1155 1453 1209 si
1505 1153 1704 1227 aliquis
1743 1156 1893 1228 juste
1936 1155 1991 1210 in
2028 1154 2238 1226 judicio
2285 1171 2384 1212 sua

372 1241 590 1312 repetit,
621 1241 735 1310 ipse
778 1257 883 1298 non
924 1243 1281 1309 scandalizat,
1322 1243 1643 1300 scandalum
1686 1243 1867 1301 active
1915 1242 2150 1312 saciens;
2189 1243 2284 1300 sed
2334 1243 2381 1298 si

373 1328 572 1402 aliquis
608 1331 1030 1398 scandalizatur,
1078 1341 1161 1388 est
1202 1331 1521 1390 scandalum
1569 1332 1849 1404 passivum
1895 1337 2130 1398 tantum.
2171 1332 2232 1388 ln
2272 1347 2380 1404 quo

374 1431 483 1488 quo
502 1418 946 1491 distinguendum
971 1420 1191 1476 videtur
1215 1419 1359 1492 quod
1382 1426 1479 1476 aut
1500 1425 1585 1474 est
1610 1419 1928 1477 scandalum
1956 1419 2377 1485 Pharisaeorum,

372 1520 498 1561 cum
526 1506 738 1563 scilicet
778 1508 902 1580 quis
930 1524 996 1563 ex
1028 1507 1239 1563 malitia
1276 1506 1701 1574 scandalizatur,
1730 1515 1789 1564 et
1812 1495 2133 1564 scandalum
2172 1509 2226 1563 in
2261 1508 2384 1563 aliis

376 1594 623 1660 suscitat,
654 1602 712 1650 et
754 1596 861 1650 tale
889 1593 1207 1650 scandalum
1232 1601 1316 1650 est
1358 1594 1818 1650 contemnendum
1856 1594 2105 1668 exemplo
2142 1595 2379 1660 Domini,

374 1683 469 1755 qui
512 1684 700 1739 audito
747 1682 1148 1740 Pharisaeorum
1177 1682 1458 1750 scandalo,
1489 1682 1626 1739 dicit
1667 1681 1860 1738 Matth.
1910 1697 2011 1750 xv,
2046 1683 2114 1738 ⁴4
2153 1699 2167 1736 ε
2211 1681 2382 1738 Sinite

374 1787 480 1836 eos,
526 1771 649 1826 coeci
675 1778 829 1836 sune,
873 1779 924 1829 et
969 1771 1121 1828 duces
1157 1786 1451 1838 coecomm3
1495 1777 1592 1828 aut
1636 1769 1959 1828 scandalum
2018 1770 2378 1841 intirmorum,

375 1858 523 1932 quod
561 1859 771 1915 scilieet
800 1860 1044 1932 procedit
1067 1877 1135 1917 ex
1168 1859 1487 1916 infirmitate
1517 1858 1602 1916 vel
1627 1859 1956 1931 ignorantia,
1985 1866 2041 1916 et
2071 1858 2198 1916 huic
2220 1874 2386 1916 scan-

377 1947 502 2004 dalo
538 1949 933 2005 occurrendum
976 1959 1060 2006 est
1098 1950 1256 2022 juxta
1286 1964 1466 2021 posse,
1501 1948 1578 2005 ita
1605 1938 1792 2004 tamen
1838 1953 1898 2004 ut
1924 1962 2024 2021 pro·
2058 1948 2163 2005 hoc
2184 1951 2384 2006 ‘remo-

380 2037 572 2102 vendo,
592 2038 811 2111 aliquod
841 2039 1093 2095 illicitum
1122 2054 1228 2094 non
1256 2037 1684 2094 committamus.
1709 2037 1864 2094 Esset
1897 2043 2084 2094 autem
2108 2037 2381 2103 illicitum,

380 2125 424 2180 si
482 2125 679 2199 aliquis
734 2126 875 2182 bona
926 2125 1183 2183 Ecclesiae
1229 2126 1331 2182 sibi
1379 2125 1670 2182 commissa
1729 2125 1906 2198 pei-Ire
1957 2126 2301 2196 permitteret
2357 2142 2386 2182 a

338 2238 344 2245 ·
380 2214 728 2286 praedonibus
757 2214 990 2288 direpta.
1022 2216 1197 2282 Unde,
1231 2214 1483 2287 quamvis
1527 2213 1727 2287 aliquis
1769 2213 2190 2280 scandalizetur,
2221 2214 2386 2269 nihil-

380 2305 595 2358 ominus
643 2302 731 2358 ille
778 2304 863 2358 cui
917 2319 1049 2359 cura
1092 2303 1349 2359 Ecclesiae
1391 2302 1755 2358 committitur
1798 2302 1961 2359 debet
2005 2303 2286 2358 custodire
2334 2310 2388 2357 et

380 2391 672 2448 defendere
702 2392 828 2462 jura
869 2389 1127 2446 Ecclesiae
1169 2390 1270 2445 sibi
1297 2389 1604 2446 commissae
1638 2406 1651 2444 :
1685 2389 1828 2446 unde
1866 2391 1927 2445 B.
1960 2390 2198 2448 Thomas
2241 2392 2389 2446 Can-

381 2479 675 2536 tuariensis
697 2479 1018 2554 EpiscopuS,
1050 2484 1364 2552 contempto
1389 2479 1534 2550 regis
1558 2477 1788 2548 Angliae,
1820 2477 1963 2534 bona
1987 2493 2104 2534 suae
2127 2478 2388 2534 Ecclesiae

382 2568 687 2624 defensavit
727 2584 897 2641 usque
934 2567 1003 2624 ad
1050 2574 1313 2635 mortem3
1351 2567 1444 2622 sed
1486 2567 1530 2622 si
1566 2567 1734 2622 etiam
1772 2571 1975 2642 posset·
2001 2566 2118 2623 sine
2161 2573 2385 2637 peccato

384 2657 657 2712 dimittere
683 2657 828 2713 illius
858 2653 935 2712 rei
968 2656 1367 2729 repetitionem,
1402 2670 1506 2712 non
1533 2660 1751 2727 oportet
1793 2654 1939 2726 quod
1969 2661 2194 2725 propter
2223 2669 2385 2709 scan-

383 2745 566 2802 dalum
594 2747 869 2818 passivum
893 2745 1137 2802 dimittat
1176 2751 1444 2817 repetere.
1476 2745 1663 2800 Potest
1701 2743 1847 2800 enim
1881 2743 1989 2800 alio
2020 2743 2182 2800 modo
2220 2759 2350 2800 scan
2375 2774 2388 2786 ·

382 2834 509 2890 dalo
536 2834 753 2905 passivo
781 2834 1022 2902 obviare,
1040 2835 1086 2890 si
1118 2841 1200 2890 est
1220 2833 1540 2890 scandalum
1570 2832 1941 2901 infirmorum
1968 2833 2181 2890 scilicet
2209 2833 2388 2906 pacifi-

382 2924 464 2978 cis
489 2921 668 2977 verbis
691 2938 748 2978 se
768 2924 916 2993 juste
940 2938 1101 2994 agere
1121 2921 1458 2978 ostendendo
1491 2928 1547 2977 et
1586 2922 1761 2993 magis
1792 2921 2039 2995 proximo
2080 2921 2384 2994 prodesset,

382 3011 429 3066 s'i
463 3001 595 3066 'eum
622 3009 689 3066 ab
718 3011 919 3083 injusta
949 3010 1269 3084 deceptione
1303 3011 1558 3082 eriperet,
1589 3010 1672 3066 vel
1713 3010 2166 3066 consuetudinem
2196 3009 2390 3066 similia

386 3100 749 3174 praesumendi
778 3099 1039 3166 auferret,
1068 3113 1233 3171 quam
1276 3098 1321 3154 si
1366 3098 1415 3153 ei
1464 3114 1580 3155 rem
1610 3115 1765 3155 suam
1791 3099 2116 3156 dimitteret.
2149 3099 2216 3154 Et
2242 3114 2390 3171 prae-

384 3197 534 3247 terea
563 3189 737 3260 magis
771 3188 932 3244 debet
955 3188 1156 3259 aliquis
1184 3185 1443 3243 scandalo
1473 3201 1571 3243 suo
1595 3203 1759 3256 quam
1798 3186 2031 3260 proximi
2059 3201 2258 3243 cavere
2291 3203 2305 3240 :
2334 3192 2391 3241 et

384 3279 508 3333 ideo
531 3279 575 3333 si
606 3279 824 3334 timeret
863 3292 923 3332 se
961 3275 1277 3334 scandalum
1310 3277 1540 3348 perpeti,
1570 3276 1674 3332 nisi
1693 3291 1794 3333 sua
1821 3282 2115 3349 repeteret,
2145 3289 2254 3332 non
2286 3274 2388 3332 de-

382 3367 539 3423 beret
568 3381 599 3422 a
630 3367 707 3421 rei
736 3382 851 3423 suae
886 3367 1212 3438 repetitione
1238 3365 1536 3438 prohiberi.

456 3455 538 3511 Ad
568 3469 769 3509 nonum
790 3454 1099 3520 dicendum,
1123 3454 1269 3526 quod
1292 3455 1547 3528 quamvis
1576 3469 1702 3512 esca
1724 3452 2049 3526 simpliciter
2076 3453 2123 3510 si
2153 3453 2391 3510 maxime

383 3543 693 3601 necessaria
721 3543 956 3615 corpori,
990 3557 1098 3598 non
1134 3550 1317 3598 tamen
1342 3543 1606 3616 quaelibet
1633 3557 1778 3599 esca.
1810 3543 1865 3599 Si
1907 3542 2054 3598 enim
2094 3542 2295 3615 aliquis
2319 3543 2393 3602 ab

384 3649 493 3688 una
540 3647 665 3688 esca
712 3631 1004 3698 abstineat,
1039 3636 1217 3702 potest
1262 3631 1369 3688 alia
1411 3632 1728 3698 sustentari,
1773 3630 1913 3689 unde
1957 3630 2141 3706 aliquo
2188 3647 2388 3702 genere

383 3737 528 3780 escae
555 3722 728 3792 magis
764 3727 909 3776 esset
942 3719 1324 3775 abstinendum
1354 3734 1452 3793 pro
1481 3719 1739 3778 scandalo
1785 3719 2060 3787 evitando,
2095 3735 2260 3791 quam
2299 3736 2388 3777 res

386 3813 598 3885 aliquas
626 3810 761 3865 alias
792 3797 1128 3881 ⁴temporales
1165 3808 1462 3877 dimittere,
1505 3825 1631 3882 quae
1670 3824 1794 3864 cum
1827 3809 2021 3880 majori
2059 3817 2388 3872 nocumento

386 3902 786 3965 amitterentur,
815 3906 870 3955 et
899 3898 1228 3973 quandoque
1256 3912 1381 3953 cnm
1422 3899 1604 3974 aliquo
1640 3895 1879 3973 periculo
1909 3896 2123 3971 peccati
2149 3903 2295 3958 esset
2335 3899 2388 3957 si

386 4004 492 4048 non
517 3996 911 4064 repeterentur,
941 3991 999 4046 ut
1024 4003 1091 4045 ex
1119 3988 1282 4046 dictis
1306 3993 1477 4060 patet.
