2784 4392
493 244 613 307 400
969 260 1025 307 a.
1067 259 1300 303 ‘mouns
1340 258 1668 309 aemulius
1711 258 2017 301 croscum
2067 313 2076 321 .,

562 379 720 446 Item,
747 377 942 435 statuit
964 376 1113 450 quod
1139 376 1412 449 principes
1436 374 1503 431 de
1523 374 1694 430 tribus
1712 373 1975 430 haberent
1994 388 2186 453 curam
2206 375 2517 449 praecipue,

496 468 749 526 videlicet
788 468 857 523 de
895 466 1058 523 rebus
1100 465 1497 531 communibus,
1548 465 1617 519 do
1661 464 1963 536 peregrinis
1992 470 2046 519 et
2088 464 2369 537 orphaniS.
2402 467 2523 522 Or-

495 554 700 629 phanos
731 571 937 612 vocans
964 570 1154 611 omnes
1179 555 1526 626 impotentes,
1560 553 1652 625 qui
1692 568 1802 609 non
1831 556 2061 626 possunt
2088 569 2188 609 sua
2220 554 2347 626 ju'ra
2373 569 2523 611 con-

494 646 673 717 sequi.
717 644 874 715 Quod
905 650 961 700 et
988 643 1074 700 lex
1103 644 1288 699 divina
1317 640 1630 714 specialiter
1674 643 1941 713 praecipit,
1989 657 2055 697 eo
2098 644 2244 714 quod
2288 644 2520 700 eosdem

411 801 423 809 ἢ
496 733 590 789 alii
619 734 687 789 de
717 733 863 789 facili
890 732 1096 789 loedunt
1127 737 1344 804 propter
1374 732 1754 803 impotentiam
1780 730 2094 787 resistendi.

565 821 676 876 Ista
719 826 848 876 sunt
891 812 1056 891 igitur
1106 834 1231 892 quae
1272 818 1340 873 de
1383 817 1575 890 politia
1620 818 1788 873 tradit
1828 817 1970 873 idem
2023 816 2395 889 Philosophus,
2441 821 2519 878 Et

497 909 750 981 quamvis
775 908 918 964 idem
944 907 1302 979 Philosophus
1331 906 1384 961 in
1412 907 1459 961 11
1483 906 1675 972 Polie„
1700 906 1872 978 ipsam
1894 906 2332 979 reprehendatin
2362 910 2519 963 mul—

499 999 589 1063 tis,
620 1012 744 1068 quae
766 994 1119 1069 disputabilia
1143 1002 1271 1051 sunt
1297 996 1351 1050 in
1373 1003 1664 1069 utramque
1683 1002 1913 1067 partem,
1940 996 2081 1051 sicut
2106 1004 2261 1051 actus
2288 996 2515 1055 humani

497 1100 623 1141 cum
648 1086 760 1142 sint
799 1086 869 1141 de
897 1086 1129 1142 materia
1167 1085 1522 1155 contingenti,
1570 1084 1742 1139 multa
1772 1090 1956 1141 tamen
1986 1083 2280 1141 laudabilia
2317 1086 2517 1143 scribit

497 1180 555 1229 et
584 1189 709 1245 quae
735 1188 859 1229 cum
881 1174 1072 1245 politia
1100 1174 1345 1229 Romana
1373 1173 1730 1240 concordant,
1762 1173 1906 1228 sicut
1939 1172 2078 1229 infra
2108 1172 2402 1273 videbitur.
2442 1174 2510 1230 Et

499 1262 617 1318 haec
643 1261 752 1318 de
737 1276 857 1333 ipso
885 1262 940 1317 in
968 1265 1180 1317 tantum
1208 1260 1277 1317 ad
1307 1274 1553 1333 proesens
1582 1261 1693 1316 sint
1720 1261 1913 1317 dicta;

1238 1438 1523 1507 CAPUT
1579 1439 1763 1506 XIV.

502 1574 597 1649 De
605 1572 834 1655 politia
853 1570 1456 1644 Laeedoemoniorum,
1479 1588 1660 1651 quam
1678 1570 2051 1653 reprehendit
2070 1571 2236 1635 eirea
2250 1575 2514 1655 reyimen

792 1676 1099 1725 servorum
1136 1666 1192 1723 et
1217 1660 1562 1734 mulierum,
1594 1664 1651 1723 ec
1689 1661 1851 1723 eirea
1881 1660 2212 1724 bellatores,

413 1784 418 1791 ’
517 1786 522 1790 ’
571 1797 730 1851 Nunc
768 1792 934 1865 igitur
976 1792 1045 1850 ad
1087 1792 1226 1850 alias
1265 1792 1487 1865 politias
1529 1792 1951 1865 procedendum,
1981 1809 2119 1866 quas
2154 1794 2511 1870 Philosophus

501 1884 669 1939 refert
695 1882 750 1939 in
776 1882 1039 1955 praedicto
1069 1881 1206 1937 libro
1235 1882 1496 1948 secundo,
1531 1888 1591 1936 ut
1618 1882 1955 1937 Cretensium
1981 1889 2037 1938 et
2064 1883 2513 1942 Lacedaemonio-

503 1989 643 2040 rum,
670 1988 796 2044 quae
819 1971 985 2028 clarae
1003 1970 1330 2027 videbantur
1350 1978 1407 2024 et
1432 1986 1500 2025 ex
1529 1969 1695 2024 famia
1719 1970 1973 2039 regionis,
2006 1975 2062 2024 et
2088 1971 2332 2043 ipsarum
2360 1976 2513 2030 anti-

501 2060 734 2133 quitate,
763 2065 819 2114 et
843 2073 1032 2113 earum
1061 2063 1306 2114 auctore.
1337 2056 1405 2113 Et
1431 2056 1558 2112 licet
1587 2057 1641 2112 in
1669 2056 1855 2113 multis
1879 2046 2201 2115 Aristoteles
2229 2076 2512 2123 commen-

487 2150 597 2215 ,det
618 2148 863 2220 politiam
895 2145 1234 2219 praedictam,
1271 2146 1446 2203 multa
1474 2152 1655 2202 tamen
1689 2145 1892 2201 ibidem
1932 2147 2298 2219 reprehendit.
2330 2153 2512 2210 Primo

503 2237 725 2311 quidem
753 2236 822 2292 de
861 2236 1180 2293 remissione
1208 2242 1474 2309 quantum
1499 2234 1569 2291 ad
1594 2250 1799 2301 servoS,
1841 2236 1971 2309 quia
2009 2251 2115 2291 non
2152 2244 2211 2293 ut
2238 2239 2507 2309 subditos,

503 2326 601 2382 sed
631 2332 692 2381 ut
717 2324 924 2383 amicos
951 2339 1046 2382 eos
1075 2324 1365 2391 habehant,
1398 2333 1455 2380 et
1488 2324 1612 2380 inde
1647 2322 2022 2393 lasciviebant,
2052 2333 2107 2380 et
2136 2326 2512 2386 efficiebantur

506 2416 656 2482 elati,
694 2424 749 2472 et
775 2414 1129 2471 concitabant
1158 2414 1307 2468 rixas
1333 2413 1387 2467 in
1416 2411 1718 2468 confinibus
1746 2412 2280 2470 Lacedaemoniorum
2319 2427 2510 2476 contra

509 2511 789 2578 tyrannOS,
837 2504 898 2559 ut
935 2504 1004 2560 de
1045 2503 1126 2559 eis
1165 2501 1299 2557 illud
1341 2508 1696 2573 competeret,
1730 2502 1877 2573 quod
1920 2502 1973 2557 in
2006 2504 2162 2559 Prov.
2204 2521 2371 2575 xxm,
2419 2511 2504 2579 2⁴,

504 2594 707 2650 dicitur
736 2610 749 2649 :
779 2593 884 2659 Qut
925 2592 1146 2649 delicate
1177 2606 1212 2645 a
1235 2590 1481 2662 pueritia
1508 2590 1689 2645 nutrit
1710 2605 1921 2645 servum
1948 2606 2120 2657 suum,
2150 2600 2335 2663 postea
2358 2596 2511 2653 illum

503 2683 694 2739 sentiet
721 2690 1096 2738 contumacem.
1136 2680 1291 2744 ltem,
1319 2678 1522 2733 ibidem
1552 2693 1677 2745 xix,
1708 2678 1950 2735 dicitur:
1981 2680 2176 2736 Servus
2205 2684 2379 2739 verbis
2404 2702 2510 2742 non

502 2764 672 2841 potest
696 2769 988 2834 emendari,
1018 2768 1147 2839 quia
1173 2765 1308 2839 quod
1331 2766 1464 2821 dieis
1492 2766 1766 2837 intelliyit,
1790 2774 1843 2823 et
1864 2769 2182 2840 respondere
2201 2776 2508 2859 contemnit.

575 2858 681 2913 Sed
709 2857 852 2912 forte
891 2856 991 2911 hoc
1019 2871 1124 2911 non
1161 2855 1280 2909 sine
1307 2855 1519 2910 ratione
1553 2856 1821 2933 contingit
1848 2856 2143 2925 interdum,
2172 2869 2379 2931 quanto
2405 2864 2513 2919 im·-

505 2946 714 3003 minent
737 2960 936 3018 pugnae
971 2958 1098 3000 cum
1125 2942 1391 3010 hostibuS,
1420 2943 1550 3016 quia
1579 2949 1710 3000 tunc
1746 2945 1890 3001 servi
1922 2949 2402 3019 manumittuntur,
2447 2968 2514 3009 eo

488 3034 655 3109 ‘quod
682 3034 1008 3101 audac1ores·
1023 3039 1152 3089 sunt
1175 3032 1244 3089 ad
1275 3032 1723 3104 aggrediendum.
1747 3032 1945 3089 Unde·
1931 3049 1989 3089 m
2014 3035 2088 3090 111
2116 3035 2211 3105 lib.
2239 3039 2373 3109 Reg.
2408 3056 2512 3108 xx,

505 3126 784 3191 scribitur,
817 3123 974 3196 quod·
1002 3138 1098 3178 rex
1125 3121 1314 3179 Achab
1342 3137 1439 3194 per
1479 3121 1835 3194 pedissequos
1862 3123 2105 3179 civitatis
2147 3141 2212 3180 ex
2254 3128 2514 3185 mandato

507 3214 610 3271 Dei
635 3213 852 3288 Syriam
881 3211 1151 3284 percussit
1187 3217 1243 3266 et
1293 3209 1524 3281 fugavit.
1556 3211 1785 3283 Propter
1810 3212 1958 3283 quod
1998 3211 2245 3271 historiae
2272 3230 2515 3275 romanae

485 3304 755 3366 tradunt,
799 3301 943 3375 quod
986 3307 1110 3374 post
1146 3298 1462 3356 conflictum
1500 3292 1742 3371 ipsorum
1781 3300 1925 3371 apud
1967 3302 2183 3358 Cannas
2211 3311 2364 3361 tanta
2414 3306 2515 3361 suit

506 3394 752 3465 ipsorum
777 3400 1005 3462 strageS‚
1044 3388 1190 3462 quod
1228 3389 1407 3446 coacti
1436 3394 1563 3445 sunt
1588 3388 1859 3460 relegatos
1896 3398 1952 3446 et
1982 3391 2315 3464 proscriptos
2350 3410 2515 3452 revo-

509 3498 656 3550 care,
701 3496 766 3537 ac
805 3494 992 3536 servos
1032 3477 1283 3533 libertate
1325 3477 1549 3544 donare,
1594 3493 1663 3533 ex
1706 3477 1907 3551 quibus
1953 3481 2131 3537 aciem
2170 3480 2419 3539 fecerunt
2446 3484 2514 3540 ad

507 3570 880 3629 defensionem
930 3566 1099 3622 urbiS.
1149 3566 1290 3637 Quia
1333 3582 1464 3637 ergo
1516 3566 1916 3623 Lacedaemonii
1960 3567 2189 3627 infestos
2245 3570 2518 3629 habebant

507 3661 769 3725 confines,
792 3658 914 3713 ideo
933 3670 1122 3713 servos
1142 3654 1314 3710 levius
1339 3654 1668 3711 tolerabant.
1693 3656 2091 3713 Lacedaemonii
2114 3659 2258 3715 enim
2277 3660 2518 3715 confines

509 3754 688 3815 erant,
714 3756 777 3803 ut
802 3747 918 3820 ipse
943 3743 1263 3801 Aristoteles
1294 3743 1448 3810 dicit,
1480 3744 1694 3800 duabus
1719 3745 2047 3815 regionibuS,
2080 3749 2331 3805 Arcadiae
2359 3749 2520 3805 vide-

511 3833 642 3890 licet
669 3842 725 3890 et
751 3836 1010 3902 Mesenae;
1058 3836 1187 3888 item
1223 3831 1623 3890 Thessalonicae
1658 3833 1729 3890 ab
1756 3833 1864 3890 alia
1902 3828 2085 3891 autem
2114 3843 2272 3910 parte
2298 3836 2521 3895 Achaiae
