2784 4392
405 329 518 386 454
887 346 937 383 s.
985 340 1216 382 'monas
1260 339 1587 387 mutunus
1628 338 1935 382 opuscum

406 456 672 523 iunctum,
719 470 786 513 ac
813 454 860 511 si
888 453 1080 511 eodem
1123 453 1281 509 modo
1312 452 1689 525 accipiendum
1726 459 1873 509 esset
1905 452 2006 509 hoc
2034 454 2183 526 quod
2225 454 2433 509 dicitur

413 561 596 611 unum,
629 546 683 599 in
713 542 869 601 nobis
898 551 953 599 et
980 543 1032 597 in
1063 542 1263 598 divinis
1283 542 1550 613 personis,
1582 542 1696 598 Hoc
1726 548 1912 597 autem
1942 548 2025 597 ost
2051 542 2267 608 falsum,
2296 544 2431 615 quia

415 634 466 688 in
495 632 743 689 fidelibus
774 633 853 687 sic
881 631 1169 703 accipitur,
1199 639 1257 685 ut
1283 630 1620 701 intelligatur
1644 630 1829 687 unitas
1857 630 2146 686 charitatis
2170 647 2267 702 per
2297 646 2433 701 gra-

413 722 576 788 tiam;
609 722 666 776 in
696 720 896 775 divinis
921 726 1104 775 autem
1136 718 1380 791 personis
1410 718 1492 774 sio
1525 718 1814 791 accipitur,
1843 724 1901 773 ut
1934 717 2272 789 intelligatur
2304 719 2435 773 uni-

415 817 498 864 tas
529 810 771 879 ejusdem
798 816 1028 864 naturae.
1058 808 1124 861 Et
1151 806 1251 861 hoc
1277 804 1469 877 probat
1496 822 1593 877 per
1622 794 1819 873 simile,
1850 806 1982 878 quia
2008 808 2271 861 Dominus
2294 807 2433 861 dicit

414 897 630 960 matun,
665 914 718 963 v,
769 899 834 951 48
880 913 894 949 ε
937 894 1122 951 Estote
1161 910 1248 949 vos
1284 893 1532 966 perfecti,
1565 895 1701 950 sicut
1734 901 1783 949 et
1822 894 1989 949 Pater
2018 901 2190 950 vester
2213 894 2438 950 roelestis·

411 985 678 1056 perfectus
702 992 798 1041 est.
828 986 948 1041 Non
987 992 1166 1041 tamen
1198 990 1282 1037 est
1317 982 1462 1039 idem
1495 984 1687 1039 modus
1712 984 2063 1055 perfectionis
2094 984 2347 1039 humanae
2376 992 2435 1037 et

413 1073 633 1137 divinae,
669 1074 798 1145 quia
828 1087 932 1127 non
957 1076 1138 1143 potest
1166 1085 1286 1130 esss
1331 1078 1485 1127 tanta
1515 1070 1818 1126 similitudo
1856 1071 1996 1126 inter
2028 1072 2344 1127 Creatorem
2376 1079 2435 1125 et

415 1171 746 1225 ereaturam,
793 1159 923 1231 quin
964 1160 1136 1229 major
1166 1159 1476 1215 inveniatur
1506 1158 1581 1213 ibi
1624 1158 2035 1227 dissimilitudo,
2066 1165 2286 1231 propter
2332 1160 2437 1215 hor.

418 1247 565 1319 quod
595 1256 846 1303 creatura
881 1248 932 1301 in
965 1246 1234 1301 infinitum
1261 1246 1490 1303 distata
1514 1247 1651 1302 Deo,

533 1424 742 1483 Explicio
767 1424 1049 1481 opusculum
1074 1425 1342 1481 viyesimum
1367 1429 1609 1482 quartum,
1635 1426 1844 1471 videlicet
1868 1428 2097 1483 οωροείιὲο
2116 1429 2327 1472 soouvidoe

788 1494 1060 1554 Decretalis,
1089 1496 1342 1540 secundum
1365 1496 1523 1541 dt'vum
1548 1494 1770 1543 rhomam
1794 1494 2078 1555 Aquinatem
