2784 4392
544 525 678 598 tudo
706 529 949 598 regatur.
975 517 1161 576 Multis
1197 515 1341 572 enim
1380 507 1741 568 existentibus
1781 501 2093 561 hominibus
2121 508 2176 558 et
2223 512 2554 574 unoquoque

544 614 600 672 id
626 613 770 688 quod
801 619 885 669 est
912 609 1019 667 sibi
1059 617 1357 678 congruum
1388 599 1728 674 providente,
1767 592 2061 650 multitudo
2090 591 2146 646 in
2177 589 2395 646 diversa
2433 589 2554 688 die-

546 709 885 778 pergeretur,
913 697 1021 756 nisi
1062 694 1230 754 etiam
1260 699 1406 749 esset
1435 687 1635 762 aliquis
1663 683 1733 742 de
1757 698 1822 740 eo
1857 680 2001 756 quod
2033 680 2103 736 ad
2131 678 2333 759 honum
2357 676 2555 736 multi·-

431 790 445 811 ’
548 793 753 850 tudinis
782 790 1037 864 pertinet,
1070 797 1261 842 curam
1282 779 1492 836 habens
1519 777 1661 833 sicut
1692 777 1747 830 et
1774 784 1974 844 corpus
2015 768 2248 826 hominis
2277 775 2332 823 et
2356 767 2520 838 cujus

548 881 682 940 libet
706 878 957 937 animalis
995 873 1240 938 defleret,
1275 869 1379 926 nisi
1405 873 1549 924 esset
1573 864 1758 936 aliqua
1792 861 1877 918 vis
1905 859 2139 932 regitiva
2170 855 2510 914 communisi

550 984 795 1043 corpore,
812 982 936 1040 quae
954 965 1021 1022 ad
1039 962 1240 1020 bonum
1259 973 1549 1016 commune
1569 954 1810 1010 omnium
1830 948 2198 1005 membrorum
2221 945 2500 1002 intendere
2547 986 2562 1003 .
2587 1002 2593 1016 ,

552 1058 708 1116 Quod
732 1056 1083 1113 considerans
1110 1049 1363 1106 Salomon
1392 1045 1528 1102 dicit
1559 1043 1734 1114 (Prov.
1758 1054 1823 1105 u,
1845 1038 1964 1108 &441
2002 1036 2102 1095 Ubi
2125 1051 2231 1091 non
2255 1019 2336 1122 est}¹
2355 1032 2564 1108 guber·-
2599 1096 2630 1112 Ι

551 1141 731 1200 nator,
758 1135 1109 1207 dissipabitur
1130 1137 1374 1206 populus.
1399 1133 1514 1186 Hoc
1534 1136 1718 1186 autem
1746 1125 2144 1182 rationabiliter
2174 1123 2414 1191 accidit3
2445 1127 2558 1200 non

387 1295 395 1303 .
552 1224 694 1278 enim
734 1223 879 1278 idem
935 1228 1019 1277 est
1074 1222 1221 1292 quod
1264 1220 1543 1291 proprium
1594 1226 1651 1272 et
1697 1213 1845 1289 quod
1889 1226 2197 1271 commune.
2245 1205 2560 1274 Secundum

550 1310 768 1385 propria
794 1309 1017 1384 quidem
1049 1308 1331 1375 differunt,
1375 1305 1676 1362 secundum
1717 1313 1902 1362 autem
1928 1316 2240 1376 ‚commune
2267 1299 2554 1358 uniuntur.

550 1401 905 1458 Diversorum
930 1403 1115 1457 autem
1143 1396 1377 1453 diversae
1407 1398 1534 1452 sunt
1558 1408 1758 1450 causae.
1788 1391 2017 1466 Oportet
2055 1390 2241 1462 igitur,
2274 1394 2476 1462 praeter
2499 1389 2557 1445 id

551 1489 696 1564 quod
742 1494 923 1544 movet
963 1486 1029 1544 ad
1076 1485 1357 1559 proprium
1408 1483 1610 1540 bonum
1651 1482 2100 1552 uniuscujusque,
2149 1493 2272 1534 esse
2321 1476 2551 1556 aliquid,

553 1579 699 1650 quod
730 1583 914 1634 movet
952 1577 1019 1633 ad
1050 1575 1255 1632 bonum
1296 1588 1583 1630 commuue
1615 1570 1930 1628 multorum.
1979 1569 2206 1640 Propter
2235 1566 2378 1639 quod
2411 1573 2466 1622 et
2499 1568 2555 1622 in
2609 1600 2616 1610 ·

553 1666 803 1724 omnibus
827 1680 951 1737 quae
980 1665 1033 1720 in
1062 1679 1230 1719 unum
1255 1663 1596 1727 ordinantur,
1624 1658 1831 1732 aliquid
1863 1656 2135 1714 invenitur
2157 1655 2385 1712 alterius
2411 1657 2557 1727 regi-

554 1757 748 1810 tivum.
770 1753 829 1807 ln
852 1752 1206 1807 universitate
1226 1751 1373 1805 enim
1401 1761 1691 1820 corporum
1718 1762 1814 1819 per
1844 1745 2321 1817 primum-corpuS,
2346 1744 2555 1802 scilicet

552 1841 797 1907 coeleste,
829 1838 938 1896 alia
980 1852 1208 1911 corpora
1247 1836 1436 1892 ordine
1470 1834 1710 1908 quodam
1736 1833 1940 1890 divinae
1969 1833 2328 1905 providentiae
2354 1849 2555 1904 regun-

555 1939 663 1995 tur,
697 1929 987 2000 omniaque
1019 1939 1249 1998 corpora
1288 1939 1386 1996 per
1411 1928 1720 1978 creaturam
1763 1921 2106 1977 rationalem.
2134 1921 2194 1977 ln
2245 1918 2352 1978 uno'
2385 1923 2554 1978 etiam

556 2018 771 2082 nomine
800 2017 983 2072 anima
1022 2015 1163 2085 regit
1206 2027 1424 2085 corpuS,
1453 2017 1618 2090 atque
1657 2011 1798 2067 inter
1827 2010 2023 2068 animae
2049 2016 2232 2084 partes
2262 2013 2554 2069 irascibilis

554 2112 611 2181 et
638 2101 1079 2176 concupiscibilis
1104 2101 1315 2159 ratione
1339 2106 1622 2173 reguntur.
1649 2099 1892 2173 Iiemque
1915 2100 2058 2156 inter
2089 2099 2333 2157 membra
2357 2116 2555 2174 corpo·-

556 2195 632 2250 ris
666 2207 835 2249 unum
863 2197 948 2249 est
986 2190 1286 2266 principale
1320 2189 1465 2263 quod
1507 2189 1688 2247 omnia
1723 2192 1927 2256 movet,
1971 2191 2072 2246 aut
2108 2203 2203 2245 cor
2231 2195 2328 2246 aut
2367 2201 2550 2264 caput.

556 2281 786 2354 Oportet
815 2280 982 2352 igitur
1007 2295 1126 2338 esse
1154 2279 1301 2337 omni
1332 2277 1680 2335 multitudine
1705 2275 1924 2351 aliquod
1949 2277 2264 2349 regitivum.

626 2367 904 2441 Contingit
935 2373 1120 2426 autem
1160 2367 1214 2424 in
1258 2365 1586 2441 quibusdam
1638 2357 1764 2439 quae
1804 2365 2128 2421 ordinantur
2172 2365 2242 2421 ad
2278 2365 2460 2434 finem,
2499 2374 2554 2422 et

553 2463 706 2516 recte
730 2463 786 2513 et
814 2472 922 2515 non
960 2462 1109 2514 recte
1144 2455 1461 2529 procedere.
1494 2453 1674 2523 Quare
1703 2461 1758 2508 et
1783 2452 1838 2507 in
1881 2452 2146 2524 regimine
2188 2453 2553 2510 multitudinis

556 2554 609 2602 et
638 2553 849 2603 rectum
874 2550 931 2602 et
956 2559 1061 2600 non
1093 2550 1306 2599 rectum
1334 2542 1630 2604 invenitur.
1655 2539 1828 2596 Recte
1853 2548 2038 2596 autem
2069 2541 2326 2613 dirigitur
2349 2557 2551 2600 unum-

557 2634 831 2706 quodque,
873 2631 1091 2701 quando
1133 2629 1202 2685 ad
1251 2631 1413 2684 finem
1456 2628 1864 2685 convenientem
1908 2626 2215 2696 deducitur,
2257 2646 2362 2686 non
2400 2639 2550 2702 „recte

556 2728 743 2774 autom
764 2717 981 2786 quando
1008 2717 1090 2770 ad.
1111 2715 1272 2770 finem
1311 2729 1417 2771 non
1451 2715 1886 2772 convenientem.
1919 2715 2072 2772 Alius
2112 2723 2294 2775 autem
2322 2725 2403 2775 est
2434 2720 2551 2784 finis

555 2799 885 2855 conveniens
917 2798 1254 2857 multitudini
1278 2800 1574 2858 liberorum
1595 2809 1650 2858 et
1679 2818 1980 2860 servorum.
2001 2805 2140 2861 Nam
2171 2805 2306 2861 liber
2329 2813 2430 2874 est,
2459 2809 2548 2880 qui

554 2885 641 2942 sui
670 2883 836 2952 causa
868 2895 951 2944 est
976 2904 990 2958 ;
1016 2903 1207 2946 servus
1236 2899 1420 2948 autem
1451 2897 1533 2946 est
1581 2891 1676 2963 qui
1708 2891 1761 2949 id
1799 2893 1944 2965 quod
1975 2895 2078 2960 est,
2111 2893 2335 2950 alterius
2363 2901 2465 2950 est.
2496 2896 2547 2954 Si

552 2973 717 3044 igitur
745 2973 1037 3032 liberorum
1068 2975 1361 3034 multitudo
1386 2992 1416 3032 a
1450 2984 1669 3050 regente
1700 2978 1768 3036 ad
1811 2978 2014 3035 bonum
2043 2995 2332 3037 commune
2363 2982 2550 3037 multi-

551 3062 759 3124 tudinis
790 3064 1091 3133 ordinetur,
1127 3068 1232 3122 erit
1258 3067 1502 3138 regimen
1528 3076 1737 3124 rectum
1771 3076 1825 3125 et
1849 3069 2079 3140 justum,
2112 3068 2274 3140 quale
2301 3071 2550 3128 convenit

453 3213 461 3220 ,
550 3152 757 3215 liberis·
806 3153 862 3210 Si
906 3168 1035 3210 vero
1078 3168 1183 3211 non
1230 3155 1295 3212 ad
1340 3155 1542 3211 honum
1581 3172 1868 3214 commune
1915 3157 2297 3226 multitudiniS,
2342 3161 2435 3214 sed
2484 3161 2547 3218 ad

551 3242 753 3298 bonum
771 3242 1045 3314 privatum
1065 3243 1305 3315 regentis
1325 3245 1566 3314 regimen
1587 3246 1887 3313 ordinetur,
1906 3248 2010 3302 erit
2032 3248 2272 3318 regimen
2292 3249 2548 3320 injustum

551 3338 715 3400 atque
741 3345 1078 3402 perversum,
1099 3331 1244 3386 unde
1272 3337 1327 3386 et
1356 3332 1616 3393 Dominus
1640 3332 1838 3389 talibus
1862 3335 2166 3392 rectoribus
2189 3329 2550 3395 comminatur

548 3435 644 3488 per
674 3418 870 3476 Ezech.
898 3435 1107 3490 xxxiv,
1150 3423 1202 3486 2,
1233 3418 1422 3476 dicens
1448 3437 1463 3476 z
1498 3409 1588 3478 Voe
1611 3421 1915 3494 pastoribus
1947 3423 2039 3498 qui
2057 3425 2341 3496 pascebant
2367 3433 2548 3484 seruet-

550 3508 706 3580 ipsos,
740 3508 897 3582 quasi
941 3525 1041 3564 sua
1079 3509 1297 3582 propria
1338 3511 1626 3566 commoda
1664 3517 1994 3585 quaerentes,
2043 3533 2070 3566 n
2100 3513 2292 3570 Nonne
2318 3499 2547 3588 qreyesa

544 3595 851 3666 pastor-ibus
888 3599 1233 3670 pascuntur?
1260 3599 1468 3654 Bonum
1497 3599 1769 3673 siquidem
1805 3601 1987 3672 gregis
2018 3607 2268 3674 pastores
2309 3619 2547 3676 quaerere

548 3681 768 3750 debent,
796 3692 852 3740 et
880 3693 1122 3742 rectores
1146 3684 1374 3759 quilibet
1416 3695 1473 3743 et
1499 3686 1700 3742 honum
1730 3688 2098 3745 multitudinis
2132 3690 2235 3746 sibi
2268 3693 2543 3762 subJectae.

545 3767 605 3826 Si
632 3769 797 3840 igitur
843 3771 1085 3843 regimen
1114 3774 1376 3845 injustum
1405 3789 1502 3848 per
1529 3790 1697 3831 unum
1745 3782 1956 3834 tantum
1985 3777 2100 3847 fiat,
2135 3780 2229 3853 qui
2269 3795 2367 3836 sua
2397 3795 2547 3838 com-
