2784 4392
522 142 640 205 414
995 160 1050 210 s.
1092 158 1327 209 meua.
1366 159 1694 214 Aemus-ris
1741 156 2057 211 ormnem

1247 366 1533 437 CAPUT
1609 364 1803 433 XXI.

528 494 622 561 De
645 494 872 577 policia
893 496 1288 579 Pythagorea,
1318 515 1503 581 quam
1524 496 1747 561 didicit
1768 514 1809 561 a
1827 493 2141 577 praedictis
2156 488 2544 575 philosophis

605 587 812 650 Minoo
838 592 896 650 et
921 588 1230 669 Lycur-90,
1257 593 1316 651 et
1339 588 1630 669 quomodo
1660 592 1826 651 totus
1851 602 2002 649 suus
2042 588 2293 649 conatus
2318 582 2403 649 ad
2427 582 2545 649 Ιιοσ

601 675 756 753 fuit,
790 678 1156 755 assuefacere
1175 676 1407 741 scilicet
1432 676 1695 740 homine-s·
1720 674 1803 739 ad
1828 674 2107 739 virtutos.

597 809 805 865 Praeter
841 809 1020 867 dictas
1064 816 1251 868 autem
1289 809 1528 883 politias,
1551 824 1693 884 quas
1728 804 2088 882 Philosophus
2128 806 2307 879 tangit
2344 804 2406 862 in
2434 820 2545 863 sua

529 896 776 965 Politice,
806 898 1083 956 invenitur
1107 914 1216 957 una
1239 898 1633 973 philosophica,
1660 899 1729 955 de
1770 914 1881 972 qua
1919 895 2245 955 Aristoteles
2292 893 2545 952 mentio-

525 999 652 1041 nem
679 1001 785 1041 non
815 986 968 1055 facit,
997 988 1254 1047 videlicet
1281 988 1627 1063 Pythagoras,
1641 986 1736 1061 qui
1764 986 1945 1059 ipsum
1965 984 2253 1057 praecessit
2276 1000 2373 1055 per
2398 984 2544 1041 duas

530 1071 777 1131 homines
815 1081 1030 1145 aetate8‚
1069 1091 1102 1133 a
1144 1093 1252 1151 quo
1291 1092 1489 1134 nomen
1530 1075 1834 1149 philosophi
1880 1072 2165 1130 exordium
2214 1070 2427 1139 babuit,
2479 1078 2545 1128 ut

529 1161 718 1219 scribit
747 1163 1016 1221 Maximus
1041 1164 1309 1222 Valerius.
1336 1166 1455 1221 Non
1480 1170 1567 1221 est
1609 1164 1756 1220 enim
1796 1176 1966 1219 ausus
2008 1176 2069 1217 se
2117 1160 2401 1217 nominare
2442 1174 2544 1217 sa-

530 1249 774 1321 pientum
799 1260 1136 1324 computare.
1165 1253 1261 1325 qui
1291 1253 1468 1325 ipsum
1494 1258 1910 1325 praecesserant,
1941 1248 2036 1321 sed
2066 1263 2127 1305 se
2154 1246 2543 1321 philosophum

533 1336 843 1409 appellavit,
891 1340 946 1396 id
987 1346 1071 1396 est
1115 1339 1401 1414 sapientiae
1453 1348 1777 1397 amatorem.
1816 1338 1935 1406 Hic,
1970 1343 2031 1392 ut
2072 1336 2242 1393 tradit
2289 1336 2543 1393 Justinus

532 1427 974 1499 Hispanusscum
1011 1436 1358 1502 peragrasset
1400 1420 1696 1501 AEgy'ptum
1746 1427 1815 1484 ad
1864 1424 2250 1499 perdiscendos
2294 1424 2541 1482 siderum

533 1522 714 1573 motus
743 1516 1118 1591 originemque
1144 1516 1354 1585 mundi,
1381 1516 1511 1574 inde
1528 1528 1830 1589 regressus,
1850 1516 2068 1571 Cretam
2098 1520 2153 1570 et
2180 1512 2542 1573 Lacedaemo·

535 1605 683 1662 niam
709 1605 982 1679 profectus
1009 1614 1094 1663 est
1119 1605 1188 1662 ad
1218 1605 1659 1678 cognoscendum
1686 1604 1833 1675 leges
1860 1603 2057 1659 Minois
2082 1608 2139 1658 et
2179 1602 2441 1675 Lycurgi,
2473 1601 2543 1659 de

537 1693 736 1767 quibus
755 1710 912 1751 suam
939 1694 1190 1752 fundavit
1213 1696 1482 1767 politiam.
1510 1694 1619 1752 Sed
1648 1701 1847 1767 praeter
1877 1692 2025 1763 leges
2042 1692 2159 1763 jam
2182 1688 2383 1757 dictas,
2410 1691 2542 1747 Jus-

539 1782 687 1838 tinus
723 1782 827 1839 hoo
869 1783 940 1841 de
985 1784 1354 1855 ipso-scribit,
1385 1783 1534 1856 quod
1576 1784 1871 1840 Crotonam
1910 1781 2153 1847 venienS,
2187 1779 2449 1854 populum
2486 1780 2542 1835 in

542 1867 811 1928 luxuriam
835 1871 1048 1943 lapsum
1071 1888 1171 1929 sua
1197 1872 1528 1930 auctoritate
1552 1872 1622 1927 ad
1660 1886 1819 1928 usum
1863 1868 2195 1941 frugalitatis
2236 1868 2542 1928 rev-ocavit.

538 1959 824 2018 Laudabat
847 1961 1094 2036 quotidie
1129 1961 1410 2028 virtutem,
1438 1965 1497 2017 et
1531 1960 1667 2017 vitia
1695 1958 2045 2033 reprimebat,
2072 1974 2373 2033 casumque
2400 1958 2543 2016 civi-

522 2049 718 2104 'tatum
758 2047 862 2105 hac
901 2059 1057 2122 peste
1097 2050 1434 2121 perditarum
1476 2049 1851 2106 enumerabat.
1882 2048 2117 2105 Tantum
2158 2062 2380 2121 quoque
2418 2055 2545 2105 stu-

543 2136 694 2192 dium
718 2135 789 2194 ad
813 2136 1184 2211 frugalitatem
1208 2138 1622 2211 perdiscendam
1651 2136 1985 2195 multitudini
2024 2126 2316 2211 persuasit,
2346 2142 2409 2193 ut
2436 2137 2545 2195 ali-

545 2239 774 2299 quos-ex
820 2225 900 2283 eis
940 2226 1240 2285 luxuriatos
1265 2226 1431 2285 fuisse
1460 2225 1776 2283 incredibile
1812 2225 2111 2281 videretur.
2138 2224 2330 2281 Tradit
2374 2226 2545 2282 etiam

544 2312 755 2371 Tullius
792 2314 858 2371 de
887 2314 1026 2388 ipso,
1058 2316 1202 2391 quod
1243 2315 1573 2389 quibusdam
1618 2308 1915 2373 harmoniis
1968 2314 2105 2372 vitia
2141 2314 2199 2370 in
2234 2313 2548 2371 bominibus

545 2402 896 2476 extinguebat
938 2404 1185 2462 luxuriae.
1214 2405 1368 2462 Unde
1421 2404 1752 2478 dicitquod
1798 2404 2251 2460 Tauromitanum
2284 2404 2546 2475 juvenem

543 2492 836 2564 quemdam
857 2492 1082 2550 libidine
1109 2493 1451 2566 flagrantem,
1482 2507 1609 2550 cum
1631 2491 1931 2550 audivisset
1974 2492 2312 2567 Pythagoras
2354 2491 2425 2547 ad
2450 2506 2547 2547 os-

548 2581 686 2638 tium
711 2582 902 2639 amicae
932 2582 1234 2639 meretricis
1261 2582 1522 2649 insanire,
1548 2581 1715 2655 J‘ussit
1740 2577 2061 2655 psalterium
2097 2579 2418 2653 spondaeum
2444 2594 2547 2637 ca-

548 2685 694 2737 nere,
752 2677 809 2726 et
853 2670 934 2727 sic
983 2686 1108 2727 eum
1163 2670 1234 2728 ad
1281 2685 1472 2727 sanam
1523 2677 1763 2726 mentem
1816 2669 2117 2727 revocavit.
2172 2668 2548 2725 Matronarum

549 2773 767 2830 quoque
789 2766 1166 2829 separatarum
1191 2773 1225 2814 a
1248 2758 1380 2815 viris
1408 2758 1733 2826 doctrinam,
1763 2768 1820 2813 et
1851 2771 2142 2831 puerorum
2166 2771 2203 2815 a
2223 2756 2548 2831 parentibus

547 2845 859 2917 frequenter
885 2843 1098 2915 habuit,
1135 2852 1197 2901 ut
1221 2845 1294 2901 de
1333 2846 1582 2917 ingressu
1615 2845 1895 2918 religionis
1936 2845 2250 2920 frequenter
2274 2846 2549 2919 contingit

548 2949 616 2989 ex
649 2933 822 3005 ignito
853 2948 1102 2991 sermone
1139 2933 1565 3007 praedicationis,
1596 2934 1685 2991 vel
1722 2950 1793 2991 ex
1835 2934 2083 2993 virtuosa
2120 2934 2442 3009 'operatione
2489 2943 2551 2993 et

547 3022 832 3079 excellenti
877 3023 993 3081 vita
1036 3024 1294 3082 doctoris.
1335 3016 1579 3081 Docebat
1624 3029 1813 3082 autem
1854 3039 2002 3081 nunc
2044 3024 2145 3081 bos
2197 3024 2549 3099 pudicitiam,

549 3127 694 3169 nunc
737 3112 862 3169 illos
900 3112 1246 3182 modestiam,
1271 3112 1691 3187 litterarumque
1728 3112 1995 3170 studium.
2028 3114 2104 3171 Ut
2130 3120 2399 3172 matronae
2442 3129 2553 3171 au·

548 3207 732 3260 reatas
770 3209 952 3260 vestes
995 3209 1306 3276 caeteraque
1338 3201 1625 3274 dignitatis
1664 3217 1783 3261 suae
1824 3208 2145 3265 ornamenta
2182 3203 2550 3277 deponerent,

547 3291 696 3351 velut
717 3291 972 3364 quaedam
1009 3291 1238 3349 luxuriae
1266 3290 1653 3361 instrumenta,
1684 3290 1975 3368 omniaque
2009 3292 2066 3348 in
2100 3290 2333 3349 lunonis
2365 3291 2555 3350 aedem

547 3380 842 3448 deferrent,
859 3379 1144 3455 eidemque
1169 3386 1553 3444 ceoeeerarent
1579 3377 1863 3450 suadebat,
1896 3396 2146 3439 asserens
2170 3386 2555 3440 matronarum

547 3485 678 3527 vera
718 3476 1037 3527 ornamenta
1080 3469 1401 3543 pudicitiam
1436 3469 1575 3527 fore.
1600 3470 1703 3527 Hic
1742 3476 1926 3527 autem
1968 3486 2095 3528 cum
2135 3485 2309 3527 annos
2345 3469 2557 3543 viginti

547 3564 690 3617 esset
739 3560 1014 3630 Crotonae,
1057 3560 1427 3635 Metapontum
1474 3575 1533 3617 se
1588 3558 1887 3629 transtulit,
1921 3560 2239 3634 ibidemque
2284 3560 2553 3630 decessit,

545 3649 700 3719 cujus
745 3654 896 3706 tanta
937 3648 1039 3705 fuit
1067 3648 1377 3717 admiratio,
1412 3653 1477 3705 ut
1514 3648 1583 3707 de
1624 3650 1742 3721 ejus
1778 3649 1941 3707 domo
1973 3649 2241 3722 templum
2277 3648 2555 3716 facerent,

547 3736 834 3810 ipsumque
873 3753 971 3811 pro
1009 3738 1111 3797 deo
1159 3737 1423 3801 colorent.
1450 3736 1655 3808 Scribit
1685 3740 1851 3803 etiam
1888 3740 2257 3817 Hieronymus
2297 3740 2366 3797 de
2406 3738 2559 3813 ipso,
