2784 4392
562 254 690 297 xw.
724 268 802 283 —-·
831 256 1068 300 com-na
1107 258 1321 302 mene.
1371 259 1691 308 nucum.
1729 258 1807 305 Εἰ·
1833 258 2055 306 neme.
2192 240 2309 302 115

305 376 434 425 sunt
460 368 732 447 Episcopi,
765 372 849 425 vel
881 372 1184 447 presbyteri
1207 374 1885 448 parocliiale3,praedicant
1914 382 1973 431 et
1998 373 2299 431 confessio-

201 498 208 503 .
306 472 403 513 nes
439 457 687 525 audiunt,
712 465 795 514 est
835 466 1023 517 contra
1061 462 1282 519 decreta
1325 464 1565 532 Patrum,
1593 465 1697 519 nisi
1743 481 1811 521 ex
1838 481 1937 521 sua
1976 464 2307 521 auctoritate

305 543 408 601 hoc
437 544 679 601 facerent
705 548 822 603 sine
861 550 1188 607 auctoritate
1220 553 1397 624 Papae,
1428 552 1514 610 vel
1540 553 1811 626 Episcopi,
1840 561 1900 610 ut
1930 570 1993 609 ex
2026 553 2303 626 praedictis

303 640 477 706 patet.
510 635 574 690 Et
603 652 701 707 per
729 635 832 692 hoc
869 645 1018 710 patet
1046 639 1222 695 solum
1251 640 1318 696 ad
1359 642 1434 707 id,
1462 642 1606 713 quod
1644 650 1831 713 postea
1870 642 2139 713 objicitur,
2172 642 2302 713 quia

305 723 447 794 Papa
477 739 541 778 ex
569 722 690 793 hoc,
721 726 865 797 quod
905 726 1001 783 dat
1030 726 1190 783 alicui
1235 724 1522 784 licentiam
1546 729 1629 785 vel
1663 730 2005 803 pririlegium
2044 730 2301 785 audiendi

303 810 668 868 confessiones
698 814 778 869 vel
806 816 1160 887 praedicandi,
1189 833 1289 871 non
1319 818 1449 873 facit
1472 818 1691 889 per.hoc
1722 825 1913 893 contra
1950 818 2295 889 Apostolum,

303 900 428 970 quia
454 899 588 955 tales
609 900 844 973 religiosi
869 918 971 958 non
995 904 1292 975 praedicant
1316 904 1566 977 plebibus
1592 906 1801 972 alieniS,
1821 912 1879 960 ut
1903 921 2067 977 supra
2091 906 2299 960 dictum

301 996 402 1043 est.
434 989 548 1043 Nec
575 996 755 1045 tamen
783 990 887 1046 hoc
921 998 1002 1047 est
1041 1010 1246 1060 verum,
1277 994 1424 1066 quod
1456 996 1599 1067 Papa
1627 1010 1732 1050 non
1760 995 1929 1065 possit
1973 993 2177 1065 aliquid
2211 993 2299 1049 fa-

300 1092 421 1132 cere
448 1084 638 1135 contra
664 1079 1002 1152 Apostolum.
1029 1082 1320 1153 Dispensat
1350 1082 1494 1137 enim
1520 1098 1643 1138 cum
1678 1082 1893 1154 bigamo
1922 1089 1978 1137 et
2029 1084 2082 1136 in
2134 1097 2296 1153 poena

299 1181 462 1237 quam
494 1183 730 1235 canones
765 1169 1146 1241 Apostolorum
1177 1177 1486 1227 statuerunt
1514 1170 1833 1245 presbytero
1874 1171 2184 1227 fornicanti.
2217 1172 2297 1225 Ex

297 1254 518 1309 decreto
539 1264 720 1312 autem
745 1257 986 1323 inducto,
1017 1274 1119 1314 non
1149 1266 1324 1329 potest
1355 1261 1587 1332 amplius
1616 1260 1943 1326 haberi,nisi
1972 1260 2115 1333 quod
2147 1261 2294 1331 Papa
2350 1326 2356 1331 ·

293 1357 401 1400 non
427 1352 608 1415 potest
640 1344 922 1401 destruere
947 1348 1264 1403 canonicam
1295 1350 1632 1420 scripturam
1661 1349 2043 1421 Apostolorum
2071 1353 2127 1403 et
2156 1347 2295 1402 Pro-

295 1432 602 1504 phetarum,
631 1450 756 1506 quae
784 1441 868 1489 est
886 1436 1272 1493 ecclesiasticae
1296 1437 1420 1492 fidei
1446 1437 1878 1493 fundamentum.

365 1522 446 1576 Ad
496 1521 548 1576 id
580 1523 722 1593 quod
775 1533 963 1595 postea
1001 1524 1276 1596 objicitur,
1300 1524 1445 1597 quod
1487 1523 1771 1597 privilegia
1810 1523 2115 1596 principum
2158 1533 2285 1579 sunt

293 1608 642 1681 intelligenda
684 1612 800 1667 sine
839 1613 1156 1684 praejudicio
1203 1612 1445 1677 alterius,
1498 1614 1788 1669 dicendum
1833 1613 1978 1685 quod
2025 1615 2289 1685 praejudi-

290 1698 378 1751 cio
423 1698 673 1763 alterius,
719 1700 1007 1755 dicendum
1056 1701 1200 1773 quod
1251 1701 1628 1773 praejudicium
1675 1701 1876 1755 dicitur
1934 1700 2049 1755 tieri
2101 1700 2283 1768 alicui,

291 1788 510 1857 quando
538 1787 876 1843 subtrahitur
904 1790 952 1843 ei
988 1790 1192 1861 aliquid
1235 1792 1376 1863 quod
1412 1790 1463 1844 in
1499 1789 1739 1845 favorem
1770 1791 1886 1861 ejus
1916 1789 2284 1845 introductum

289 1884 393 1941 est,
423 1876 505 1929 vel
531 1877 674 1949 quod
703 1878 770 1932 ad
801 1878 1094 1934 utilitatem
1123 1880 1242 1950 ejus
1271 1879 1554 1935 ordinatur
1588 1896 1599 1933 :
1629 1880 1723 1933 sed
1756 1878 2022 1951 subjectio
2053 1878 2285 1950 alicujus

289 1964 490 2019 subditi
527 1965 594 2020 ad
641 1974 908 2022 rectorem
947 1967 1206 2023 Ecclesiae
1241 1983 1346 2023 non
1389 1975 1471 2023 est
1518 1968 1769 2023 ordinata
1806 1967 2175 2039 principaliter
2214 1967 2285 2022 ad

289 2054 583 2109 utilitatem
629 2055 1054 2125 praesidentium.
1090 2056 1184 2111 sed
1235 2056 1302 2111 ad
1350 2057 1644 2111 utilitatem
1690 2054 2077 2127 subjectorum.
2128 2056 2283 2111 Unde

287 2142 480 2197 Ezech.
499 2158 703 2209 XXXW,
725 2148 775 2205 2.
793 2144 993 2199 dicitur
1008 2160 1020 2197 :
1037 2144 1123 2200 Vae
1143 2146 1447 2216 pastoribus
1467 2146 1657 2209 Israel,
1676 2144 1765 2215 qui
1786 2145 2065 2216 pascebant
2094 2150 2284 2199 semet-

288 2232 442 2303 ipsos.
473 2232 663 2288 Nonne
689 2248 867 2303 qreyes
891 2241 1190 2303 pascuntur
1216 2250 1250 2287 a
1271 2233 1617 2305 pastoribus?
1649 2239 1704 2287 et
1738 2233 1861 2287 ideo
1890 2233 2095 2289 nullum
2132 2249 2277 2304 proe·

278 2319 549 2392 judicium
573 2320 630 2375 [it
656 2321 854 2375 rectori
875 2320 1149 2387 Ecclesiae,
1169 2322 1386 2393 quando
1414 2321 1663 2376 subditus
1686 2322 1803 2391 ejus
1827 2336 1857 2375 a
1884 2337 1978 2375 sua
2008 2329 2277 2393 potestate

282 2410 538 2471 eximitur
563 2411 680 2464 sine
705 2410 1020 2481 praejudicio
1041 2425 1176 2481 ejus,
1194 2411 1343 2463 sicut
1364 2410 1508 2480 Papa
1536 2410 1721 2463 eximit
1748 2408 1999 2463 abbatem
2030 2425 2061 2465 a
2095 2418 2278 2480 potes—

284 2504 398 2553 tate
421 2498 670 2570 Episcopi
701 2500 818 2554 sine
851 2500 968 2571 ejus
1007 2499 1340 2569 praejudicio,
1369 2504 1425 2552 et
1458 2498 1707 2551 SImiliter
1734 2497 2058 2568 Episcopum
2102 2512 2131 2551 a
2176 2513 2277 2569 po-

283 2596 483 2645 testate
507 2588 930 2660 Arctiiepiscopi.
961 2588 1016 2643 Si
1047 2597 1228 2643 autem
1259 2588 1488 2659 ipsemet
1521 2593 1775 2658 operetur
1802 2585 1854 2639 in
1884 2583 2117 2640 subditis
2146 2602 2270 2657 quas

280 2679 552 2749 pertinent
589 2676 656 2733 ad
699 2676 949 2744 salutem,
978 2677 1062 2733 vel
1095 2658 1216 2733 aliis
1250 2676 1350 2731 hoc
1380 2678 1554 2747 ipsum
1595 2675 1922 2741 committat,
1954 2689 2056 2728 non
2098 2673 2285 2749 solum·

277 2778 388 2817 non
423 2762 554 2818 facit
597 2764 647 2819 ei
695 2764 1090 2835 praejudicium,
1123 2764 1216 2817 sed
1259 2772 1485 2835 praestat
1526 2764 1573 2817 ei
1624 2778 1879 2833 magnum
1928 2760 2270 2827 beneficium,

171 2855 173 2857 ’
275 2854 424 2926 quod
455 2853 690 2908 maxime
727 2860 1044 2925 acceptatur
1077 2869 1108 2908 a
1146 2854 1357 2908 cunctis
1401 2850 1721 2927 rectoribus,
1754 2851 1846 2924 qui
1891 2866 1992 2905 non
2020 2858 2273 2923 quaerunt

182 2969 191 2993 -.
273 2958 403 3016 quae
425 2960 522 2999 sua
549 2948 694 3005 sunt,
721 2942 814 2997 secl
841 2942 966 2997 Jesu
992 2942 1210 2997 Christi.
1242 2941 1397 2998 Unde
1426 2957 1587 3014 super
1617 2940 1745 2994 illud
1772 2941 1934 2995 Num.
1968 2956 2055 2996 xn
2088 2957 2100 2994 :
2133 2938 2273 3005 Quid

273 3032 550 3088 oemularis
571 3048 669 3104 pro
697 3032 815 3086 me?
835 3030 971 3086 dicit
993 3029 1188 3087 Glossa
1213 3030 1462 3101 Gregorii
1490 3047 1548 3082 z«
1575 3029 1667 3084 Pia
1697 3044 1845 3083 mens
1874 3029 2126 3099 pastoris,
2143 3028 2271 3100 quia

163 3151 171 3160 ·
270 3136 382 3178 non
411 3122 686 3193 propriam
707 3120 953 3190 gloriam,
977 3119 1070 3173 sed
1098 3118 1338 3174 auctoris
1361 3119 1578 3191 quaerit,
1596 3117 1665 3171 ab
1688 3116 1937 3172 omnibus
1962 3114 2270 3185 vultjuvari

267 3209 328 3265 in
370 3223 434 3263 eo
474 3208 618 3279 quod
649 3207 802 3263 facit.
839 3226 864 3259 ›>
895 3206 1090 3263 Fidelis
1119 3208 1263 3263 enim
1295 3206 1620 3277 praedicator
1646 3212 1799 3277 optat
1838 3203 1884 3258 si
1915 3202 2029 3257 lieri
2064 3202 2267 3268 valeat,

238 3296 332 3355 ’ut
361 3295 649 3350 veritatem
676 3312 838 3367 quam
864 3295 1011 3350 solus
1041 3296 1186 3367 loqui
1211 3310 1314 3350 non
1343 3293 1563 3359 sufficit,
1590 3310 1684 3349 ora
1708 3296 2028 3348 cunctorum
2052 3296 2266 3345 sonent.

342 3382 426 3441 Ad
455 3382 505 3435 id
546 3382 687 3453 quod
715 3392 901 3452 postea
929 3383 1205 3453 objicitur,
1223 3382 1366 3455 quod
1399 3382 1647 3454 princeps
1676 3380 1895 3453 quando
1922 3378 2086 3434 alicui
2116 3392 2270 3433 com-

264 3472 441 3530 mittit
481 3468 707 3526 liberam
747 3470 1056 3526 testamenti
1094 3470 1405 3534 factionem,
1436 3468 1757 3539 intelligitur
1791 3475 2003 3523 tantum
2038 3481 2269 3521 conces-

264 3561 407 3619 sisse
448 3559 747 3631 legitimam
795 3564 851 3612 et
889 3564 1225 3622 consuetam,
1275 3557 1587 3623 dicendum,
1632 3556 1777 3631 quod
1824 3554 2074 3610 similiter
2125 3555 2266 3627 Papa

263 3648 488 3721 quando
513 3647 806 3704 committit
837 3644 998 3701 alicui
1035 3646 1179 3721 quod
1213 3646 1473 3719 praedicet
1518 3645 1602 3702 vel
1648 3644 2015 3699 confessiones
2055 3642 2261 3711 audiat,

262 3738 564 3793 committit
593 3738 639 3791 ei
670 3744 726 3791 ut
753 3735 993 3807 legitime
1017 3734 1120 3790 hoc
1139 3732 1324 3791 faciat.
1350 3734 1505 3792 Unde
1531 3751 1624 3807 per
1655 3735 1792 3789 lianc
1829 3732 2263 3789 commissionem

260 3838 380 3887 non
405 3831 586 3903 potest
609 3826 914 3903 praedicare
937 3825 1120 3903 aliqua
1149 3844 1275 3905 quae
1303 3842 1407 3887 non
1432 3828 1627 3889 decent
1655 3826 1793 3885 :sed
1834 3841 1903 3884 ex
1940 3838 2050 3901 quo
2085 3821 2155 3881 ab
2198 3836 2265 3879 eo
