2784 4392
527 258 663 309 x1v.
693 270 775 291 -
801 254 1041 301 comm
1079 251 1295 299 meve.
1340 249 1445 295 mn
1486 248 1659 295 cvm.
1705 247 1783 293 m·
1822 247 2028 292 neme.
2200 230 2277 293 61

272 389 463 433 eorum
491 377 670 429 status
700 368 941 431 totaliter
969 364 1290 431 destruitur,
1319 366 1375 417 et
1405 360 1652 417 redditur
1685 359 1915 414 nimium
1940 372 2200 415 onerosus
2224 363 2279 413 et

272 460 671 549 vituperabiliS,
719 454 1087 515 subtrahendo
1131 452 1212 510 eis
1261 449 1572 525 spiritualia
1626 445 1822 505 solatia
1873 454 1929 504 et
1974 446 2278 522 corporalia

277 568 445 609 onera
469 552 832 624 imponentes.

347 642 528 698 Primo
557 637 703 694 enim
728 637 807 691 eis
835 648 933 708 pro
959 646 1117 705 posse
1146 628 1388 686 studium
1410 632 1465 684 et
1492 626 1801 684 doctrinam
1831 624 2046 683 auferre
2074 640 2279 684 conan-

278 740 387 799 tur,
441 734 501 785 nt
546 728 626 784 sic
667 721 996 783 adversariis
1049 719 1300 776 veritatis
1349 716 1607 773 resistere
1653 732 1758 772 non
1799 714 2026 788 possint,
2073 731 2175 771 nec
2224 716 2280 771 in

277 820 559 891 Scriptura
605 812 1034 871 consolationem
1077 808 1302 881 spiritus
1348 805 1616 863 invenire.
1659 804 1729 860 Et
1778 804 1897 860 haec
1936 809 2019 859 est
2074 804 2279 861 astutia

279 908 712 973 Philistinorum,
752 903 776 959 1
817 903 1026 972 Regum
1058 914 1190 962 xm,
1231 898 1300 958 ts
1353 911 1368 952 ι
1400 896 1672 953 caverant
1712 893 1989 951 Philistina
2026 910 2091 949 ne
2140 894 2281 965 forte

282 998 520 1067 facerent
561 992 778 1050 Hebroei
811 989 1068 1063 gladium,
1103 994 1200 1043 aut
1235 986 1489 1051 lanceam,
1516 984 1662 1057 quod
1706 983 1903 1041 Glossa
1950 982 2173 1056 exponit
2214 982 2282 1039 de

283 1084 644 1159 prohibitione
687 1080 853 1137 studii
885 1078 1208 1141 litterarum,
1245 1081 1299 1129 et
1335 1074 1440 1130 hoc
1470 1072 1719 1147 primitus
1744 1071 1991 1163 {olianus
2015 1075 2281 1145 Apostata

281 1173 580 1251 inchoavit:
615 1178 676 1227 ut
703 1166 1074 1225 ecelesiastica
1105 1169 1336 1221 testatur
1365 1161 1625 1239 Historia.

353 1262 599 1321 Secundo
624 1276 655 1316 a
680 1256 953 1315 consortio
992 1253 1350 1311 studientium
1375 1266 1469 1307 eos
1508 1266 1604 1322 pro
1637 1264 1793 1322 posse
1831 1248 2193 1316 excludendo,
2223 1258 2285 1306 ut-

283 1369 381 1425 per
407 1352 510 1407 hoc
532 1354 845 1407 sanctorum
871 1344 986 1402 vita
1024 1342 1220 1421 veniat
1239 1340 1294 1397 in
1317 1345 1713 1412 contemptum.
1744 1337 1972 1411 Apocal.
2004 1352 2137 1402 xtu,
2169 1338 2239 1393 47
2265 1354 2279 1393 ε

285 1442 368 1499 Ne
393 1440 508 1512 quis
524 1437 693 1510 possit
729 1450 912 1499 emere,
941 1438 1040 1488 aut
1067 1429 1309 1494 vendere,
1355 1426 1463 1485 nisi
1490 1428 1581 1501 qui
1608 1427 1759 1501 habat
1800 1427 2159 1483 characterem
2188 1434 2286 1496 aut

285 1546 472 1587 nomen
490 1526 686 1590 bestiae,
714 1538 902 1579 eorum
921 1520 1132 1577 scilicet
1161 1518 1384 1574 malitiae
1414 1515 1824 1573 consentiendo,

356 1618 561 1684 Terti0,
615 1628 802 1669 eorum
844 1609 1313 1684 praedicationem,
1359 1612 1416 1662 et
1463 1604 1867 1661 confessionum
1921 1604 2281 1672 audientiam,

287 1706 490 1779 quibus
517 1706 568 1757 in
594 1700 789 1775 populo
812 1698 1164 1763 fructificant,
1194 1694 1457 1767 impedire
1481 1693 1759 1762 nituntur;
1784 1693 1809 1749 1
1832 1683 2074 1749 Thessal.
2096 1708 2160 1759 ιι,
2180 1695 2282 1749 46:

285 1793 633 1855 Prohibentes
656 1806 753 1845 nos
773 1788 1010 1862 yentibus
1036 1784 1198 1858 loqui,
1227 1789 1290 1840 ut
1311 1782 1470 1839 salvoe
1492 1782 1649 1855 fiant.
1779 1845 1783 1847 ,

361 1884 588 1953 Quart0,
619 1876 688 1937 ad
720 1876 959 1934 laborem
987 1888 1246 1931 manuum
1275 1886 1368 1929 eos
1408 1870 1759 1944 compellunt,
1788 1876 1847 1927 ut
1880 1869 1959 1925 sic
1992 1870 2286 1942 gravati‘et

289 1972 376 2030 sui
395 1963 572 2027 status
598 1967 825 2025 toedium
845 1964 1099 2031 habeant,
1126 1968 1180 2019 et
1201 1961 1252 2019 in
1280 1960 1560 2035 praedictis
1586 1958 1970 2031 impediantur,
1988 1960 2287 2015 secundum

289 2060 576 2119 consilium
618 2054 914 2130 Pharaonis
963 2051 1196 2107 dicentis
1228 2050 1398 2105 Exodi
1441 2065 1480 2115 ι,
1514 2052 1545 2104 9
1581 2064 1594 2103 :
1634 2048 1765 2104 Ecce
1792 2046 2021 2119 populus
2050 2047 2289 2119 filiorum

291 2150 464 2208 Israel
485 2147 703 2211 ntitltus,
739 2149 788 2201 et
829 2140 1032 2214 fortior
1068 2138 1216 2195 nobis
1255 2145 1350 2196 est.
1382 2136 1588 2204 Venite,
1622 2136 1891 2208 sapienter
1930 2133 2291 2207 opprimamus

292 2256 431 2304 eum,
462 2242 516 2293 et
557 2233 696 2291 infra
735 2248 750 2288 t
799 2228 1104 2301 Praeposuit
1142 2226 1320 2299 itaque
1361 2224 1438 2281 eis
1482 2224 1771 2297 ‘magistros
1814 2240 2051 2297 operum.
2094 2224 2289 2281 Glossa

293 2330 502 2386 Pharao
544 2322 816 2395 significat
846 2316 1130 2375 zabulum.
1161 2316 1258 2388 qui
1305 2314 1405 2369 luti
1448 2320 1505 2370 et
1540 2310 1731 2369 lateris
1767 2302 1996 2384 imponit
2025 2313 2290 2384 gravissi-

296 2432 442 2474 mum
463 2418 676 2489 jugum,
704 2408 1028 2467 servitutem
1054 2402 1263 2461 scilicet
1291 2401 1553 2459 luculenti
1581 2406 1635 2457 et
1666 2402 1865 2457 terreni
1892 2401 2093 2473 operiS.

367 2507 586 2578 Quinto,
619 2502 1132 2572 vituperanteorum
1158 2490 1547 2565 perfectionem
1575 2496 1629 2545 et
1653 2487 2051 2561 blasphemant,
2084 2489 2295 2547 scilicet

299 2601 676 2671 paupertatem
705 2583 1153 2645 mendicantium.
1182 2581 1227 2636 11
1257 2580 1402 2636 Petr.
1432 2594 1497 2645 ιι,
1520 2582 1551 2635 2
1583 2594 1595 2632 z
1627 2574 1789 2634 Multi
1807 2582 2091 2649 sequentur
2115 2594 2295 2634 eorum

298 2685 571 2750 luxurias,
595 2697 697 2755 per
715 2694 844 2752 quos
877 2674 965 2731 via
989 2670 1236 2730 veritatis
1261 2662 1725 2742 blasphemabitur,
1748 2665 1803 2724 id
1834 2672 1916 2723 est
1936 2665 2078 2725 bona
2107 2683 2290 2743 opera,

299 2774 602 2835 seeundum
628 2769 903 2828 Glossam.

369 2867 555 2927 Sext0‚
588 2860 668 2916 eis
707 2846 916 2915 victum
943 2857 999 2909 et
1045 2848 1425 2921 eleemosynas
1468 2846 1608 2903 unde
1636 2842 1913 2915 vivebant,
1948 2846 2295 2913 subtrahunt,

300 2963 363 3013 ut
389 2953 634 3027 possunt.
656 2948 714 3004 ln
739 2944 904 3003 tertia
928 2940 1191 2999 canonica
1207 2939 1362 2994 Joan.
1393 2939 1460 2992 40
1481 2952 1494 2991 :
1515 2936 1591 2994 Et
1614 2934 1769 3009 quasi
1791 2936 1896 2992 ista
1913 2952 2021 3005 non
2039 2934 2301 3011 sufficiant

302 3045 375 3111 ei,
403 3040 620 3103 Glossa,
653 3036 797 3110 quod
827 3029 1256 3105 hospitalitatem
1290 3026 1595 3091 dissuadet,
1626 3041 1789 3097 neque
1816 3024 1925 3097 ipse
1952 3023 2157 3097 tsi-atres
2183 3039 2303 3079 sus-

304 3134 455 3205 cipit,
477 3128 674 3187 Glossa
701 3124 1033 3195 indigentes,
1056 3125 1104 3174 et
1129 3132 1212 3173 eos
1244 3114 1339 3189 qui
1365 3114 1685 3188 suscipiunt,
1702 3112 1967 3186 prohibet.
1998 3112 2193 3169 Glossa
2238 3126 2305 3169 ne

305 3219 624 3294 impendant
651 3228 841 3272 curam
870 3206 1248 3265 humanitatis.
1425 3271 1431 3277 ,

377 3307 640 3378 Septimo,
673 3303 874 3359 famam
919 3305 1234 3355 sanctorum
1277 3292 1526 3368 praedicti
1565 3289 1800 3347 ministri
1832 3289 2033 3367 diaboli
2062 3290 2310 3345 nituntur

307 3408 675 3465 corrumpere,
723 3391 780 3447 in
821 3396 1036 3444 tantum
1085 3392 1145 3441 ut
1196 3398 1304 3439 non
1347 3381 1523 3437 solum
1568 3395 1663 3453 per
1706 3394 1765 3435 se
1816 3378 1959 3452 apud
2016 3385 2314 3450 praesentes

309 3492 500 3546 sancto
534 3481 631 3537 Dei
658 3478 920 3534 infament
948 3473 1132 3540 verbe,
1163 3474 1257 3529 sed
1285 3472 1453 3529 etiam
1494 3470 1707 3526 litteras
1744 3485 1841 3541 per
1871 3469 2185 3523 universum
2219 3482 2315 3522 or-

309 3562 435 3634 bem
465 3570 724 3641 dirigant.
765 3566 964 3619 Jerem.
997 3576 1169 3627 xxtn,
1203 3561 1270 3614 45
1303 3574 1316 3617 :
1348 3557 1398 3613 A
1432 3556 1714 3629 Prophetis
1742 3554 2075 3611 Hierusalem
2108 3570 2315 3626 emessa

313 3672 388 3723 est
429 3658 648 3735 pollutio
685 3669 850 3727 super
877 3664 1080 3707 omnem
1116 3654 1342 3705 terram.
1369 3644 1565 3702 Glossa
1603 3644 1919 3717 Hieronymi
1951 3658 1965 3699 t
1995 3664 2020 3696 α
2059 3644 2172 3702 Hoc
2202 3645 2317 3701 uti-

318 3769 438 3810 mur
475 3735 790 3807 testimonio
828 3739 1092 3799 adversus
1124 3750 1219 3796 eos
1256 3734 1351 3809 qui
1388 3732 1651 3808 epistolas
1691 3733 1877 3807 plenas
1918 3734 2219 3803 mendacio,
2262 3741 2318 3791 et

309 3834 707 3907 'fraudulentia,
735 3838 794 3899 et
829 3828 1068 3913 perjurio
1097 3825 1155 3889 in
1187 3824 1376 3885 orbem
1405 3822 1664 3897 dirigunt,
1698 3830 1751 3881 et
1786 3836 1945 3881 aures
1983 3821 2321 3883 audientium
