<?xml version="1.0" encoding="UTF-8"?>
<!DOCTYPE html PUBLIC "-//W3C//DTD XHTML 1.0 Transitional//EN"
    "http://www.w3.org/TR/xhtml1/DTD/xhtml1-transitional.dtd">
<html xmlns="http://www.w3.org/1999/xhtml" xml:lang="en" lang="en">
 <head>
  <title>
</title>
<meta http-equiv="Content-Type" content="text/html;charset=utf-8" />
  <meta name='ocr-system' content='tesseract 3.04.00' />
  <meta name='ocr-capabilities' content='ocr_page ocr_carea ocr_par ocr_line ocrx_word'/>
</head>
<body>
  <div class='ocr_page' id='page_1' title='image "./sthomaquinatisd01thomgoog_0324.png"; bbox 0 0 2784 4392; ppageno 0'>
   <div class='ocr_carea' id='block_1_1' title="bbox 419 231 1955 304">
    <p class='ocr_par' dir='ltr' id='par_1_1' title="bbox 419 231 1955 304">
     <span class='ocr_line' id='line_1_1' title="bbox 419 231 1955 304; baseline 0.001 -8"><span class='ocrx_word' id='word_1_1' title='bbox 419 231 542 297; x_wconf 79' lang='lat'>312</span> <span class='ocrx_word' id='word_1_2' title='bbox 900 255 954 301; x_wconf 85' lang='lat' dir='ltr'>s.</span> <span class='ocrx_word' id='word_1_3' title='bbox 997 252 1230 299; x_wconf 62' lang='lat' dir='ltr'>’morum</span> <span class='ocrx_word' id='word_1_4' title='bbox 1272 254 1601 304; x_wconf 61' lang='lat' dir='ltr'>nouimus</span> <span class='ocrx_word' id='word_1_5' title='bbox 1644 247 1955 299; x_wconf 68' lang='lat' dir='ltr'>oruscum</span> 
     </span>
    </p>
   </div>
   <div class='ocr_carea' id='block_1_2' title="bbox 407 368 2467 3726">
    <p class='ocr_par' dir='ltr' id='par_1_2' title="bbox 417 368 2467 798">
     <span class='ocr_line' id='line_1_2' title="bbox 417 368 2446 443; baseline 0.001 -20"><span class='ocrx_word' id='word_1_6' title='bbox 417 369 808 437; x_wconf 76' lang='lat' dir='ltr'><strong>mutationum,</strong></span> <span class='ocrx_word' id='word_1_7' title='bbox 843 376 904 427; x_wconf 91' lang='lat' dir='ltr'>ut</span> <span class='ocrx_word' id='word_1_8' title='bbox 929 386 996 426; x_wconf 81' lang='lat' dir='ltr'>ex</span> <span class='ocrx_word' id='word_1_9' title='bbox 1023 369 1346 443; x_wconf 87' lang='lat' dir='ltr'>Philosopho</span> <span class='ocrx_word' id='word_1_10' title='bbox 1372 368 1635 425; x_wconf 88' lang='lat' dir='ltr'>habemus</span> <span class='ocrx_word' id='word_1_11' title='bbox 1662 368 1687 425; x_wconf 92' lang='lat'>1</span> <span class='ocrx_word' id='word_1_12' title='bbox 1710 368 1898 438; x_wconf 64' lang='lat' dir='ltr'>Petit„</span> <span class='ocrx_word' id='word_1_13' title='bbox 1928 368 2036 425; x_wconf 88' lang='lat' dir='ltr'>ista</span> <span class='ocrx_word' id='word_1_14' title='bbox 2066 372 2251 425; x_wconf 74' lang='lat' dir='ltr'>tamen</span> <span class='ocrx_word' id='word_1_15' title='bbox 2268 382 2446 442; x_wconf 83' lang='lat' dir='ltr'>expe·-</span> 
     </span>
     <span class='ocr_line' id='line_1_3' title="bbox 424 457 2443 531; baseline 0 -20"><span class='ocrx_word' id='word_1_16' title='bbox 424 457 590 514; x_wconf 87' lang='lat' dir='ltr'>ditior</span> <span class='ocrx_word' id='word_1_17' title='bbox 620 468 704 515; x_wconf 89' lang='lat' dir='ltr'>est</span> <span class='ocrx_word' id='word_1_18' title='bbox 734 460 876 515; x_wconf 87' lang='lat' dir='ltr'>inter</span> <span class='ocrx_word' id='word_1_19' title='bbox 922 476 1128 525; x_wconf 78' lang='lat' dir='ltr'>omneS‚</span> <span class='ocrx_word' id='word_1_20' title='bbox 1164 465 1383 531; x_wconf 80' lang='lat' dir='ltr'>propter</span> <span class='ocrx_word' id='word_1_21' title='bbox 1428 458 1571 531; x_wconf 89' lang='lat' dir='ltr'>quod</span> <span class='ocrx_word' id='word_1_22' title='bbox 1618 460 1900 514; x_wconf 86' lang='lat' dir='ltr'>inventum</span> <span class='ocrx_word' id='word_1_23' title='bbox 1938 457 2141 514; x_wconf 90' lang='lat' dir='ltr'>dicitur</span> <span class='ocrx_word' id='word_1_24' title='bbox 2166 472 2284 513; x_wconf 91' lang='lat' dir='ltr'>esse</span> <span class='ocrx_word' id='word_1_25' title='bbox 2326 476 2443 513; x_wconf 88' lang='lat' dir='ltr'>nu·-</span> 
     </span>
     <span class='ocr_line' id='line_1_4' title="bbox 425 533 2467 621; baseline -0.002 -19"><span class='ocrx_word' id='word_1_26' title='bbox 425 548 642 604; x_wconf 86' lang='lat' dir='ltr'>misma.</span> <span class='ocrx_word' id='word_1_27' title='bbox 675 548 830 605; x_wconf 84' lang='lat' dir='ltr'>Unde</span> <span class='ocrx_word' id='word_1_28' title='bbox 859 533 914 603; x_wconf 80' lang='lat' dir='ltr'>et</span> <span class='ocrx_word' id='word_1_29' title='bbox 943 548 1133 619; x_wconf 89' lang='lat' dir='ltr'>politia</span> <span class='ocrx_word' id='word_1_30' title='bbox 1161 547 1418 621; x_wconf 77' lang='lat' dir='ltr'>Lycurgi,</span> <span class='ocrx_word' id='word_1_31' title='bbox 1452 548 1544 619; x_wconf 85' lang='lat' dir='ltr'>qui</span> <span class='ocrx_word' id='word_1_32' title='bbox 1572 546 1788 603; x_wconf 86' lang='lat' dir='ltr'>Parthis</span> <span class='ocrx_word' id='word_1_33' title='bbox 1816 553 1871 600; x_wconf 87' lang='lat' dir='ltr'>et</span> <span class='ocrx_word' id='word_1_34' title='bbox 1892 546 2060 619; x_wconf 88' lang='lat' dir='ltr'>Lydis</span> <span class='ocrx_word' id='word_1_35' title='bbox 2091 547 2265 618; x_wconf 90' lang='lat' dir='ltr'>primo</span> <span class='ocrx_word' id='word_1_36' title='bbox 2287 546 2467 618; x_wconf 76' lang='lat' dir='ltr'>leges.</span> 
     </span>
     <span class='ocr_line' id='line_1_5' title="bbox 428 633 2446 710; baseline -0 -18"><span class='ocrx_word' id='word_1_37' title='bbox 428 637 675 701; x_wconf 76' lang='lat' dir='ltr'><strong>tradidit,</strong></span> <span class='ocrx_word' id='word_1_38' title='bbox 705 638 758 692; x_wconf 90' lang='lat' dir='ltr'>in</span> <span class='ocrx_word' id='word_1_39' title='bbox 789 638 988 710; x_wconf 87' lang='lat' dir='ltr'>quibus</span> <span class='ocrx_word' id='word_1_40' title='bbox 1012 637 1282 692; x_wconf 85' lang='lat' dir='ltr'>numisma</span> <span class='ocrx_word' id='word_1_41' title='bbox 1315 636 1640 709; x_wconf 82' lang='lat' dir='ltr'>prohibebat</span> <span class='ocrx_word' id='word_1_42' title='bbox 1666 642 1720 690; x_wconf 91' lang='lat' dir='ltr'>et</span> <span class='ocrx_word' id='word_1_43' title='bbox 1750 633 1921 691; x_wconf 89' lang='lat' dir='ltr'>solam</span> <span class='ocrx_word' id='word_1_44' title='bbox 1946 636 2446 691; x_wconf 84' lang='lat' dir='ltr'>commutationem</span> 
     </span>
     <span class='ocr_line' id='line_1_6' title="bbox 427 724 2440 798; baseline 0 -19"><span class='ocrx_word' id='word_1_45' title='bbox 427 742 494 779; x_wconf 77' lang='lat' dir='ltr'>ex</span> <span class='ocrx_word' id='word_1_46' title='bbox 521 726 846 782; x_wconf 90' lang='lat' dir='ltr'>alterutrum</span> <span class='ocrx_word' id='word_1_47' title='bbox 877 726 1148 782; x_wconf 84' lang='lat' dir='ltr'><strong>mercibus</strong></span> <span class='ocrx_word' id='word_1_48' title='bbox 1176 727 1503 798; x_wconf 88' lang='lat' dir='ltr'>permittens</span> <span class='ocrx_word' id='word_1_49' title='bbox 1539 741 1633 797; x_wconf 90' lang='lat' dir='ltr'>per</span> <span class='ocrx_word' id='word_1_50' title='bbox 1664 724 2045 795; x_wconf 84' lang='lat' dir='ltr'>Philosophum</span> <span class='ocrx_word' id='word_1_51' title='bbox 2093 724 2440 797; x_wconf 84' lang='lat' dir='ltr'>reprobatur,</span> 
     </span>
    </p>

    <p class='ocr_par' dir='ltr' id='par_1_3' title="bbox 429 813 2441 888">
     <span class='ocr_line' id='line_1_7' title="bbox 429 813 2441 888; baseline 0.001 -20"><span class='ocrx_word' id='word_1_52' title='bbox 429 821 490 869; x_wconf 85' lang='lat' dir='ltr'>ut</span> <span class='ocrx_word' id='word_1_53' title='bbox 509 830 574 869; x_wconf 89' lang='lat' dir='ltr'>ex</span> <span class='ocrx_word' id='word_1_54' title='bbox 593 817 710 887; x_wconf 80' lang='lat' dir='ltr'>jam</span> <span class='ocrx_word' id='word_1_55' title='bbox 735 815 898 871; x_wconf 88' lang='lat' dir='ltr'>dictis</span> <span class='ocrx_word' id='word_1_56' title='bbox 921 822 1167 888; x_wconf 84' lang='lat' dir='ltr'>apparet.</span> <span class='ocrx_word' id='word_1_57' title='bbox 1189 814 1344 871; x_wconf 87' lang='lat' dir='ltr'>Unde</span> <span class='ocrx_word' id='word_1_58' title='bbox 1363 814 1556 885; x_wconf 87' lang='lat' dir='ltr'>etipse</span> <span class='ocrx_word' id='word_1_59' title='bbox 1574 813 1853 870; x_wconf 89' lang='lat' dir='ltr'>concludit</span> <span class='ocrx_word' id='word_1_60' title='bbox 1878 814 2069 869; x_wconf 86' lang='lat' dir='ltr'>eodem</span> <span class='ocrx_word' id='word_1_61' title='bbox 2092 813 2229 869; x_wconf 87' lang='lat' dir='ltr'>libro</span> <span class='ocrx_word' id='word_1_62' title='bbox 2254 814 2441 870; x_wconf 76' lang='lat' dir='ltr'>Echio.</span> 
     </span>
    </p>

    <p class='ocr_par' dir='ltr' id='par_1_4' title="bbox 428 901 2443 975">
     <span class='ocr_line' id='line_1_8' title="bbox 428 901 2443 975; baseline 0.001 -19"><span class='ocrx_word' id='word_1_63' title='bbox 428 904 698 959; x_wconf 84' lang='lat' dir='ltr'>numisma</span> <span class='ocrx_word' id='word_1_64' title='bbox 723 905 1082 959; x_wconf 88' lang='lat' dir='ltr'>constitutum</span> <span class='ocrx_word' id='word_1_65' title='bbox 1124 911 1343 975; x_wconf 90' lang='lat' dir='ltr'>propter</span> <span class='ocrx_word' id='word_1_66' title='bbox 1386 901 1835 974; x_wconf 75' lang='lat' dir='ltr'>commutationis</span> <span class='ocrx_word' id='word_1_67' title='bbox 1876 902 2277 968; x_wconf 79' lang='lat' dir='ltr'>necessitatem,</span> <span class='ocrx_word' id='word_1_68' title='bbox 2306 904 2443 975; x_wconf 86' lang='lat' dir='ltr'>quia</span> 
     </span>
    </p>

    <p class='ocr_par' dir='ltr' id='par_1_5' title="bbox 425 989 2443 1065">
     <span class='ocr_line' id='line_1_9' title="bbox 425 989 2443 1065; baseline 0.001 -20"><span class='ocrx_word' id='word_1_69' title='bbox 425 992 724 1063; x_wconf 90' lang='lat' dir='ltr'>peripsum</span> <span class='ocrx_word' id='word_1_70' title='bbox 755 992 1062 1065; x_wconf 71' lang='lat' dir='ltr'>expeditius</span> <span class='ocrx_word' id='word_1_71' title='bbox 1099 994 1170 1047; x_wconf 88' lang='lat' dir='ltr'>sit</span> <span class='ocrx_word' id='word_1_72' title='bbox 1208 991 1596 1047; x_wconf 81' lang='lat' dir='ltr'>commercium</span> <span class='ocrx_word' id='word_1_73' title='bbox 1624 1006 1689 1045; x_wconf 89' lang='lat' dir='ltr'>ac</span> <span class='ocrx_word' id='word_1_74' title='bbox 1717 989 1927 1045; x_wconf 90' lang='lat' dir='ltr'>tollitur</span> <span class='ocrx_word' id='word_1_75' title='bbox 1952 991 2007 1046; x_wconf 90' lang='lat' dir='ltr'>in</span> <span class='ocrx_word' id='word_1_76' title='bbox 2050 991 2443 1047; x_wconf 89' lang='lat' dir='ltr'>commutando</span> 
     </span>
    </p>

    <p class='ocr_par' dir='ltr' id='par_1_6' title="bbox 430 1078 2439 1153">
     <span class='ocr_line' id='line_1_10' title="bbox 430 1078 2439 1153; baseline 0.002 -20"><span class='ocrx_word' id='word_1_77' title='bbox 430 1078 660 1135; x_wconf 87' lang='lat' dir='ltr'>materia</span> <span class='ocrx_word' id='word_1_78' title='bbox 691 1080 822 1135; x_wconf 81' lang='lat' dir='ltr'>litis.</span> <span class='ocrx_word' id='word_1_79' title='bbox 855 1078 1029 1149; x_wconf 88' lang='lat' dir='ltr'>Quam</span> <span class='ocrx_word' id='word_1_80' title='bbox 1059 1081 1282 1153; x_wconf 73' lang='lat' dir='ltr'>quidem</span> <span class='ocrx_word' id='word_1_81' title='bbox 1322 1079 1685 1136; x_wconf 68' lang='lat' dir='ltr'>habemus‘ab</span> <span class='ocrx_word' id='word_1_82' title='bbox 1720 1078 1997 1135; x_wconf 86' lang='lat' dir='ltr'>Abraham</span> <span class='ocrx_word' id='word_1_83' title='bbox 2028 1087 2185 1151; x_wconf 89' lang='lat' dir='ltr'>patre</span> <span class='ocrx_word' id='word_1_84' title='bbox 2229 1090 2439 1149; x_wconf 88' lang='lat' dir='ltr'>nostro,</span> 
     </span>
    </p>

    <p class='ocr_par' dir='ltr' id='par_1_7' title="bbox 429 1168 2440 1242">
     <span class='ocr_line' id='line_1_11' title="bbox 429 1168 2440 1242; baseline 0.001 -18"><span class='ocrx_word' id='word_1_85' title='bbox 429 1169 523 1241; x_wconf 86' lang='lat' dir='ltr'>qui</span> <span class='ocrx_word' id='word_1_86' title='bbox 551 1184 647 1241; x_wconf 92' lang='lat' dir='ltr'>per</span> <span class='ocrx_word' id='word_1_87' title='bbox 674 1168 846 1226; x_wconf 90' lang='lat' dir='ltr'>multa</span> <span class='ocrx_word' id='word_1_88' title='bbox 870 1178 1116 1241; x_wconf 88' lang='lat' dir='ltr'>tempora</span> <span class='ocrx_word' id='word_1_89' title='bbox 1152 1168 1254 1226; x_wconf 81' lang='lat' dir='ltr'>fuit</span> <span class='ocrx_word' id='word_1_90' title='bbox 1279 1176 1407 1225; x_wconf 90' lang='lat' dir='ltr'>ante</span> <span class='ocrx_word' id='word_1_91' title='bbox 1432 1170 1743 1241; x_wconf 75' lang='lat' dir='ltr'>Lycurgum</span> <span class='ocrx_word' id='word_1_92' title='bbox 1768 1175 1822 1223; x_wconf 85' lang='lat' dir='ltr'>et</span> <span class='ocrx_word' id='word_1_93' title='bbox 1846 1183 2033 1225; x_wconf 89' lang='lat' dir='ltr'>omnes</span> <span class='ocrx_word' id='word_1_94' title='bbox 2060 1168 2440 1242; x_wconf 81' lang='lat' dir='ltr'><strong>Philosophus,</strong></span> 
     </span>
    </p>

    <p class='ocr_par' dir='ltr' id='par_1_8' title="bbox 431 1256 2443 1331">
     <span class='ocr_line' id='line_1_12' title="bbox 431 1256 2443 1331; baseline 0.001 -18"><span class='ocrx_word' id='word_1_95' title='bbox 431 1256 583 1313; x_wconf 86' lang='lat' dir='ltr'>Unde</span> <span class='ocrx_word' id='word_1_96' title='bbox 626 1257 694 1313; x_wconf 90' lang='lat' dir='ltr'>de</span> <span class='ocrx_word' id='word_1_97' title='bbox 733 1257 850 1329; x_wconf 89' lang='lat' dir='ltr'>ipso</span> <span class='ocrx_word' id='word_1_98' title='bbox 879 1256 1138 1313; x_wconf 79' lang='lat' dir='ltr'>scribitur</span> <span class='ocrx_word' id='word_1_99' title='bbox 1169 1258 1222 1312; x_wconf 90' lang='lat' dir='ltr'>in</span> <span class='ocrx_word' id='word_1_100' title='bbox 1252 1256 1417 1323; x_wconf 65' lang='lat' dir='ltr'>Gen„</span> <span class='ocrx_word' id='word_1_101' title='bbox 1446 1257 1590 1329; x_wconf 90' lang='lat' dir='ltr'>quod</span> <span class='ocrx_word' id='word_1_102' title='bbox 1623 1269 1819 1327; x_wconf 65' lang='lat' dir='ltr'>agrumv</span> <span class='ocrx_word' id='word_1_103' title='bbox 1858 1258 2126 1331; x_wconf 83' lang='lat' dir='ltr'>emit·pro</span> <span class='ocrx_word' id='word_1_104' title='bbox 2156 1258 2443 1330; x_wconf 83' lang='lat' dir='ltr'>sepultura</span> 
     </span>
    </p>

    <p class='ocr_par' dir='ltr' id='par_1_9' title="bbox 428 1344 2443 1421">
     <span class='ocr_line' id='line_1_13' title="bbox 428 1344 2443 1421; baseline 0.002 -22"><span class='ocrx_word' id='word_1_105' title='bbox 428 1360 656 1401; x_wconf 57' lang='lat' dir='ltr'>&gt;suorum</span> <span class='ocrx_word' id='word_1_106' title='bbox 693 1345 872 1420; x_wconf 85' lang='lat' dir='ltr'>pretio</span> <span class='ocrx_word' id='word_1_107' title='bbox 909 1345 1437 1421; x_wconf 85' lang='lat' dir='ltr'>quadringentorum</span> <span class='ocrx_word' id='word_1_108' title='bbox 1478 1344 1739 1403; x_wconf 88' lang='lat' dir='ltr'>siclorum</span> <span class='ocrx_word' id='word_1_109' title='bbox 1794 1344 2025 1419; x_wconf 86' lang='lat' dir='ltr'>publicae</span> <span class='ocrx_word' id='word_1_110' title='bbox 2076 1362 2141 1402; x_wconf 85' lang='lat' dir='ltr'>ac</span> <span class='ocrx_word' id='word_1_111' title='bbox 2193 1346 2443 1421; x_wconf 82' lang='lat' dir='ltr'>probatae</span> 
     </span>
    </p>

    <p class='ocr_par' dir='ltr' id='par_1_10' title="bbox 435 1444 694 1493">
     <span class='ocr_line' id='line_1_14' title="bbox 435 1444 694 1493; baseline -0.008 -2"><span class='ocrx_word' id='word_1_112' title='bbox 435 1444 694 1493; x_wconf 83' lang='lat' dir='ltr'>monetae.</span> 
     </span>
    </p>

    <p class='ocr_par' dir='ltr' id='par_1_11' title="bbox 501 1524 2440 1599">
     <span class='ocr_line' id='line_1_15' title="bbox 501 1524 2440 1599; baseline -0.001 -16"><span class='ocrx_word' id='word_1_113' title='bbox 501 1525 607 1583; x_wconf 86' lang='lat' dir='ltr'>Sed</span> <span class='ocrx_word' id='word_1_114' title='bbox 642 1524 899 1599; x_wconf 83' lang='lat' dir='ltr'>quamvis</span> <span class='ocrx_word' id='word_1_115' title='bbox 925 1540 994 1581; x_wconf 83' lang='lat' dir='ltr'>ex</span> <span class='ocrx_word' id='word_1_116' title='bbox 1018 1540 1077 1580; x_wconf 89' lang='lat' dir='ltr'>se</span> <span class='ocrx_word' id='word_1_117' title='bbox 1101 1524 1374 1581; x_wconf 79' lang='lat' dir='ltr'>numisma</span> <span class='ocrx_word' id='word_1_118' title='bbox 1408 1524 1479 1580; x_wconf 91' lang='lat' dir='ltr'>sit</span> <span class='ocrx_word' id='word_1_119' title='bbox 1517 1524 1907 1589; x_wconf 87' lang='lat' dir='ltr'>necessarium,</span> <span class='ocrx_word' id='word_1_120' title='bbox 1939 1524 2221 1596; x_wconf 89' lang='lat' dir='ltr'>proprium</span> <span class='ocrx_word' id='word_1_121' title='bbox 2254 1530 2440 1581; x_wconf 87' lang='lat' dir='ltr'>tamen</span> 
     </span>
    </p>

    <p class='ocr_par' dir='ltr' id='par_1_12' title="bbox 413 1612 2445 2397">
     <span class='ocr_line' id='line_1_16' title="bbox 434 1612 2437 1687; baseline 0 -18"><span class='ocrx_word' id='word_1_122' title='bbox 434 1616 490 1670; x_wconf 91' lang='lat' dir='ltr'>in</span> <span class='ocrx_word' id='word_1_123' title='bbox 532 1615 680 1683; x_wconf 84' lang='lat' dir='ltr'>omni</span> <span class='ocrx_word' id='word_1_124' title='bbox 721 1614 1006 1687; x_wconf 86' lang='lat' dir='ltr'>regimine,</span> <span class='ocrx_word' id='word_1_125' title='bbox 1047 1614 1142 1669; x_wconf 89' lang='lat' dir='ltr'>sed</span> <span class='ocrx_word' id='word_1_126' title='bbox 1175 1613 1446 1687; x_wconf 85' lang='lat' dir='ltr'>praecipue</span> <span class='ocrx_word' id='word_1_127' title='bbox 1494 1614 1677 1683; x_wconf 87' lang='lat' dir='ltr'>regis:</span> <span class='ocrx_word' id='word_1_128' title='bbox 1711 1613 1868 1683; x_wconf 90' lang='lat' dir='ltr'>cujus</span> <span class='ocrx_word' id='word_1_129' title='bbox 1912 1612 2037 1669; x_wconf 86' lang='lat' dir='ltr'>duae</span> <span class='ocrx_word' id='word_1_130' title='bbox 2066 1621 2193 1668; x_wconf 86' lang='lat' dir='ltr'>sunt</span> <span class='ocrx_word' id='word_1_131' title='bbox 2232 1629 2437 1671; x_wconf 84' lang='lat' dir='ltr'>causae.</span> 
     </span>
     <span class='ocr_line' id='line_1_17' title="bbox 429 1693 2440 1776; baseline 0 -16"><span class='ocrx_word' id='word_1_132' title='bbox 429 1704 610 1775; x_wconf 82' lang='lat' dir='ltr'>Unam</span> <span class='ocrx_word' id='word_1_133' title='bbox 653 1703 952 1776; x_wconf 84' lang='lat' dir='ltr'>accipimus</span> <span class='ocrx_word' id='word_1_134' title='bbox 977 1718 1043 1758; x_wconf 87' lang='lat' dir='ltr'>ex</span> <span class='ocrx_word' id='word_1_135' title='bbox 1081 1710 1239 1775; x_wconf 86' lang='lat' dir='ltr'>parte</span> <span class='ocrx_word' id='word_1_136' title='bbox 1264 1703 1426 1774; x_wconf 79' lang='lat' dir='ltr'>regie,</span> <span class='ocrx_word' id='word_1_137' title='bbox 1458 1700 1622 1759; x_wconf 88' lang='lat' dir='ltr'>aliam</span> <span class='ocrx_word' id='word_1_138' title='bbox 1652 1716 1781 1757; x_wconf 89' lang='lat' dir='ltr'>vero</span> <span class='ocrx_word' id='word_1_139' title='bbox 1804 1716 1870 1757; x_wconf 87' lang='lat' dir='ltr'>ex</span> <span class='ocrx_word' id='word_1_140' title='bbox 1901 1693 2057 1773; x_wconf 77' lang='lat' dir='ltr'>parte</span> <span class='ocrx_word' id='word_1_141' title='bbox 2089 1701 2276 1776; x_wconf 88' lang='lat' dir='ltr'>populi</span> <span class='ocrx_word' id='word_1_142' title='bbox 2302 1703 2440 1760; x_wconf 88' lang='lat' dir='ltr'>sub·</span> 
     </span>
     <span class='ocr_line' id='line_1_18' title="bbox 427 1792 586 1864; baseline 0 -17"><span class='ocrx_word' id='word_1_143' title='bbox 427 1792 586 1864; x_wconf 87' lang='lat' dir='ltr'>jecti.</span> 
     </span>
     <span class='ocr_line' id='line_1_19' title="bbox 413 1877 2445 1952; baseline 0.001 -17"><span class='ocrx_word' id='word_1_144' title='bbox 413 1884 430 1921; x_wconf 64' lang='grc' dir='ltr'>ἓ</span> <span class='ocrx_word' id='word_1_145' title='bbox 503 1880 782 1950; x_wconf 85' lang='lat' dir='ltr'>Quantum</span> <span class='ocrx_word' id='word_1_146' title='bbox 829 1878 884 1937; x_wconf 88' lang='lat' dir='ltr'>in</span> <span class='ocrx_word' id='word_1_147' title='bbox 925 1878 1180 1950; x_wconf 90' lang='lat' dir='ltr'>primum,</span> <span class='ocrx_word' id='word_1_148' title='bbox 1220 1880 1512 1945; x_wconf 80' lang='lat' dir='ltr'>numisma,</span> <span class='ocrx_word' id='word_1_149' title='bbox 1562 1877 1678 1937; x_wconf 86' lang='lat' dir='ltr'>sive</span> <span class='ocrx_word' id='word_1_150' title='bbox 1724 1882 1941 1937; x_wconf 86' lang='lat' dir='ltr'>moneta</span> <span class='ocrx_word' id='word_1_151' title='bbox 1985 1880 2225 1952; x_wconf 88' lang='lat' dir='ltr'>propria,</span> <span class='ocrx_word' id='word_1_152' title='bbox 2254 1880 2445 1939; x_wconf 75' lang='lat' dir='ltr'>‘orna-</span> 
     </span>
     <span class='ocr_line' id='line_1_20' title="bbox 430 1966 2442 2057; baseline 0.001 -32"><span class='ocrx_word' id='word_1_153' title='bbox 430 1975 678 2025; x_wconf 82' lang='lat' dir='ltr'>mentum</span> <span class='ocrx_word' id='word_1_154' title='bbox 715 1973 802 2023; x_wconf 89' lang='lat' dir='ltr'>est</span> <span class='ocrx_word' id='word_1_155' title='bbox 841 1967 988 2037; x_wconf 86' lang='lat' dir='ltr'>regis</span> <span class='ocrx_word' id='word_1_156' title='bbox 1032 1975 1086 2023; x_wconf 91' lang='lat' dir='ltr'>et</span> <span class='ocrx_word' id='word_1_157' title='bbox 1116 1968 1288 2038; x_wconf 88' lang='lat' dir='ltr'>regni,</span> <span class='ocrx_word' id='word_1_158' title='bbox 1316 1974 1372 2023; x_wconf 87' lang='lat' dir='ltr'>et</span> <span class='ocrx_word' id='word_1_159' title='bbox 1414 1966 1706 2039; x_wconf 84' lang='lat' dir='ltr'>cujuslibet</span> <span class='ocrx_word' id='word_1_160' title='bbox 1752 1968 2052 2057; x_wconf 49' lang='lat' dir='ltr'>regiminis,</span> <span class='ocrx_word' id='word_1_161' title='bbox 2101 1970 2232 2042; x_wconf 88' lang='lat' dir='ltr'>quia</span> <span class='ocrx_word' id='word_1_162' title='bbox 2272 1970 2329 2026; x_wconf 88' lang='lat' dir='ltr'>in</span> <span class='ocrx_word' id='word_1_163' title='bbox 2374 1987 2442 2028; x_wconf 84' lang='lat' dir='ltr'>ea</span> 
     </span>
     <span class='ocr_line' id='line_1_21' title="bbox 433 2054 2437 2131; baseline 0.001 -20"><span class='ocrx_word' id='word_1_164' title='bbox 433 2054 862 2129; x_wconf 81' lang='lat' dir='ltr'>repraesentatur</span> <span class='ocrx_word' id='word_1_165' title='bbox 905 2056 1087 2125; x_wconf 85' lang='lat' dir='ltr'>imago</span> <span class='ocrx_word' id='word_1_166' title='bbox 1117 2055 1282 2125; x_wconf 80' lang='lat' dir='ltr'>regis,</span> <span class='ocrx_word' id='word_1_167' title='bbox 1327 2060 1386 2109; x_wconf 88' lang='lat' dir='ltr'>ut</span> <span class='ocrx_word' id='word_1_168' title='bbox 1425 2056 1677 2123; x_wconf 80' lang='lat' dir='ltr'>CaesariS,</span> <span class='ocrx_word' id='word_1_169' title='bbox 1705 2055 1849 2111; x_wconf 86' lang='lat' dir='ltr'>sicut</span> <span class='ocrx_word' id='word_1_170' title='bbox 1877 2056 2087 2116; x_wconf 88' lang='lat' dir='ltr'>dictum</span> <span class='ocrx_word' id='word_1_171' title='bbox 2126 2066 2211 2114; x_wconf 84' lang='lat' dir='ltr'>est</span> <span class='ocrx_word' id='word_1_172' title='bbox 2238 2074 2437 2131; x_wconf 84' lang='lat' dir='ltr'>supra;</span> 
     </span>
     <span class='ocr_line' id='line_1_22' title="bbox 435 2142 2440 2221; baseline 0.002 -22"><span class='ocrx_word' id='word_1_173' title='bbox 435 2144 579 2199; x_wconf 81' lang='lat' dir='ltr'>unde</span> <span class='ocrx_word' id='word_1_174' title='bbox 603 2142 658 2199; x_wconf 92' lang='lat' dir='ltr'>in</span> <span class='ocrx_word' id='word_1_175' title='bbox 688 2142 836 2199; x_wconf 88' lang='lat' dir='ltr'>nulla</span> <span class='ocrx_word' id='word_1_176' title='bbox 883 2148 1037 2199; x_wconf 87' lang='lat' dir='ltr'>tanta</span> <span class='ocrx_word' id='word_1_177' title='bbox 1083 2143 1415 2215; x_wconf 86' lang='lat' dir='ltr'>potestesse</span> <span class='ocrx_word' id='word_1_178' title='bbox 1440 2143 1667 2204; x_wconf 76' lang='lat' dir='ltr'>claritas</span> <span class='ocrx_word' id='word_1_179' title='bbox 1707 2144 1985 2202; x_wconf 86' lang='lat' dir='ltr'>memoriae</span> <span class='ocrx_word' id='word_1_180' title='bbox 2022 2146 2159 2217; x_wconf 89' lang='lat' dir='ltr'>ejus,</span> <span class='ocrx_word' id='word_1_181' title='bbox 2191 2162 2257 2202; x_wconf 92' lang='lat' dir='ltr'>eo</span> <span class='ocrx_word' id='word_1_182' title='bbox 2294 2148 2440 2221; x_wconf 91' lang='lat' dir='ltr'>quod</span> 
     </span>
     <span class='ocr_line' id='line_1_23' title="bbox 433 2230 2441 2309; baseline 0.001 -20"><span class='ocrx_word' id='word_1_183' title='bbox 433 2232 568 2289; x_wconf 85' lang='lat' dir='ltr'>nihil</span> <span class='ocrx_word' id='word_1_184' title='bbox 596 2233 677 2289; x_wconf 89' lang='lat' dir='ltr'>sic</span> <span class='ocrx_word' id='word_1_185' title='bbox 707 2248 804 2304; x_wconf 86' lang='lat' dir='ltr'>per</span> <span class='ocrx_word' id='word_1_186' title='bbox 842 2247 1037 2289; x_wconf 89' lang='lat' dir='ltr'>manus</span> <span class='ocrx_word' id='word_1_187' title='bbox 1081 2230 1364 2289; x_wconf 86' lang='lat' dir='ltr'>hominum</span> <span class='ocrx_word' id='word_1_188' title='bbox 1400 2232 1783 2306; x_wconf 79' lang='lat' dir='ltr'>frequentatur</span> <span class='ocrx_word' id='word_1_189' title='bbox 1820 2234 1968 2305; x_wconf 87' lang='lat' dir='ltr'>quod</span> <span class='ocrx_word' id='word_1_190' title='bbox 2010 2234 2079 2290; x_wconf 85' lang='lat' dir='ltr'>ad</span> <span class='ocrx_word' id='word_1_191' title='bbox 2118 2250 2320 2309; x_wconf 85' lang='lat' dir='ltr'>regem,</span> <span class='ocrx_word' id='word_1_192' title='bbox 2356 2235 2441 2293; x_wconf 88' lang='lat' dir='ltr'>vel</span> 
     </span>
     <span class='ocr_line' id='line_1_24' title="bbox 435 2322 2079 2397; baseline 0.001 -20"><span class='ocrx_word' id='word_1_193' title='bbox 435 2336 838 2397; x_wconf 88' lang='lat' dir='ltr'>quemcumque</span> <span class='ocrx_word' id='word_1_194' title='bbox 863 2322 1142 2379; x_wconf 87' lang='lat' dir='ltr'>dominum</span> <span class='ocrx_word' id='word_1_195' title='bbox 1175 2322 1465 2395; x_wconf 70' lang='lat' dir='ltr'>pertineat,</span> <span class='ocrx_word' id='word_1_196' title='bbox 1494 2327 1762 2397; x_wconf 82' lang='lat' dir='ltr'>quantum</span> <span class='ocrx_word' id='word_1_197' title='bbox 1786 2322 2079 2379; x_wconf 82' lang='lat' dir='ltr'>numisma.</span> 
     </span>
    </p>

    <p class='ocr_par' dir='ltr' id='par_1_13' title="bbox 407 2409 2466 3444">
     <span class='ocr_line' id='line_1_25' title="bbox 507 2409 2442 2487; baseline 0.001 -18"><span class='ocrx_word' id='word_1_198' title='bbox 507 2412 757 2487; x_wconf 84' lang='lat' dir='ltr'>Amplius</span> <span class='ocrx_word' id='word_1_199' title='bbox 771 2422 951 2470; x_wconf 87' lang='lat' dir='ltr'>autem</span> <span class='ocrx_word' id='word_1_200' title='bbox 981 2412 1034 2469; x_wconf 90' lang='lat' dir='ltr'>in</span> <span class='ocrx_word' id='word_1_201' title='bbox 1055 2419 1322 2486; x_wconf 88' lang='lat' dir='ltr'>quantum</span> <span class='ocrx_word' id='word_1_202' title='bbox 1345 2416 1564 2471; x_wconf 88' lang='lat' dir='ltr'>moneta</span> <span class='ocrx_word' id='word_1_203' title='bbox 1590 2409 1777 2483; x_wconf 89' lang='lat' dir='ltr'>regula</span> <span class='ocrx_word' id='word_1_204' title='bbox 1800 2419 1883 2467; x_wconf 88' lang='lat' dir='ltr'>est</span> <span class='ocrx_word' id='word_1_205' title='bbox 1908 2418 1964 2466; x_wconf 87' lang='lat' dir='ltr'>et</span> <span class='ocrx_word' id='word_1_206' title='bbox 1980 2426 2236 2470; x_wconf 87' lang='lat' dir='ltr'>mensura</span> <span class='ocrx_word' id='word_1_207' title='bbox 2259 2429 2442 2472; x_wconf 86' lang='lat' dir='ltr'>rerum</span> 
     </span>
     <span class='ocr_line' id='line_1_26' title="bbox 435 2500 2442 2572; baseline 0 -13"><span class='ocrx_word' id='word_1_208' title='bbox 435 2502 744 2572; x_wconf 86' lang='lat' dir='ltr'>venalium,</span> <span class='ocrx_word' id='word_1_209' title='bbox 791 2504 846 2559; x_wconf 90' lang='lat' dir='ltr'>in</span> <span class='ocrx_word' id='word_1_210' title='bbox 893 2508 1107 2561; x_wconf 89' lang='lat' dir='ltr'>tantum</span> <span class='ocrx_word' id='word_1_211' title='bbox 1152 2508 1491 2560; x_wconf 86' lang='lat' dir='ltr'>monstratur</span> <span class='ocrx_word' id='word_1_212' title='bbox 1539 2516 1638 2555; x_wconf 89' lang='lat' dir='ltr'>sua</span> <span class='ocrx_word' id='word_1_213' title='bbox 1686 2500 2036 2571; x_wconf 85' lang='lat' dir='ltr'>excellentia,</span> <span class='ocrx_word' id='word_1_214' title='bbox 2082 2506 2144 2557; x_wconf 88' lang='lat' dir='ltr'>ut</span> <span class='ocrx_word' id='word_1_215' title='bbox 2174 2502 2442 2560; x_wconf 89' lang='lat' dir='ltr'>·videlicet</span> 
     </span>
     <span class='ocr_line' id='line_1_27' title="bbox 435 2588 2445 2665; baseline 0.001 -18"><span class='ocrx_word' id='word_1_216' title='bbox 435 2592 617 2663; x_wconf 83' lang='lat' dir='ltr'>imago</span> <span class='ocrx_word' id='word_1_217' title='bbox 647 2594 818 2665; x_wconf 89' lang='lat' dir='ltr'>ipsius</span> <span class='ocrx_word' id='word_1_218' title='bbox 845 2592 917 2647; x_wconf 89' lang='lat' dir='ltr'>sit</span> <span class='ocrx_word' id='word_1_219' title='bbox 947 2592 1000 2645; x_wconf 90' lang='lat' dir='ltr'>in</span> <span class='ocrx_word' id='word_1_220' title='bbox 1027 2601 1249 2647; x_wconf 89' lang='lat' dir='ltr'>nummo</span> <span class='ocrx_word' id='word_1_221' title='bbox 1276 2590 1465 2663; x_wconf 85' lang='lat' dir='ltr'>regula</span> <span class='ocrx_word' id='word_1_222' title='bbox 1504 2588 1785 2645; x_wconf 89' lang='lat' dir='ltr'>hominum</span> <span class='ocrx_word' id='word_1_223' title='bbox 1821 2589 1876 2645; x_wconf 90' lang='lat' dir='ltr'>in</span> <span class='ocrx_word' id='word_1_224' title='bbox 1900 2590 2143 2662; x_wconf 84' lang='lat' dir='ltr'>ipsorum</span> <span class='ocrx_word' id='word_1_225' title='bbox 2172 2605 2445 2649; x_wconf 88' lang='lat' dir='ltr'>commer-</span> 
     </span>
     <span class='ocr_line' id='line_1_28' title="bbox 435 2678 2466 2751; baseline 0 -15"><span class='ocrx_word' id='word_1_226' title='bbox 435 2680 557 2736; x_wconf 85' lang='lat' dir='ltr'>ciis.</span> <span class='ocrx_word' id='word_1_227' title='bbox 586 2680 740 2736; x_wconf 86' lang='lat' dir='ltr'>Unde</span> <span class='ocrx_word' id='word_1_228' title='bbox 786 2686 1005 2735; x_wconf 87' lang='lat' dir='ltr'>moneta</span> <span class='ocrx_word' id='word_1_229' title='bbox 1035 2678 1252 2747; x_wconf 83' lang='lat' dir='ltr'>dicitur,</span> <span class='ocrx_word' id='word_1_230' title='bbox 1287 2678 1418 2751; x_wconf 90' lang='lat' dir='ltr'>quia</span> <span class='ocrx_word' id='word_1_231' title='bbox 1464 2684 1647 2734; x_wconf 89' lang='lat' dir='ltr'>monet</span> <span class='ocrx_word' id='word_1_232' title='bbox 1688 2684 1950 2744; x_wconf 82' lang='lat' dir='ltr'>mentem,</span> <span class='ocrx_word' id='word_1_233' title='bbox 2006 2695 2072 2733; x_wconf 91' lang='lat' dir='ltr'>ne</span> <span class='ocrx_word' id='word_1_234' title='bbox 2118 2678 2267 2737; x_wconf 80' lang='lat' dir='ltr'>fraus</span> <span class='ocrx_word' id='word_1_235' title='bbox 2303 2682 2466 2737; x_wconf 81' lang='lat' dir='ltr'>inter‘</span> 
     </span>
     <span class='ocr_line' id='line_1_29' title="bbox 437 2765 2444 2840; baseline 0.003 -19"><span class='ocrx_word' id='word_1_236' title='bbox 437 2768 706 2837; x_wconf 76' lang='lat' dir='ltr'>homineS,</span> <span class='ocrx_word' id='word_1_237' title='bbox 733 2782 858 2821; x_wconf 90' lang='lat' dir='ltr'>cum</span> <span class='ocrx_word' id='word_1_238' title='bbox 885 2767 959 2821; x_wconf 90' lang='lat' dir='ltr'>sit</span> <span class='ocrx_word' id='word_1_239' title='bbox 981 2782 1233 2822; x_wconf 86' lang='lat' dir='ltr'>mensura</span> <span class='ocrx_word' id='word_1_240' title='bbox 1258 2765 1462 2833; x_wconf 90' lang='lat' dir='ltr'>debita,</span> <span class='ocrx_word' id='word_1_241' title='bbox 1494 2767 1895 2834; x_wconf 84' lang='lat' dir='ltr'>committatur,</span> <span class='ocrx_word' id='word_1_242' title='bbox 1925 2775 1985 2824; x_wconf 90' lang='lat' dir='ltr'>ut</span> <span class='ocrx_word' id='word_1_243' title='bbox 2005 2767 2186 2840; x_wconf 83' lang='lat' dir='ltr'>imago</span> <span class='ocrx_word' id='word_1_244' title='bbox 2212 2771 2444 2827; x_wconf 80' lang='lat' dir='ltr'>Caesaris</span> 
     </span>
     <span class='ocr_line' id='line_1_30' title="bbox 437 2852 2446 2932; baseline 0.003 -23"><span class='ocrx_word' id='word_1_245' title='bbox 437 2855 511 2909; x_wconf 88' lang='lat' dir='ltr'>sit</span> <span class='ocrx_word' id='word_1_246' title='bbox 541 2854 596 2909; x_wconf 93' lang='lat' dir='ltr'>in</span> <span class='ocrx_word' id='word_1_247' title='bbox 637 2852 853 2910; x_wconf 88' lang='lat' dir='ltr'>homine</span> <span class='ocrx_word' id='word_1_248' title='bbox 881 2854 1037 2927; x_wconf 87' lang='lat' dir='ltr'>quasi</span> <span class='ocrx_word' id='word_1_249' title='bbox 1069 2854 1248 2925; x_wconf 83' lang='lat' dir='ltr'>imago</span> <span class='ocrx_word' id='word_1_250' title='bbox 1290 2854 1496 2921; x_wconf 84' lang='lat' dir='ltr'>divina,</span> <span class='ocrx_word' id='word_1_251' title='bbox 1529 2854 1672 2913; x_wconf 90' lang='lat' dir='ltr'>sicut</span> <span class='ocrx_word' id='word_1_252' title='bbox 1700 2856 2041 2928; x_wconf 84' lang='lat' dir='ltr'>Augustinus</span> <span class='ocrx_word' id='word_1_253' title='bbox 2069 2860 2291 2930; x_wconf 85' lang='lat' dir='ltr'>exponit</span> <span class='ocrx_word' id='word_1_254' title='bbox 2317 2876 2446 2932; x_wconf 86' lang='lat' dir='ltr'>per-</span> 
     </span>
     <span class='ocr_line' id='line_1_31' title="bbox 439 2942 2447 3019; baseline 0.003 -21"><span class='ocrx_word' id='word_1_255' title='bbox 439 2948 686 2998; x_wconf 83' lang='lat' dir='ltr'>tractans</span> <span class='ocrx_word' id='word_1_256' title='bbox 709 2942 914 2998; x_wconf 86' lang='lat' dir='ltr'>dictam</span> <span class='ocrx_word' id='word_1_257' title='bbox 939 2942 1247 2998; x_wconf 84' lang='lat' dir='ltr'>materiam.</span> <span class='ocrx_word' id='word_1_258' title='bbox 1277 2944 1564 2999; x_wconf 89' lang='lat' dir='ltr'>Numisma</span> <span class='ocrx_word' id='word_1_259' title='bbox 1588 2960 1720 3001; x_wconf 89' lang='lat' dir='ltr'>vero</span> <span class='ocrx_word' id='word_1_260' title='bbox 1749 2943 1951 3001; x_wconf 90' lang='lat' dir='ltr'>dicitur</span> <span class='ocrx_word' id='word_1_261' title='bbox 1979 2946 2109 3019; x_wconf 89' lang='lat' dir='ltr'>quia</span> <span class='ocrx_word' id='word_1_262' title='bbox 2138 2948 2447 3005; x_wconf 89' lang='lat' dir='ltr'>nominibus</span> 
     </span>
     <span class='ocr_line' id='line_1_32' title="bbox 437 3030 2446 3109; baseline 0.003 -23"><span class='ocrx_word' id='word_1_263' title='bbox 437 3032 748 3105; x_wconf 84' lang='lat' dir='ltr'>principum</span> <span class='ocrx_word' id='word_1_264' title='bbox 791 3030 1077 3104; x_wconf 84' lang='lat' dir='ltr'>effigieque</span> <span class='ocrx_word' id='word_1_265' title='bbox 1115 3031 1461 3103; x_wconf 86' lang='lat' dir='ltr'>designatur,</span> <span class='ocrx_word' id='word_1_266' title='bbox 1503 3038 1564 3088; x_wconf 90' lang='lat' dir='ltr'>ut</span> <span class='ocrx_word' id='word_1_267' title='bbox 1612 3031 1782 3089; x_wconf 87' lang='lat' dir='ltr'>tradit</span> <span class='ocrx_word' id='word_1_268' title='bbox 1832 3032 2093 3090; x_wconf 78' lang='lat' dir='ltr'>IsidoruS.</span> <span class='ocrx_word' id='word_1_269' title='bbox 2150 3036 2254 3092; x_wconf 88' lang='lat' dir='ltr'>Per</span> <span class='ocrx_word' id='word_1_270' title='bbox 2300 3037 2446 3109; x_wconf 90' lang='lat' dir='ltr'>quod</span> 
     </span>
     <span class='ocr_line' id='line_1_33' title="bbox 437 3112 2448 3194; baseline 0.001 -17"><span class='ocrx_word' id='word_1_271' title='bbox 437 3120 728 3177; x_wconf 79' lang='lat' dir='ltr'>manifeste</span> <span class='ocrx_word' id='word_1_272' title='bbox 753 3112 978 3193; x_wconf 81' lang='lat' dir='ltr'>apparet</span> <span class='ocrx_word' id='word_1_273' title='bbox 1007 3119 1154 3191; x_wconf 83' lang='lat' dir='ltr'>quod</span> <span class='ocrx_word' id='word_1_274' title='bbox 1191 3138 1258 3176; x_wconf 82' lang='lat' dir='ltr'>ex</span> <span class='ocrx_word' id='word_1_275' title='bbox 1283 3120 1613 3177; x_wconf 89' lang='lat' dir='ltr'>numismate</span> <span class='ocrx_word' id='word_1_276' title='bbox 1643 3122 1903 3194; x_wconf 85' lang='lat' dir='ltr'>majestas</span> <span class='ocrx_word' id='word_1_277' title='bbox 1930 3121 2275 3179; x_wconf 89' lang='lat' dir='ltr'>dominorum</span> <span class='ocrx_word' id='word_1_278' title='bbox 2300 3124 2448 3181; x_wconf 87' lang='lat' dir='ltr'>relu-</span> 
     </span>
     <span class='ocr_line' id='line_1_34' title="bbox 437 3209 2448 3289; baseline 0.001 -22"><span class='ocrx_word' id='word_1_279' title='bbox 437 3218 548 3277; x_wconf 88' lang='lat' dir='ltr'>cet,</span> <span class='ocrx_word' id='word_1_280' title='bbox 577 3214 632 3265; x_wconf 89' lang='lat' dir='ltr'>et</span> <span class='ocrx_word' id='word_1_281' title='bbox 680 3210 802 3265; x_wconf 85' lang='lat' dir='ltr'>ideo</span> <span class='ocrx_word' id='word_1_282' title='bbox 831 3209 1104 3275; x_wconf 79' lang='lat' dir='ltr'>civitatee,</span> <span class='ocrx_word' id='word_1_283' title='bbox 1137 3210 1252 3264; x_wconf 91' lang='lat' dir='ltr'>sive</span> <span class='ocrx_word' id='word_1_284' title='bbox 1295 3210 1587 3289; x_wconf 29' lang='lat' dir='ltr'>princi&#39;peS,</span> <span class='ocrx_word' id='word_1_285' title='bbox 1634 3210 1749 3266; x_wconf 86' lang='lat' dir='ltr'>sive</span> <span class='ocrx_word' id='word_1_286' title='bbox 1793 3210 2031 3282; x_wconf 84' lang='lat' dir='ltr'>praelati,</span> <span class='ocrx_word' id='word_1_287' title='bbox 2059 3210 2165 3267; x_wconf 89' lang='lat' dir='ltr'>hoc</span> <span class='ocrx_word' id='word_1_288' title='bbox 2208 3228 2305 3284; x_wconf 84' lang='lat' dir='ltr'>pro</span> <span class='ocrx_word' id='word_1_289' title='bbox 2346 3228 2448 3270; x_wconf 90' lang='lat' dir='ltr'>sua</span> 
     </span>
     <span class='ocr_line' id='line_1_35' title="bbox 407 3297 2450 3375; baseline 0.003 -24"><span class='ocrx_word' id='word_1_290' title='bbox 407 3300 612 3371; x_wconf 70' lang='lat' dir='ltr'>⁴gloria</span> <span class='ocrx_word' id='word_1_291' title='bbox 643 3298 993 3371; x_wconf 86' lang='lat' dir='ltr'>singulariter</span> <span class='ocrx_word' id='word_1_292' title='bbox 1029 3297 1102 3355; x_wconf 88' lang='lat' dir='ltr'>ab</span> <span class='ocrx_word' id='word_1_293' title='bbox 1144 3298 1569 3372; x_wconf 86' lang='lat' dir='ltr'>imperatoribus</span> <span class='ocrx_word' id='word_1_294' title='bbox 1598 3298 1894 3372; x_wconf 86' lang='lat' dir='ltr'>impetrant</span> <span class='ocrx_word' id='word_1_295' title='bbox 1936 3306 1997 3355; x_wconf 89' lang='lat' dir='ltr'>ut</span> <span class='ocrx_word' id='word_1_296' title='bbox 2041 3298 2281 3359; x_wconf 89' lang='lat' dir='ltr'>habeant</span> <span class='ocrx_word' id='word_1_297' title='bbox 2320 3316 2450 3375; x_wconf 84' lang='lat' dir='ltr'>spe·</span> 
     </span>
     <span class='ocr_line' id='line_1_36' title="bbox 438 3386 1822 3444; baseline -0.007 0"><span class='ocrx_word' id='word_1_298' title='bbox 438 3386 580 3444; x_wconf 88' lang='lat' dir='ltr'>ciale</span> <span class='ocrx_word' id='word_1_299' title='bbox 613 3387 902 3443; x_wconf 88' lang='lat' dir='ltr'>numisma.</span> <span class='ocrx_word' id='word_1_300' title='bbox 1815 3388 1822 3394; x_wconf 85' lang='lat'><em>&#39;</em></span> 
     </span>
    </p>

    <p class='ocr_par' dir='ltr' id='par_1_14' title="bbox 439 3473 2453 3726">
     <span class='ocr_line' id='line_1_37' title="bbox 509 3473 2447 3551; baseline 0.001 -18"><span class='ocrx_word' id='word_1_301' title='bbox 509 3478 738 3542; x_wconf 76' lang='lat' dir='ltr'>RursuS‚</span> <span class='ocrx_word' id='word_1_302' title='bbox 769 3474 1040 3531; x_wconf 87' lang='lat' dir='ltr'>numisma</span> <span class='ocrx_word' id='word_1_303' title='bbox 1080 3473 1361 3549; x_wconf 85' lang='lat' dir='ltr'>proprium</span> <span class='ocrx_word' id='word_1_304' title='bbox 1404 3475 1549 3533; x_wconf 91' lang='lat' dir='ltr'>cedit</span> <span class='ocrx_word' id='word_1_305' title='bbox 1591 3476 1646 3532; x_wconf 92' lang='lat' dir='ltr'>in</span> <span class='ocrx_word' id='word_1_306' title='bbox 1687 3476 2034 3533; x_wconf 89' lang='lat' dir='ltr'>commodum</span> <span class='ocrx_word' id='word_1_307' title='bbox 2073 3477 2357 3551; x_wconf 78' lang='lat' dir='ltr'>principis,</span> <span class='ocrx_word' id='word_1_308' title='bbox 2388 3484 2447 3535; x_wconf 89' lang='lat' dir='ltr'>ut</span> 
     </span>
     <span class='ocr_line' id='line_1_38' title="bbox 439 3553 2453 3640; baseline 0.002 -19"><span class='ocrx_word' id='word_1_309' title='bbox 439 3565 649 3621; x_wconf 87' lang='lat' dir='ltr'>dictum</span> <span class='ocrx_word' id='word_1_310' title='bbox 675 3569 757 3619; x_wconf 83' lang='lat' dir='ltr'>est</span> <span class='ocrx_word' id='word_1_311' title='bbox 795 3578 981 3636; x_wconf 88' lang='lat' dir='ltr'>supra,</span> <span class='ocrx_word' id='word_1_312' title='bbox 1007 3563 1142 3635; x_wconf 86' lang='lat' dir='ltr'>quia</span> <span class='ocrx_word' id='word_1_313' title='bbox 1184 3553 1282 3635; x_wconf 83' lang='lat' dir='ltr'>per</span> <span class='ocrx_word' id='word_1_314' title='bbox 1309 3564 1489 3636; x_wconf 87' lang='lat' dir='ltr'>ipsum</span> <span class='ocrx_word' id='word_1_315' title='bbox 1516 3572 1901 3622; x_wconf 86' lang='lat' dir='ltr'>mensurantur</span> <span class='ocrx_word' id='word_1_316' title='bbox 1932 3564 2161 3633; x_wconf 86' lang='lat' dir='ltr'>tributa,</span> <span class='ocrx_word' id='word_1_317' title='bbox 2210 3575 2266 3623; x_wconf 87' lang='lat' dir='ltr'>et</span> <span class='ocrx_word' id='word_1_318' title='bbox 2294 3582 2453 3640; x_wconf 82' lang='lat' dir='ltr'>quae-</span> 
     </span>
     <span class='ocr_line' id='line_1_39' title="bbox 439 3650 2453 3726; baseline 0.001 -18"><span class='ocrx_word' id='word_1_319' title='bbox 439 3668 678 3725; x_wconf 89' lang='lat' dir='ltr'>cumque</span> <span class='ocrx_word' id='word_1_320' title='bbox 722 3650 1036 3709; x_wconf 82' lang='lat' dir='ltr'>exactiones</span> <span class='ocrx_word' id='word_1_321' title='bbox 1075 3667 1201 3724; x_wconf 82' lang='lat' dir='ltr'>quae</span> <span class='ocrx_word' id='word_1_322' title='bbox 1231 3652 1366 3707; x_wconf 85' lang='lat' dir='ltr'>fiunt</span> <span class='ocrx_word' id='word_1_323' title='bbox 1395 3652 1449 3707; x_wconf 89' lang='lat' dir='ltr'>in</span> <span class='ocrx_word' id='word_1_324' title='bbox 1498 3653 1715 3725; x_wconf 87' lang='lat' dir='ltr'>populo,</span> <span class='ocrx_word' id='word_1_325' title='bbox 1745 3662 1806 3708; x_wconf 87' lang='lat' dir='ltr'>ut</span> <span class='ocrx_word' id='word_1_326' title='bbox 1843 3652 1901 3709; x_wconf 90' lang='lat' dir='ltr'>in</span> <span class='ocrx_word' id='word_1_327' title='bbox 1941 3654 2061 3726; x_wconf 77' lang='lat' dir='ltr'>lego</span> <span class='ocrx_word' id='word_1_328' title='bbox 2090 3655 2453 3714; x_wconf 87' lang='lat' dir='ltr'>mandabatur</span> 
     </span>
    </p>
   </div>
   <div class='ocr_carea' id='block_1_3' title="bbox 441 3739 2453 3882">
    <p class='ocr_par' dir='ltr' id='par_1_15' title="bbox 441 3739 2453 3882">
     <span class='ocr_line' id='line_1_40' title="bbox 441 3739 2453 3819; baseline 0.003 -24"><span class='ocrx_word' id='word_1_329' title='bbox 441 3739 648 3804; x_wconf 86' lang='lat' dir='ltr'>divina,</span> <span class='ocrx_word' id='word_1_330' title='bbox 691 3741 839 3796; x_wconf 84' lang='lat' dir='ltr'>circa</span> <span class='ocrx_word' id='word_1_331' title='bbox 887 3740 1194 3797; x_wconf 88' lang='lat' dir='ltr'>oblationes</span> <span class='ocrx_word' id='word_1_332' title='bbox 1235 3740 1511 3811; x_wconf 84' lang='lat' dir='ltr'>videlicet,</span> <span class='ocrx_word' id='word_1_333' title='bbox 1540 3749 1596 3797; x_wconf 84' lang='lat' dir='ltr'>ot</span> <span class='ocrx_word' id='word_1_334' title='bbox 1640 3741 2048 3815; x_wconf 78' lang='lat' dir='ltr'>redemptiones</span> <span class='ocrx_word' id='word_1_335' title='bbox 2076 3760 2453 3819; x_wconf 88' lang='lat' dir='ltr'>quascumque</span> 
     </span>
     <span class='ocr_line' id='line_1_41' title="bbox 443 3825 866 3882; baseline 0 -1"><span class='ocrx_word' id='word_1_336' title='bbox 443 3825 699 3881; x_wconf 82' lang='lat' dir='ltr'>sacrificii</span> <span class='ocrx_word' id='word_1_337' title='bbox 727 3826 866 3882; x_wconf 90' lang='lat' dir='ltr'>loco.</span> 
     </span>
    </p>
   </div>
   <div class='ocr_carea' id='block_1_4' title="bbox 2482 229 2514 321">
    <p class='ocr_par' dir='ltr' id='par_1_16' title="bbox 2482 229 2514 321">
     <span class='ocr_line' id='line_1_42' title="bbox 2482 229 2514 321; baseline 0 0"><span class='ocrx_word' id='word_1_338' title='bbox 2482 229 2514 321; x_wconf 74' lang='lat' dir='ltr'><em>l</em></span> 
     </span>
    </p>
   </div>
   <div class='ocr_carea' id='block_1_5' title="bbox 2732 226 2743 1021">
    <p class='ocr_par' dir='ltr' id='par_1_17' title="bbox 2732 226 2743 1021">
     <span class='ocr_line' id='line_1_43' title="bbox 2732 226 2743 1021; baseline 0 0"><span class='ocrx_word' id='word_1_339' title='bbox 2732 226 2743 1021; x_wconf 95' lang='lat' dir='ltr'> </span> 
     </span>
    </p>
   </div>
  </div>
 </body>
</html>
