2784 4392
493 259 500 266 '
547 277 683 326 x1v.
708 291 790 308 -
817 257 1058 326 course.
1097 279 1317 329 rurus.
1367 279 1470 329 om
1511 279 1687 330 cum.
1728 280 1807 329 nr
1838 282 2063 338 neme.
2190 262 2307 332 1111

299 390 478 466 ligiosi
519 408 628 460 non
669 400 895 470 possunt
931 395 1152 468 propria
1181 395 1512 456 auctoritate
1551 395 1915 456 confessiones
1950 397 2169 468 audir03
2201 413 2307 457 non

296 489 482 540 autem
529 481 853 552 excluditur,
903 483 1034 558 quin
1065 483 1274 556 possint
1320 485 1511 545 audire
1538 500 1604 544 ex
1650 481 1979 544 auctoritate
2021 488 2183 562 Papae
2222 485 2309 546 vol

295 571 571 644 Episcopi,
597 579 656 626 ut
678 571 963 628 manifeste
988 572 1217 628 habetur
1235 585 1356 640 xvi,
1382 573 1616 647 quaestio
1633 575 1655 630 rt
1672 617 1685 643 ,
1707 573 1982 634 Pervenit.
2000 576 2116 635 Nec
2141 575 2307 634 etiam

298 659 444 733 quod
473 659 720 736 ,religiosi
751 661 859 719 sint
888 661 1066 720 minus
1095 661 1273 720 idonei
1305 662 1374 720 ad
1418 662 1747 734 hujusmodi,
1800 679 1965 738 quam
1992 662 2305 730 aaeculareS,
2360 655 2363 658 ⁴

297 756 359 806 ut
388 755 542 824 patet
564 764 688 818 xvi,
719 750 951 822 quaestio
981 752 1032 818 l,
1063 749 1202 811 Sunt
1226 757 1401 810 tamen
1432 751 1697 810 nonnulli.
1969 827 1973 832 .

325 837 452 896 ‘Ad
499 836 648 896 aliud
689 839 835 914 quod
881 845 1070 910 postea
1116 839 1393 912 oincitur,
1442 840 1587 914 quod
1637 839 1941 914 presbyteri
1972 839 2311 914 parochiales

228 997 232 1003 ἰ
299 941 426 984 cum
453 926 563 984 sint
591 933 832 984 rectores
861 927 1185 996 animarum,
1219 928 1418 988 debent
1447 928 1737 1000 diligenter
1773 945 2067 1000 agnoscere
2095 930 2307 990 vultum

299 1015 510 1086 pecoris
539 1015 643 1074 sibi
671 1016 968 1084 commissi,
1013 1016 1157 1090 quod
1195 1032 1302 1077 non
1344 1025 1575 1091 possunt
1604 1016 1784 1077 facere
1813 1017 1916 1079 nisi
1946 1034 2134 1076 eorum
2173 1033 2311 1078 con-

300 1103 562 1162 sessiones
585 1105 830 1174 audiant,
861 1105 1152 1165 dicendum
1177 1105 1323 1184 quod
1355 1105 1423 1162 de
1455 1106 1699 1168 bonitate
1725 1107 1808 1168 vel
1841 1107 2049 1168 malitia
2080 1106 2309 1182 alicujus

299 1203 550 1252 constare
582 1200 759 1268 potest
795 1194 955 1253 alicui
988 1210 1094 1254 non
1123 1195 1299 1256 solum
1328 1211 1426 1270 per
1459 1196 1733 1272 propriam
1762 1195 2177 1262 confessionem,
2214 1195 2309 1252 sed

301 1282 467 1340 etiam
509 1299 606 1358 per
639 1283 966 1344 sententiam
1000 1280 1296 1355 superioris
1333 1285 1401 1344 de
1435 1300 1500 1346 co
1530 1283 1717 1344 latam.
1749 1285 1905 1346 Unde
1938 1285 1983 1342 si
2007 1285 2309 1362 Episcopus

299 1373 578 1430 subditum
620 1373 922 1432 sacerdotis
949 1373 1216 1440 absolvat,
1248 1373 1332 1432 vel
1379 1389 1473 1447 per
1501 1389 1579 1445 se,
1624 1373 1708 1432 vel
1754 1391 1850 1449 per
1878 1374 2043 1434 alium
2076 1374 2161 1432 cui
2196 1375 2311 1452 ipso

299 1462 594 1530 commisit,
636 1461 891 1519 sacerdos
933 1461 1260 1534 parochialis
1297 1461 1376 1520 ita
1413 1461 1574 1521 debet
1602 1479 1659 1522 se
1690 1472 1946 1538 reputare
1980 1478 2309 1534 cognoscere

300 1567 425 1610 eum
449 1566 534 1608 ac
569 1550 616 1608 si
644 1550 748 1608 sibi
777 1549 1057 1606 confessus
1100 1557 1264 1618 esset,
1295 1565 1421 1610 cum
1454 1553 1569 1626 jam
1602 1549 1674 1611 sit
1710 1568 1804 1622 per
1832 1551 2129 1624 superioris
2178 1569 2307 1614 sen-

301 1641 530 1698 tentiam
570 1637 918 1714 approbatus,
958 1637 1026 1696 de
1054 1653 1164 1710 qua
1205 1638 1256 1696 ei
1289 1638 1539 1710 judicare
1578 1654 1684 1700 non
1723 1639 1869 1698 licet.
1914 1640 1981 1696 Et
2019 1647 2309 1714 praeterea,

299 1728 560 1786 sacerdos
593 1727 804 1784 vultum
833 1728 950 1798 ejus
977 1726 1113 1782 satis
1143 1729 1321 1800 potest
1359 1742 1672 1801 agnoscere,
1706 1728 1749 1785 si
1782 1727 2081 1790 socundurn'
2114 1729 2308 1790 decre-

299 1817 472 1873 talem
494 1815 662 1872 semel
689 1815 740 1873 in
773 1830 912 1871 anno
938 1814 1261 1874 confiteatur
1289 1815 1359 1874 ci.
1970 1843 1979 1848 ·

369 1905 455 1964 Ad
495 1904 624 1963 illud
667 1903 810 1980 quod
841 1909 1026 1977 postea
1058 1903 1331 1976 objicitur,
1379 1905 1523 1980 quod
1554 1905 1783 1982 quilibet
1819 1913 2035 1968 tenetur
2078 1906 2134 1968 in
2169 1925 2309 1968 anno

300 1994 465 2052 semel
497 1994 764 2060 confiteri,
805 1992 1092 2053 dicendum
1131 1994 1274 2072 quod
1304 1997 1563 2054 sacerdos
1596 1997 1844 2071 proprius
1875 2013 1977 2056 non
2013 1997 2190 2058 solum
2224 2006 2308 2058 est

299 2083 644 2158 parochialis,
689 2083 786 2140 sed
810 2083 976 2140 etiam
1003 2083 1305 2160 Episcopus
1334 2083 1419 2143 vel
1464 2085 1628 2158 Papa,
1657 2085 1725 2142 ad
1756 2101 1893 2160 quos
1925 2086 2092 2146 etiam
2137 2087 2309 2158 magis

301 2173 539 2246 pertinet
561 2165 692 2230 cura
714 2172 850 2244 ejus,
879 2186 1042 2244 quam
1065 2171 1133 2230 ad
1157 2172 1519 2240 sacerdotem,
1551 2180 1609 2232 ut
1634 2173 2011 2248 multipliciter»
2030 2181 2307 2235 ostensum
2404 2184 2414 2191 '

301 2270 405 2321 est,
455 2261 738 2338 Proprium
779 2260 922 2317 enim
961 2259 1048 2317 liic
1077 2275 1182 2320 non
1223 2261 1489 2334 accipitur
1532 2263 1831 2322 secundum
1861 2262 2005 2336 quod
2046 2263 2309 2324 dividitur

300 2359 490 2407 contra
521 2355 827 2415 commune,
860 2348 956 2403 sed
995 2347 1292 2404 secundum
1321 2349 1465 2420 quod
1502 2349 1783 2416 dividitur,
1817 2356 2008 2412 contra
2048 2351 2306 2414 alienum.

300 2441 454 2500 Unde
480 2438 574 2516 qui
599 2439 880 2496 confessus
900 2447 983 2494 est
1007 2437 1272 2513 Episcopo
1289 2451 1408 2502 suo,
1434 2435 1519 2496 vel
1544 2436 1701 2496 alicui
1724 2438 1945 2498 habenti
1972 2440 2145 2496 vicem
2168 2442 2303 2514 ejuS,

299 2529 582 2586 confessus
616 2534 700 2587 est
729 2527 948 2600 proprio
985 2525 1278 2584 sacerdoti.
1311 2524 1376 2584 Et
1406 2532 1673 2600 praeterea
1710 2542 1806 2600 per
1849 2527 1951 2582 hoc
1985 2541 2089 2585 non
2122 2529 2309 2586 exclu-

301 2618 470 2684 ditur,
503 2617 548 2671 si
579 2615 744 2672 semel
773 2616 826 2669 in
853 2629 992 2670 anno
1018 2613 1309 2673 confitetur
1339 2613 1607 2672 sacerdoti
1641 2614 1879 2690 propri0,
1906 2614 2115 2674 scilicet
2147 2630 2309 2689 paro-

300 2705 484 2773 chiali,
514 2705 642 2762 dato
669 2704 814 2778 quod
844 2703 912 2760 de
937 2719 1002 2763 eo
1025 2710 1236 2763 tantum
1261 2702 1617 2776 intelligatur,
1650 2703 1782 2774 quin
1810 2703 1982 2780 possit
2012 2703 2135 2765 aliis
2170 2703 2309 2764 vici·

301 2797 404 2852 bus
432 2794 554 2852 aliis
583 2795 749 2850 etiam
777 2793 1042 2860 confiteri,
1072 2795 1164 2870 qui
1193 2799 1524 2865 potestatem
1554 2791 1789 2852 habeant
1820 2793 2157 2852 absolvendi.

371 2884 454 2944 Ad
485 2883 630 2940 aliud
663 2882 808 2956 quod
841 2888 1027 2954 postea
1054 2882 1326 2954 objicitur,
1369 2881 1511 2956 quod
1550 2898 1653 2940 non
1684 2891 1862 2954 potest
1901 2883 2041 2941 scire
2071 2899 2193 2943 eum
2222 2883 2311 2942 di-

299 2989 466 3046 gnum
489 2988 626 3039 esse,
655 2981 716 3026 ut
741 2971 1063 3030 admittatur
1087 2971 1153 3028 ad
1175 2977 1577 3034 sacramentum
1598 2970 1975 3038 Eucharistiae,
1998 2971 2097 3032 nisi
2122 2972 2310 3032 audita

298 3063 418 3134 ejus
453 3060 812 3126 consessione,
855 3057 1146 3117 dicendum
1189 3059 1332 3135 quod
1381 3059 1575 3118 salsum
1620 3065 1722 3116 est.
1770 3060 1953 3118 Potest
1996 3059 2141 3117 enirn
2170 3060 2309 3120 scire

299 3167 398 3224 per
433 3141 764 3208 sententiam
793 3149 1090 3220 superioris
1127 3149 1218 3224 qui
1249 3163 1372 3208 eum
1404 3148 1457 3207 in
1498 3147 1613 3205 foro
1650 3146 2013 3223 poenitentiali
2053 3145 2306 3217 absolvit,

297 3239 456 3310 cujus
482 3237 768 3294 sententiae
794 3237 926 3295 stari
958 3235 1120 3293 debet
1145 3251 1248 3294 non
1275 3236 1454 3293 minus
1483 3250 1648 3313 quam
1676 3250 1811 3293 suae.

367 3327 452 3386 Ad
502 3326 556 3382 id
599 3326 743 3400 quod
783 3332 974 3398 postea
1004 3325 1266 3398 objicitur.
1312 3325 1457 3398 qnod
1508 3325 1552 3382 si
1593 3323 1791 3398 aliquis
1834 3329 2015 3396 potest
2060 3323 2334 3383 confiteri«

295 3416 457 3474 alteri
489 3431 652 3492 quam
695 3406 916 3492 proprio
962 3415 1256 3482 sacerdoti,
1298 3415 1462 3473 datur
1500 3429 1593 3489 per
1623 3413 1724 3474 hoc
1762 3413 1977 3472 occasio
2006 3413 2195 3470 multis
2226 3412 2307 3483 la·

298 3507 470 3574 tendi,
515 3506 805 3564 dicendum
841 3505 984 3580 quod
1020 3504 1214 3563 falsum
1245 3511 1346 3562 ast.
1380 3505 1511 3561 Cum
1540 3504 1684 3562 enim
1714 3503 1767 3562 in
1799 3503 1915 3565 soro
1944 3501 2307 3579 poenitentiali

297 3594 524 3652 cuilibet
548 3595 619 3652 sit
647 3593 977 3651 credendum
1009 3603 1064 3648 ct
1094 3608 1190 3665 pro
1219 3607 1279 3651 se
1309 3600 1361 3647 et
1387 3599 1577 3650 contra
1606 3607 1683 3662 se,
1711 3593 1967 3652 sacerdos
1997 3591 2159 3649 debet
2184 3607 2307 3650 cra-

297 3684 428 3740 dere
455 3699 577 3738 eum
603 3683 908 3741 confessum
934 3697 1074 3748 esse,
1109 3682 1153 3740 si
1180 3696 1240 3740 so
1261 3680 1566 3752 confessum
1598 3681 1867 3755 fateatur3
1895 3683 2023 3756 quia
2050 3690 2103 3738 et
2132 3680 2175 3736 si
2202 3680 2307 3736 sibi

297 3773 670 3842 confiteretur,
710 3780 894 3848 posset
925 3785 1047 3828 curn
1087 3769 1357 3844 decipere,
1390 3775 1453 3826 ut
1480 3768 1773 3830 levioribus
1801 3770 2063 3829 confessis
2100 3770 2309 3842 majora

298 3868 504 3928 taceat.
543 3861 610 3929 Et
657 3869 945 3939 praeterea,
990 3859 1121 3928 dato
1167 3859 1313 3942 quod
1353 3875 1421 3926 ex
1463 3858 1567 3926 boc
1603 3859 1829 3928 daretur
1866 3858 2051 3938 aliqua
2093 3858 2309 3928 occasio
