2784 4392
569 264 702 314 xiv.
733 278 813 341 -j
837 262 1082 313 comae
1121 261 1337 313 meve.
1383 261 1488 313 pm
1528 262 1703 312 cum.
1748 265 1826 313 m*
1866 266 2071 316 name.
2208 249 2323 317 125

319 384 443 441 Sine
467 392 530 443 ut
555 386 759 443 mortui
797 384 1048 459 sepeliant
1075 392 1312 443 mortuos
1339 400 1478 451 suos,
1506 391 1566 441 tu
1597 390 1773 442 autem
1801 385 1951 452 vade,
1986 394 2037 445 et
2064 387 2331 444 annuntia

319 490 540 547 requam
575 474 697 533 Dei.
729 474 923 532 Glossa
955 492 968 532 ε
1003 494 1030 527 «
1064 474 1326 531 Dominus
1355 476 1517 531 docet
1556 474 1696 531 bona
1728 476 1934 531 minora
1964 492 2062 549 pro
2091 476 2331 533 utilitate

319 565 588 636 majorum
611 579 732 621 esse
753 564 1245 637 praetermittenda.
1273 565 1448 636 Majus
1472 570 1555 619 est
1584 565 1729 621 enim
1755 566 1964 623 animas
1990 572 2328 623 mortuorum

321 654 667 725 praedicando
714 654 1000 721 suscitare,
1047 669 1213 727 quam
1241 669 1439 726 corpus
1484 652 1685 709 mortui
1719 661 1863 709 terra
1901 654 2256 711 abscondere.
2301 674 2328 708 >2

318 742 459 813 Ergo
497 749 552 798 et
588 740 666 795 illi
697 742 792 813 qui
820 740 970 798 licite
1004 742 1304 817 praedicare
1345 750 1573 814 possunt
1606 741 2098 815 qualitercumque,
2132 744 2331 801 debent

318 829 560 887 laborem
587 846 846 887 manuum
872 837 1095 905 propter
1121 830 1567 897 praedicationem
1594 830 1978 887 intermittere.
2191 824 2197 829 ’

387 921 551 975 Item..
575 920 695 977 Non
725 929 808 976 est
836 920 1094 992 possibile
1123 920 1303 976 studio
1333 936 1507 977 sacrae
1542 921 1840 993 Scripturae
1874 922 2131 979 continuo
2160 921 2328 977 insis-

318 1016 455 1079 tere,
489 1015 546 1065 et
581 1009 648 1065 de
685 1008 868 1065 labore
903 1026 1162 1065 manuum
1193 1012 1403 1066 victum
1428 1026 1693 1081 quaerere,
1726 1012 1820 1067 sed
1863 1011 2004 1067 sicut
2030 1012 2329 1083 Gregorius

316 1098 372 1154 in
400 1098 674 1155 Pastorali
699 1099 851 1167 dicit,
885 1115 1158 1173 exponens
1189 1098 1320 1177 illud
1352 1100 1497 1173 quod
1525 1099 1725 1157 dicitur
1754 1100 1924 1156 Exod.
1952 1117 2073 1157 xxv
2102 1118 2115 1155 z
2157 1102 2331 1159 Vectes

315 1202 518 1259 semper
545 1194 706 1243 erunt
747 1186 808 1242 in
846 1188 1102 1244 circulis:
1135 1208 1159 1240 α
1201 1189 1472 1245 Nimirum
1498 1204 1720 1245 necesse
1757 1196 1861 1257 est,
1905 1190 2102 1263 inquit,
2133 1198 2191 1245 ut
2234 1190 2328 1263 qui

315 1277 386 1331 ad
415 1275 652 1333 officium
692 1276 1100 1349 praedicationis
1137 1276 1425 1344 excubant,
1460 1294 1492 1333 a
1520 1293 1693 1335 sacrae
1722 1277 1971 1341 lectionis
2004 1274 2327 1358 studios-non

314 1365 592 1431 recedant,
623 1370 682 1420 ut
713 1365 920 1422 scilicet
950 1382 1164 1439 semper
1196 1366 1306 1421 sint
1335 1366 1513 1439 parati
1550 1368 1618 1423 ad
1649 1367 2055 1438 praedicandum
2087 1368 2189 1423 etsi
2218 1383 2324 1423 non

315 1470 529 1526 semper
561 1454 879 1527 praedicent,
914 1474 938 1506 n
973 1461 1032 1509 ut
1065 1461 1218 1529 patet
1247 1471 1342 1528 per
1368 1470 1433 1511 ea
1464 1470 1587 1526 quae
1610 1455 1683 1509 ibi
1716 1455 2041 1511 subduntur.
2073 1455 2215 1525 Ergo
2245 1454 2323 1510 illi

315 1544 410 1616 qui
451 1544 517 1599 ad
568 1543 975 1617 praedicandum
1007 1544 1254 1617 deputati
1297 1552 1440 1610 sunt,
1488 1544 1604 1597 sive
1642 1558 1708 1597 ex
1737 1543 1956 1615 propria
1996 1544 2325 1598 auctoritate

315 1634 457 1689 sicut
491 1631 722 1705 praelati,
764 1632 880 1710 sive
907 1648 975 1687 ex
1004 1632 1352 1705 praelatorum
1391 1632 1793 1699 commissione,
1836 1630 2036 1687 debent
2064 1646 2097 1689 a
2140 1630 2325 1689 labore

315 1736 574 1777 manuum
597 1736 832 1785 cessare,
868 1728 928 1776 ut
950 1720 1131 1775 studio
1159 1728 1374 1776 vacent.

383 1812 538 1865 Item.
590 1810 746 1879 Quod
791 1809 1029 1880 religiosi
1069 1816 1294 1882 possunt
1337 1808 1521 1865 labore
1564 1818 1822 1865 manuum
1861 1808 2110 1876 dimisse,
2142 1808 2324 1867 studio

313 1914 486 1957 sacrae
515 1898 812 1971 Scripturae
855 1898 1061 1971 absque
1100 1897 1519 1971 reprehensione
1548 1914 1745 1955 vacare
1777 1904 1927 1969 patet
1959 1914 2051 1971 per
2080 1898 2135 1953 id
2178 1900 2324 1972 quod

313 1988 449 2045 dicit
487 1989 848 2061 Hieronymus
887 1988 942 2043 in
979 1987 1205 2061 Proloyo
1229 2004 1390 2059 super
1418 1987 1516 2043 Job
1561 2004 1578 2044 .·
1610 2008 1634 2039 α
1664 1988 1718 2044 Si
1744 1995 1839 2043 aut
1877 1987 2134 2043 fiscellam
2154 1990 2323 2060 junco

315 2084 574 2143 texerem,
621 2084 718 2132 aut
761 2075 1065 2148 palmarum
1110 2075 1238 2131 folia
1269 2075 1672 2147 complicarem,
1723 2080 1782 2129 ut
1822 2075 1878 2130 in
1916 2076 2113 2131 sudore
2144 2076 2326 2132 vultus

315 2168 420 2223 mei
449 2165 790 2221 comederem
826 2180 1043 2238 panem,
1081 2170 1145 2235 ¹et
1178 2165 1383 2221 ventris
1414 2181 1549 2238 opus
1587 2164 1823 2220 sollicita
1854 2172 2033 2231 mente
2074 2173 2324 2237 pertrac-

315 2262 508 2321 tarem,
553 2253 732 2309 nullus
776 2253 1067 2319 morderet,
1101 2268 1259 2309 nemo
1290 2252 1729 2325 reprehenderet.
1772 2253 1931 2309 Nunc
1970 2261 2152 2309 autem
2193 2254 2323 2327 quia

309 2345 465 2417 juxta
494 2342 820 2399 sententiam
849 2341 1166 2407 Salvatoris,
1207 2342 1329 2398 volo
1361 2341 1571 2413 operari
1603 2341 1783 2395 cibum
1814 2342 1906 2413 qui
1950 2357 2055 2395 non
2100 2342 2243 2414 perit
2269 2348 2325 2396 et

315 2431 595 2505 antiquam
626 2429 934 2485 divinorum
966 2426 1300 2484 voluminum
1337 2428 1487 2483 viam
1514 2426 1759 2481 sentibus
1789 2427 2147 2499 virgultisque
2192 2444 2324 2497 pur-

315 2534 461 2591 gare,
495 2534 648 2575 error
680 2517 810 2573 mihi
840 2518 1088 2589 geminus
1124 2516 1449 2589 injungitur.
1498 2535 1525 2567 »
1555 2516 1623 2571 Et
1667 2514 1805 2569 infra
1847 2530 1861 2569 t
1893 2534 1919 2565 «
1958 2514 2319 2585 Quapropter,

315 2622 348 2664 o
372 2607 566 2663 fratres
581 2606 937 2673 dilectissimi,
962 2621 1058 2678 pro
1081 2604 1312 2671 flabello,
1345 2604 1559 2671 calatiS,
1579 2601 1960 2675 sportelISque,
1991 2601 2326 2657 munusculis

307 2696 700 2752 ‘monachorum
729 2693 1034 2767 spiritualia
1065 2694 1181 2751 baec
1223 2701 1278 2749 et
1306 2709 1560 2749 mansura
1598 2692 1738 2747 dona
1782 2689 2064 2762 suscipite.
2118 2709 2143 2742 ›>
2184 2690 2323 2761 Ergo

315 2789 466 2855 patet
505 2782 650 2854 quod
692 2780 888 2837 beatus
916 2782 1280 2855 Hieronymus
1317 2781 1411 2853 qui
1456 2786 1573 2837 erat
1606 2779 1920 2845 monachuS,
1966 2777 2085 2835 loco
2126 2775 2326 2833 laboris·

317 2870 584 2928 manualis
623 2870 865 2926 studium
896 2886 1068 2927 sacrae
1094 2870 1391 2941 Scripturae
1440 2874 1829 2940 assumpserat,
1878 2868 1945 2922 de
1994 2883 2103 2941 quo
2144 2868 2327 2922 tamen

317 2960 386 3017 ab
405 2959 605 3015 invidis
626 2957 1141 3030 reprehendebatur.
1164 2958 1306 3029 Ergo
1331 2963 1386 3013 et
1412 2956 1532 3013 aliis
1556 2952 1949 3029 religiosissime
1970 2956 2147 3029 ipsum
2173 2955 2321 3023 licet,

317 3054 816 3121 quantumcumque
844 3053 1183 3113 murmurent
1205 3047 1567 3101 detractores.

386 3139 543 3193 ltem.
572 3137 908 3207 Augustinus
937 3136 992 3190 in
1023 3135 1114 3191 lib.
1150 3135 1225 3190 De
1254 3150 1409 3207 opere
1435 3150 1578 3189 mon.
1606 3149 1625 3190 :
1658 3154 1683 3187 α
1719 3133 1821 3202 Qui
1851 3133 2063 3200 relicta,
2092 3130 2176 3187 vel
2207 3131 2326 3187 dis-

317 3226 540 3291 tributa,
592 3227 706 3281 sive
749 3225 947 3297 ampla,
981 3226 1095 3279 sive
1125 3223 1512 3299 qualicumque
1547 3222 1841 3295 opulentia,
1876 3222 2019 3276 inter
2063 3235 2332 3291 pauperes

317 3314 514 3371 Christi
546 3313 636 3384 pia
660 3322 715 3369 et
740 3314 938 3371 salubri
969 3314 1276 3369 humilitate
1301 3310 1575 3369 numerari
1603 3310 1893 3376 voluerint,
1920 3310 1964 3363 si
1995 3323 2221 3379 corpore
2251 3309 2329 3363 ita

317 3400 523 3466 valent,
557 3407 612 3455 et
642 3399 712 3455 ab
748 3401 1134 3457 ecclesiasticis
1163 3398 1613 3472 occupationibus
1650 3406 1867 3463 vacant,
1901 3397 1946 3450 si
1977 3402 2031 3450 et
2067 3395 2167 3466 ipsi
2206 3410 2331 3451 ma-

317 3490 479 3548 nibus
513 3493 828 3561 operentur,
867 3495 929 3543 ut
965 3489 1132 3561 pigris
1163 3488 1412 3544 auferant
1447 3488 1873 3549 excusationem,
1908 3484 2075 3538 multo
2111 3482 2331 3538 miseri-

319 3578 540 3636 cordius
571 3582 758 3648 agunt,
785 3592 952 3650 quam
980 3592 1103 3631 cum
1129 3576 1312 3632 omnia
1340 3590 1439 3631 sua
1465 3571 1830 3644 indigentibus
1854 3571 2175 3627 diviserunt.
2203 3590 2228 3623 n
2252 3571 2332 3627 Ex

321 3684 430 3741 quo
463 3674 615 3739 patet
647 3666 791 3738 quod
826 3672 937 3721 tam
975 3664 1096 3720 illos
1137 3663 1230 3735 qui
1267 3678 1494 3737 corpore
1521 3678 1625 3736 non
1651 3660 1853 3728 valent,
1883 3675 2048 3733 quam
2084 3658 2201 3714 illos
2238 3660 2333 3732 qui

323 3755 712 3813 ecclesiasticis
730 3753 981 3828 operibus
1007 3752 1374 3825 implicantur,
1398 3767 1503 3807 non
1518 3751 1635 3806 vult
1663 3748 1911 3805 manibus
1940 3748 2215 3817 laborare3
2238 3750 2333 3805 sed

324 3838 472 3901 inter
497 3845 896 3903 ecclesiasticas
925 3843 1331 3917 occupationeS,
1365 3836 1683 3915 praedicatio
1709 3846 1793 3895 est
1815 3839 1997 3896 utilior
2023 3847 2079 3895 et
2098 3838 2333 3910 dignior,
