2784 4392
560 301 695 349 xrv.
723 299 1072 350 -oormu
1109 301 1328 350 mue.
1370 301 1477 350 nm
1517 303 1691 350 cunr.
1735 304 1813 351 m·
1852 304 2060 353 numo.
2194 288 2314 351 229

303 412 506 488 gratim
533 421 904 488 consequatur
938 430 974 476 a
999 414 1237 482 Christo,
1259 428 1369 475 non
1408 414 1613 475 debent
1651 416 1895 492 religiosi
1932 433 2060 478 cum
2095 417 2183 477 his
2219 421 2316 492 qui

298 511 434 560 suot
461 505 518 562 in
541 504 794 563 saeculari
819 503 1088 576 dignitate
1114 505 1466 565 commorari.

373 595 534 653 Item.
564 595 931 667 Hieronymus
968 593 1038 650 ad
1081 593 1367 652 Paulinum
1409 595 1792 668 presbyterum
1825 613 1839 653 ε
1877 617 1906 652 c
1934 597 2315 658 multitudines

185 700 190 705 ·
300 683 585 739 hominum
613 690 669 739 et
711 682 908 750 officia,
933 688 989 738 et
1025 681 1405 751 salutationeS,
1429 692 1486 740 et
1525 685 1799 753 convivia,
1827 685 1997 744 veluti
2045 691 2315 762 quasdam

299 780 528 830 catenas
553 773 734 844 fugias
755 771 1120 844 voluptatum.
1155 789 1182 826 »
1207 773 1314 830 Sed
1342 773 1401 832 in
1427 774 1597 832 curiis
1628 774 1937 850 principum
1978 781 2314 836 conveniunt

301 861 682 919 multitudines
703 867 762 918 et
787 861 1041 920 convivia
1080 860 1521 934 frequentantur.
1546 862 1693 936 Ergo
1730 865 1972 938 religiosi
2000 866 2077 924 ibi
2105 870 2311 926 morari

299 951 780 1097 ῃοῖιέιξιξηὲζοιὶυε
805 1039 942 1096 dicit
965 1039 1023 1098 in
1043 1039 1170 1098 libr.
1195 1040 1276 1098 De
1303 1041 1579 1110 nomiae,
1605 1043 1754 1114 quod
1782 1043 1862 1100 illi
1888 1044 1985 1118 qui
2022 1044 2079 1103 in
2105 1054 2308 1120 poten-

297 1131 375 1188 tia
417 1129 740 1202 gloriantur,
770 1136 1026 1202 quaerunt
1060 1129 1148 1188 vei
1199 1146 1431 1204 regnare
1466 1130 1553 1188 vel
1598 1132 1955 1204 regnantibus
1995 1135 2303 1196 adhaerere.

293 1219 402 1276 Sed
445 1219 548 1275 hoc
588 1227 672 1276 est
709 1219 1054 1291 reprobabile
1093 1219 1148 1276 in
1192 1221 1463 1292 religiosis
1500 1221 1595 1294 qui
1632 1223 1893 1279 humilem
1925 1225 2094 1282 vitam
2122 1227 2309 1300 elege-

296 1317 442 1374 runt,
474 1308 623 1380 quod
665 1309 720 1363 in
763 1309 1008 1381 potentia
1045 1308 1366 1380 glorientur.
1418 1308 1559 1382 Ergo
1606 1311 1967 1383 regnantibus
2018 1315 2303 1374 adhaerere

295 1397 703 1542 ῃοῖιέιξιξὶθὲζτη
738 1485 972 1542 honores
1011 1485 1082 1542 ad
1128 1485 1444 1558 snperbiam
1488 1486 1621 1544 vitae
1664 1489 1995 1559 pertineant,
2043 1494 2173 1565 'quae
2216 1501 2302 1551 est

210 1603 216 1608 ·
293 1589 462 1632 unum
490 1576 560 1631 de
590 1575 764 1630 tribus
787 1589 914 1647 quae
945 1575 1000 1630 in
1027 1575 1228 1632 mundo
1267 1575 1653 1646 reprobantur,
1686 1575 1925 1648 religiosi
1970 1580 2068 1650 qui
2098 1582 2301 1637 mundo

291 1665 831 1730 abrenuntiaverunt,
846 1661 1048 1720 debent
1075 1662 1148 1718 ab
1170 1661 1257 1719 his
1282 1677 1411 1736 quae
1436 1663 1508 1722 ad
1530 1663 1792 1722 honorem
1818 1665 2095 1738 pertinent
2122 1669 2297 1728 absti-

291 1769 442 1810 nere.

360 1843 467 1900 Sed
494 1842 598 1898 hoe
629 1841 846 1898 videtur
873 1841 942 1898 ad
979 1839 1241 1898 honorem
1267 1841 1564 1914 pertinere,
1594 1841 1746 1916 quod
1790 1844 1990 1918 aliquis
2032 1845 2298 1920 praedicet

289 1933 346 1988 in
370 1930 540 1986 curiis
561 1945 770 2002 regum,
804 1929 888 1986 vel
917 1931 1250 2004 principum,
1277 1929 1368 1988 vel
1390 1931 1638 2004 synodis,
1672 1930 1765 1987 ubi
1794 1933 2089 1992 multitudo
2116 1935 2298 1994 homi·-

289 2033 422 2076 num
455 2026 855 2092 congregatur;
881 2035 1017 2090 ergo
1049 2019 1292 2092 religiosi
1333 2019 1635 2077 dotalibus
1669 2031 1731 2076 se
1777 2019 2143 2088 intromittere
2187 2038 2297 2082 non

287 2109 510 2175 debent,
539 2115 596 2164 et
625 2109 706 2164 sic
729 2106 979 2162 nituntur
1005 2107 1352 2174 concludere,
1381 2108 1533 2181 quod
1561 2108 1803 2180 religiosi
1842 2111 2155 2169 nullatenus
2193 2115 2298 2170 de-

287 2197 422 2252 bent
450 2197 508 2250 in
531 2195 702 2250 curiis
725 2207 915 2265 regum
939 2193 1024 2250 vel
1048 2195 1355 2266 principum
1383 2197 1719 2253 conversari.
1744 2197 1850 2254 Sed
1876 2198 1981 2255 hoc
2008 2201 2297 2258 manifeste

285 2285 486 2342 falsum
511 2281 820 2338 ostenditur
845 2297 909 2336 ex
933 2281 1056 2349 hoc,
1085 2282 1230 2354 quod
1263 2282 1423 2339 motti
1462 2284 1641 2340 sancti
1682 2285 1789 2342 viri
1826 2301 1954 2342 cum
1995 2289 2216 2360 regibus
2238 2298 2295 2346 et

285 2370 626 2446 principibus
645 2370 968 2426 'commorati
997 2376 1144 2424 sunt.
1163 2369 1363 2444 Joseph
1391 2371 1541 2428 enim
1561 2380 1933 2430 commoratus
1959 2383 2045 2432 est
2062 2378 2117 2433 in
2142 2380 2295 2434 curia

287 2461 607 2527 Pharaonis,
639 2459 709 2516 de
731 2473 842 2532 quo
883 2459 939 2514 in
965 2456 1162 2514 Psalm.
1189 2473 1303 2526 clv,
1329 2459 1417 2526 2⁴,
1450 2457 1655 2514 dieitur
1684 2477 1699 2515 τ
1728 2461 2025 2520 constituit
2046 2479 2165 2522 eum
2194 2467 2294 2522 do-

286 2550 496 2605 minum
528 2548 708 2604 doinus
732 2561 846 2604 ruoe
883 2554 932 2602 ιι
955 2546 1260 2619 principem
1297 2546 1472 2604 omnis
1513 2549 1857 2620 possessionis
1902 2564 2035 2608 suoe.
2079 2554 2294 2628 Moyses
2354 2543 2359 2547 ⁵

284 2640 457 2695 etiam
496 2639 556 2694 in
599 2638 766 2694 domo
806 2638 934 2694 filiae
969 2635 1276 2692 'Pharaonis
1305 2637 1551 2693 nutritus
1576 2645 1681 2707 est,
1704 2643 1762 2694 et
1802 2639 2109 2698 instructus·
2144 2643 2294 2699 omni

285 2727 556 2799 sapientia
589 2727 986 2800 Egyptiorum',
1023 2725 1358 2799 perhibetur,
1385 2730 1509 2784 Act.
1558 2741 1664 2784 vn.
1689 2727 1907 2786 Nathan
1954 2731 2123 2788 etiam
2160 2747 2294 2805 pro-

213 2815 234 2835 ·
287 2815 455 2888 pheta
502 2817 645 2872 inter
690 2815 990 2872 familiares
1029 2815 1206 2872 David
1249 2820 1308 2871 et
1348 2815 1657 2873 Salomonis
1700 2825 2071 2891 computatur.
2100 2821 2295 2878 Daniel

287 2906 458 2961 etiem
493 2906 547 2960 in
583 2905 739 2961 curia
783 2903 929 2975 regis
972 2903 1270 2976 Babylonis
1309 2906 1644 2964 constitutus
1691 2913 1778 2966 est
1832 2908 2087 2982 princepe
2129 2925 2298 2984 super

285 3005 478 3050 omnes
515 2993 822 3067 provincias
857 2991 1170 3064 Babylonis,
1215 2999 1272 3049 et
1314 2994 1613 3064 postulavit
1657 3007 1690 3050 a
1737 3008 1866 3069 rege
1905 3003 1963 3054 et
2010 3001 2298 3056 constituit

285 3095 453 3154 super
475 3093 643 3156 opera
673 3081 970 3154 provincioe
996 3080 1308 3153 Babylonis,
1341 3081 1589 3148 Sidi-acb,
1620 3082 1825 3140 Misach
1872 3091 1929 3140 et
1974 3086 2323 3159 Abdenag0.·

285 3169 408 3243 Ipse
433 3168 612 3226 autem
631 3170 828 3227 Daniel
847 3175 968 3226 erat
999 3167 1302 3240 inferibus
1321 3169 1483 3240 nqis,
1511 3171 1648 3225 Dan.
1696 3185 1762 3238 u,
1794 3173 1885 3240 49,
1911 3170 2109 3229 Glossa
2138 3191 2151 3227 ε
2188 3193 2215 3226 α
2248 3177 2298 3232 Α

285 3260 435 3329 regis
457 3259 626 3315 latere
653 3269 762 3314 non
791 3257 1070 3322 recedens,
1093 3256 1392 3313 honoratus
1420 3256 1728 3314 familiaris.
1749 3277 1777 3311 n
1806 3259 2099 3316 Nehemias
2128 3262 2299 3318 etiam

287 3347 550 3420 pincerna
574 3349 719 3417 regis
759 3348 1047 3403 Persarum
1083 3345 1206 3414 fuit,
1237 3351 1298 3400 ut
1326 3345 1559 3404 habetur
1596 3345 1824 3403 Nebem.
1858 3362 1899 3403 ι.
1926 3348 2301 3407 Mardocbaeus

289 3433 459 3489 etiam
496 3432 676 3489 factus
705 3440 789 3490 est
821 3435 1072 3506 princeps
1103 3437 1159 3488 in
1195 3433 1351 3490 curia
1385 3431 1629 3502 Assueri,
1670 3433 1865 3491 Esther
1893 3448 2021 3492 vnr.
2053 3437 2113 3492 In
2160 3453 2301 3495 novo

287 3523 462 3579 etiam
489 3521 840 3578 Testamenta
863 3523 921 3578 in
943 3531 1170 3593 regnum
1195 3521 1417 3594 palatiis
1456 3521 1625 3595 aliqui
1666 3525 1846 3580 sancti
1889 3525 2090 3581 morati
2127 3522 2298 3584 fuisse

289 3609 566 3682 leguntur.
591 3610 746 3667 Unde
767 3609 905 3666 Phil.
932 3609 1033 3666 ult.
1061 3609 1267 3664 dicitur
1293 3626 1308 3663 ι
1335 3607 1589 3668 Salutant
1615 3624 1705 3666 eos
1724 3612 1922 3678 sancti,
1946 3612 2181 3669 maxime
2204 3614 2301 3687 qui

294 3697 358 3754 de
402 3700 553 3756 domo
591 3698 824 3756 Caesaris
867 3703 1010 3754 sunt.
1047 3696 1403 3754 Sebastianus
1444 3698 1613 3756 etiam
1655 3699 1714 3756 in
1748 3699 1905 3756 curia
1949 3699 2298 3770 Diocletiani,

289 3788 442 3846 inter
483 3788 688 3862 primos
729 3787 918 3861 palatii
965 3783 1134 3844 fuisse
1173 3785 1404 3859 legium
1430 3786 1686 3844 similiter
1720 3787 1961 3846 Joannes
2001 3797 2059 3846 et
2104 3790 2299 3848 Paulus

293 3873 519 3935 fuerunt
540 3877 610 3936 de
639 3876 848 3936 familia
887 3875 1232 3935 Constantini
1269 3874 1527 3948 Augusti.
1556 3875 1625 3934 Et
1652 3875 1954 3950 Gregorius
1996 3879 2053 3935 in
2078 3879 2337 3962 prolege⁸
