2784 4392
783 297 895 350 xv.
923 312 1005 334 --
1029 297 1110 358 nn
1149 295 1457 346 anamma
1478 295 1837 352 ,ramerum
2194 277 2315 344 277

313 421 373 476 et
397 431 466 476 ex
489 415 596 478 hoc
619 429 805 478 amore
835 412 1088 488 provenit
1117 418 1180 472 nt
1205 412 1473 472 honorum
1510 429 1701 488 regum
1730 429 1957 488 regnum
1984 414 2060 471 sit
2094 414 2379 528 stabilest

309 507 442 568 dum
483 519 583 578 pro
623 504 758 578 ipsis
786 519 846 562 se
884 502 1090 562 subditi
1130 501 1567 577 quibuscumque
1594 503 1853 577 periculis
1894 519 2165 578 exponere
2208 521 2314 562 non

311 603 584 662 recusant,
603 594 762 665 cuius
784 591 1096 666 exemplum
1123 592 1182 650 in
1196 591 1342 649 Julio
1371 593 1587 650 Caesare
1610 600 1857 665 apparet,
1882 592 1951 649 de
1976 609 2085 666 quo
2112 593 2315 651 Sueto-

311 685 433 741 nius
457 685 642 750 refert,
683 680 828 755 quod
868 681 1075 738 milites
1119 696 1248 738 suos
1293 695 1469 754 usque
1512 681 1652 738 adeo
1696 681 1981 754 diligebat,
2015 690 2073 739 ut
2121 685 2308 739 audita

309 772 672 846 quorumdam
697 769 870 836 caede,
895 768 1124 842 capillos
1147 775 1204 826 et
1239 768 1470 827 barbam
1508 776 1635 826 ante
1676 784 1783 826 non
1819 770 2121 842 dempserit
2147 789 2311 845 quam

308 861 658 927 vindicasset,
686 858 886 934 quibus
909 857 1074 916 rebus
1101 858 1489 916 devotissimos
1511 859 1695 918 sibiet
1720 859 2131 917 strenuissimos
2162 862 2310 918 mili-

308 958 394 1008 tes
420 949 679 1016 reddidit,
707 950 788 1008 ita
833 947 982 1021 quod
1025 946 1274 1021 plerique
1295 962 1487 1006 eorum
1522 947 1693 1020 capti,
1719 963 2039 1006 concessam
2074 949 2180 1006 sibi
2210 950 2315 1006 sub

308 1055 374 1098 ea
397 1038 712 1098 conditione
739 1037 931 1103 vitam,
962 1036 1010 1092 si
1045 1035 1285 1094 militare
1310 1035 1576 1094 adversus
1599 1037 1871 1094 Caesarem
1897 1038 2121 1108 vellent,
2148 1055 2310 1096 recu-

307 1135 513 1187 sarent.
557 1124 893 1184 Octavianus
933 1122 1102 1182 etiam
1147 1127 1445 1196 Augustus,
1497 1123 1593 1198 qui
1638 1125 2039 1183 modestissime
2082 1128 2311 1201 imperio

309 1231 439 1274 usus
465 1221 568 1282 est,
600 1215 657 1272 in
688 1219 898 1273 tantum
921 1211 1250 1284 diligebatur
1275 1227 1308 1270 a
1336 1211 1592 1282 subditis,
1621 1219 1683 1268 ut
1716 1213 1963 1288 plerique
1988 1217 2304 1282 morientes,

308 1306 562 1364 victimas
604 1318 744 1375 quas
785 1301 1136 1368 devoverant,
1179 1300 1455 1358 immolari
1498 1301 1841 1370 mandarent,
1890 1304 2020 1377 quia
2058 1321 2185 1362 eum
2212 1322 2313 1364 su-

308 1394 590 1466 perstitem
618 1389 985 1463 reliquissent.

375 1481 498 1538 Non
531 1485 617 1538 est
640 1494 770 1550 ergo
807 1477 967 1534 facile
1008 1482 1072 1534 ut
1098 1477 1362 1550 principis
1401 1475 1751 1550 perturbetur
1788 1478 2302 1554 dominium‚'quem

309 1576 461 1630 tanto
485 1582 748 1626 consensu
798 1564 1028 1638 populus
1069 1571 1238 1630 amat,
1269 1572 1494 1637 propter
1518 1565 1663 1636 quod
1707 1565 1959 1621 Salomon
1999 1567 2136 1624 dicit
2172 1572 2307 1627 Pro-

308 1657 618 1716 verbiorum
641 1669 809 1720 xxix,
837 1654 906 1708 ⁴4
935 1669 949 1708 :
977 1651 1096 1710 Rea>
1115 1651 1208 1726 qui
1221 1649 1439 1722 judicat
1464 1649 1525 1709 ιἰι
1542 1653 1765 1724 justitia
1778 1669 2059 1726 pauperes,
2084 1658 2309 1716 thronus

308 1747 422 1819 ejus
446 1745 506 1802 in
542 1751 803 1802 oetermtm
832 1739 1163 1813 firmabitur.
1195 1741 1577 1814 Tyrannorum
1605 1756 1736 1797 vero
1760 1741 2062 1798 dominium
2088 1746 2309 1804 diutur-
2381 1785 2388 1790 -

291 1849 439 1894 ·num
461 1849 582 1892 esse
618 1846 724 1890 non
762 1836 963 1904 potest,
993 1844 1119 1886 cum
1157 1827 1232 1886 sit
1269 1827 1606 1886 multitudini
1648 1829 1919 1886 odiosum.
1962 1833 2083 1888 Non
2126 1842 2307 1906 potest

307 1925 454 1982 enim
481 1921 574 1980 diu
603 1917 914 1978 conservari
946 1917 1092 1990 quod
1131 1915 1274 1976 votis
1301 1917 1597 1974 multorum
1638 1934 1929 1990 repugnas.
1956 1921 2061 1977 Vix
2099 1924 2241 1978 enim
2272 1941 2303 1980 a

309 2025 586 2083 quoquam
614 2021 853 2082 praesens
880 2006 995 2065 vita
1034 2005 1374 2077 transigitur,
1407 2006 1543 2078 quin
1571 2005 1787 2080 aliquas
1812 2007 2175 2068 adversitates
2203 2027 2304 2084 pa-

310 2099 499 2156 tiatur.
547 2093 912 2156 Adversitatis
957 2098 1142 2150 autem
1189 2100 1432 2164 tempore
1474 2093 1690 2152 occasio
1740 2094 1931 2151 deesse
1970 2111 2078 2154 non
2125 2105 2307 2170 potest

309 2179 501 2245 contra
525 2191 817 2258 tyrannum
855 2179 1190 2252 insurgendi,
1221 2188 1278 2237 et
1321 2180 1413 2238 ubi
1452 2182 1598 2240 adsit
1626 2183 1862 2250 occasio,
1889 2201 1995 2242 non
2025 2185 2201 2244 deerit
2239 2206 2307 2246 ex

311 2272 617 2332 multisvel
655 2286 792 2328 unus
831 2271 926 2342 qui
973 2269 1260 2326 occasione
1305 2285 1413 2326 non
1457 2275 1665 2328 utatur.
1703 2271 2077 2343 Insui-gentem
2121 2281 2305 2333 autem

309 2362 543 2437 populus
571 2360 754 2418 votive
793 2357 1162 2431 prosequitur,
1195 2371 1300 2416 nec
1342 2357 1411 2414 de
1449 2357 1596 2416 facili
1639 2357 1849 2415 carebit
1894 2361 2111 2428 effectu,
2158 2367 2303 2437 quod

309 2467 436 2510 cum
475 2451 666 2508 favore
701 2446 1068 2506 multitudinis
1097 2451 1419 2517 attentatur.
1447 2446 1551 2504 Vix
1582 2461 1713 2518 ergo
1755 2455 1938 2520 potest
1968 2451 2302 2524 contingere,

311 2540 458 2616 quod
488 2538 707 2614 tyranni
729 2535 1030 2594 dominium
1055 2534 1414 2606 protendatur
1437 2533 1494 2592 iu
1523 2534 1763 2606 longum.

381 2629 500 2687 Hoc
537 2628 706 2686 etiam
753 2624 1042 2686 manifeste
1081 2628 1254 2697 patet,
1296 2623 1343 2682 si
1377 2624 1501 2698 quis
1538 2624 1865 2696 consideret,
1902 2626 2045 2684 unde
2088 2632 2305 2704 tyranni

295 2717 614 2790 ,dominium
637 2721 1012 2774 conservatur.
1037 2712 1160 2770 Non
1186 2712 1332 2769 enim
1363 2719 1719 2771 conservatur
1744 2728 1948 2781 amore,
1976 2730 2101 2772 cum
2138 2731 2306 2790 parva

313 2806 401 2866 vel
437 2804 584 2864 nulla
625 2804 701 2862 sit
741 2802 986 2860 amicitia
1015 2800 1284 2873 subiectae
1319 2800 1690 2859 multitudinis
1713 2803 1781 2860 ad
1810 2799 2120 2876 tyrannum,
2151 2815 2212 2863 ut
2242 2821 2309 2862 ex

313 2892 633 2970 praehabitis
651 2879 932 2976 patetsne
947 2889 1292 2948 subditorum
1315 2897 1501 2948 autem
1516 2889 1623 2947 lide
1652 2891 1899 2964 tyrannis
1926 2894 2309 2950 confidendum

315 3000 424 3042 non
448 2987 551 3039 est.
579 2981 700 3037 Non
736 2976 882 3034 enim
910 2977 1185 3034 invenitur
1210 2983 1364 3034 tanta
1390 2979 1570 3036 virtus
1602 2979 1663 3036 in
1700 2979 1903 3046 multia,
1934 2989 1993 3037 ut
2029 2981 2310 3040 fidelitatis

314 3073 521 3134 virtute
561 3071 946 3142 reprimantur,
991 3081 1062 3124 ne
1101 3065 1360 3124 indebitae
1399 3067 1685 3124 servitutis
1718 3083 1939 3140 jugum,
1980 3068 2027 3125 si
2080 3072 2307 3141 possint,

313 3159 618 3222 excutiant.
650 3153 921 3216 Fortassis
965 3158 1149 3212 autem
1170 3167 1280 3222 ,nec
1309 3152 1564 3212 fidelitati
1605 3156 1939 3211 contrarium
1968 3157 2313 3227 reputabitur

315 3248 618 3310 secundum
641 3244 894 3319 opinione
989 3239 1304 3310 multorum,
1335 3239 1384 3298 si
1414 3241 1719 3314 tyrannicae
1758 3242 2019 3314 nequitiae
2042 3245 2315 3316 qualiter-

315 3351 554 3410 cumque
593 3334 864 3394 obvietur.
891 3257 1106 3391 ffiestat
1149 3343 1279 3402 ergo
1316 3337 1379 3388 ut
1419 3328 1537 3386 solo
1573 3329 1770 3388 timore
1811 3331 2031 3399 tvi-anni
2074 3334 2315 3404 regimen

319 3429 677 3492 sustentetur,
718 3419 875 3478 u'nde‘
897 3418 966 3478 et·
982 3419 1162 3478 timeri
1203 3433 1264 3476 se
1302 3417 1608 3478 atsubditis
1632 3424 1747 3477 tota
1786 3420 2089 3478 intentione
2115 3437 2316 3493 procu-

319 3523 465 3579 rant.
514 3513 700 3570 Timor
736 3515 921 3568 autem
970 3514 1055 3566 est
1099 3499 1751 3568 debile'fundamentum.
1794 3509 1936 3566 Nam
1981 3511 2075 3583 qni
2123 3512 2316 3567 timore

319 3604 648 3668 subduntur,
679 3599 727 3659 si
756 3602 980 3655 occurat
1017 3597 1256 3663 eccesie,
1285 3610 1398 3667 qua
1421 3595 1633 3668 possint
1660 3596 2040 3670 impunitatem
2073 3613 2313 3671 sperare,

319 3700 513 3756 contra
558 3687 914 3763 praesidentes
957 3683 1244 3756 insurgunt
1283 3698 1349 3741 eo
1393 3683 1697 3751 ardentina,
1746 3700 1857 3759 quo
1910 3686 2087 3758 magis
2128 3693 2319 3746 contra

322 3782 660 3842 voluntatem
687 3793 755 3834 ex
776 3773 892 3834 solo
920 3773 1118 3832 timore
1145 3770 1559 3830 cohibebantur.
1576 3773 1729 3830 Sicut
1752 3773 1799 3831 si
1814 3789 1958 3848 aqua
1980 3791 2079 3851 per
2105 3775 2321 3836 violen-

243 3926 248 3942 ‚
325 3870 459 3930 tiam
487 3866 816 3934 includatur,
833 3877 958 3922 cum
981 3861 1190 3920 aditum
1210 3861 1503 3930 invenerit,
1531 3860 1890 3935 impetuosius
1916 3861 2059 3923 fluit.
2084 3865 2189 3924 Sed
2218 3867 2321 3926 n'ec

215 3999 342 4340 τι
