2784 4392
495 252 628 300 xxv.
657 268 739 289 -·
765 252 1008 301 coma
1046 254 1266 323 meua.
1309 254 1413 301 nm
1454 254 1629 304 cunr.
1672 253 1752 303 ιιι·
1788 252 2000 301 anuo.
2130 233 2255 311 175

310 370 398 429 Ad
416 384 485 429 ea
511 372 700 429 autem
725 370 926 447 quibus
953 371 1244 429 ostendere
1265 372 1541 440 nituntur,
1572 370 1722 445 quod
1752 386 1861 431 uon
1904 370 2069 433 liceat
2096 385 2257 431 men-

237 460 477 517 dicando
526 460 902 535 eleemosynas
946 466 1160 534 petere,
1183 459 1288 518 hoc
1325 460 1488 519 modo
1524 460 1963 534 respondendum
2013 466 2116 519 est.
2170 460 2254 519 Ad

237 550 480 622 primum
512 564 642 621 ergo
683 548 995 617 dicendum,
1027 549 1176 623 quod
1220 564 1347 607 cum
1389 550 1591 607 dicitur
1620 566 1635 611 t
1664 568 1692 605 α
1744 549 1974 609 Omnino
2015 548 2257 623 iudiqenr

239 645 292 696 et
313 638 580 695 mendicus
597 654 706 696 non
727 637 838 695 orit
865 638 1014 697 inter.
1029 654 1141 706 vos,
1155 651 1261 695 non
1279 638 1619 711 prohibetur,
1634 638 1768 713 quin
1792 638 1991 713 aliquis
2019 645 2247 707 statum,

238 728 614 785 mendicitatis
641 726 726 784 vel
754 726 1094 801 paupertatis
1123 734 1387 785 assumat.
1415 727 1522 785 Sed
1564 729 1696 802 quia
1744 742 1851 787 non
1891 727 1971 787 ita
2012 727 2255 793 dereline

240 824 444 889 quatur
473 817 543 874 ab
571 816 711 885 aliie,
742 821 806 871 ut
835 816 890 872 in
921 815 1084 873 talem
1115 822 1323 875 etatum
1359 816 1594 885 incidat,
1626 816 1682 890 id
1712 832 1821 889 quo
1846 832 1973 875 eum
2000 822 2253 890 oporteat

240 905 311 962 de
340 905 666 963 necessitate
701 904 1030 972 mendicare,
1062 912 1119 961 et
1147 904 1251 962 hoc
1273 900 1427 979 patet
1464 906 1518 962 id
1548 905 1696 981 quod
1725 906 1988 979 praecedit
2018 922 2033 963 ε
2064 892 2252 965 Divom

240 1000 296 1053 et
331 994 695 1069 propinquum
740 993 1012 1066 repetendi
1072 1009 1207 1051 non.
1232 993 1432 1051 habetis
1466 1000 1799 1067 potestatem,
1830 1000 1887 1053 et
1935 993 2131 1055 Glossa
2175 992 2252 1052 ibi
2304 994 2315 1005 ‘

239 1083 424 1141 dicit:
459 1103 485 1137 α
530 1084 686 1141 Licet
725 1096 916 1141 omnes
963 1082 1193 1155 proximi
1241 1083 1413 1141 nostri
1462 1085 1591 1151 sint,
1621 1082 1731 1139 illis
1776 1089 1959 1142 tamen
2014 1082 2251 1141 maxime

241 1172 619 1229 misericordia
658 1171 1019 1245 impendenda
1065 1173 1277 1246 estqui
1324 1172 1526 1229 Christi
1569 1171 1854 1231 nobiscum
1900 1176 2029 1231 sunt
2076 1186 2255 1231 mem-

243 1261 361 1317 bra.
384 1279 411 1312 n
437 1260 518 1319 Ex
549 1274 658 1335 quo
688 1265 840 1332 patet
865 1260 1008 1333 quod
1032 1259 1126 1316 ubi
1157 1260 1475 1336 praecipitur
1494 1261 1895 1331 misericordia,
1922 1275 2031 1319 non
2061 1258 2254 1333 probi·-

243 1348 404 1405 betur
433 1346 778 1403 mendicitas·

313 1437 399 1495 Ad
433 1437 739 1493 secundum
784 1436 1096 1505 dicendum,
1129 1435 1274 1510 quod
1319 1436 1515 1495 Glossa
1544 1436 1767 1511 exponit
1808 1424 1877 1495 de
1918 1452 2059 1511 pane
2086 1436 2255 1511 spiri·-

244 1526 402 1593 tuan,
429 1525 573 1582 unde
599 1525 736 1581 dicit
761 1540 776 1583 ι
808 1543 836 1578 α
865 1526 987 1589 Νοη
1017 1524 1130 1583 vidi
1149 1524 1363 1597 justum
1389 1524 1714 1585 derelictum
1734 1540 1767 1585 a
1789 1526 1923 1593 Deo,
1944 1540 2045 1581 nec
2068 1540 2252 1583 semen

245 1617 366 1687 ejus
394 1628 646 1689 quaerens
675 1627 870 1687 panem
896 1612 1258 1685 spiritualem,
1291 1612 1345 1669 id
1375 1619 1461 1668 est
1498 1612 1743 1683 indigere
1779 1628 1920 1687 pane
1947 1611 2099 1669 verbi
2133 1612 2249 1680 Dei,

245 1706 377 1777 quia
404 1704 632 1761 verbum
667 1704 764 1759 Dei
795 1716 1009 1774 semper
1037 1716 1161 1759 cum
1189 1716 1254 1757 eo
1279 1707 1384 1759 est.
1415 1720 1443 1755 a
1472 1701 1529 1759 Si
1573 1708 1755 1759 tamen
1784 1702 1854 1761 de
1890 1717 2031 1777 pane
2072 1706 2254 1767 mate,-

246 1793 369 1850 riali
401 1791 753 1864 intelligatur,
779 1790 1191 1863 intelligendum
1218 1794 1304 1849 est
1322 1792 1467 1864 quod
1482 1790 1617 1863 justi
1649 1806 1754 1849 non
1784 1795 2039 1865 quaerunt
2058 1805 2253 1863 panem

247 1900 312 1939 ex
351 1882 678 1939 necessitate
719 1882 874 1954 quasi
925 1879 1172 1939 derelicti
1213 1896 1248 1939 a
1287 1881 1423 1949 Deo,
1451 1896 1575 1937 cum
1618 1880 1836 1940 dicatur
1872 1881 2008 1939 Heb.
2042 1880 2143 1937 ult.
2169 1883 2202 1937 ὅ
2236 1897 2252 1937 ε

247 1972 374 2032 Non
393 1978 443 2029 te
463 1970 700 2027 deseram
721 1986 884 2045 neque
907 1970 1294 2043 derelinquam,
1321 1986 1429 2029 non
1465 1958 1648 2031 tamen
1678 1970 1987 2029 excluditur
2010 1970 2145 2043 quin
2174 1966 2251 2027 illi

247 2062 497 2136 quisunt
527 2058 685 2134 justi,
707 2059 1014 2118 voluntarie
1041 2074 1101 2115 ee
1126 2059 1336 2131 possint
1364 2074 1635 2133 exponere
1674 2059 1985 2135 paupertati
2028 2064 2253 2131 propter

245 2150 540 2213 Christum,
582 2146 729 2220 quod
772 2153 953 2205 tamen
999 2148 1139 2203 forte
1175 2148 1511 2221 temporibus
1546 2147 1849 2209 Psalmistae
1890 2148 2097 2206 factum
2146 2162 2251 2205 non

244 2246 385 2303 erat,
419 2237 548 2308 quia
577 2234 926 2308 perfectionis
953 2228 1118 2309 opera
1149 2237 1378 2309 tempori
1410 2237 1605 2309 gratiae
1626 2238 2007 2305 servabantur.

301 2325 400 2383 Ad
441 2324 663 2379 tertium
709 2323 1019 2389 dicendum,
1044 2324 1188 2397 quod
1236 2340 1342 2380 non
1385 2332 1471 2381 est
1510 2325 1899 2383 inconveniens
1934 2324 2081 2399 quod
2118 2322 2252 2382 illud

246 2414 394 2488 quod
421 2412 586 2471 alicui
617 2412 672 2467 in
703 2427 916 2485 poenam
944 2407 1228 2483 infligitur,
1257 2411 1328 2467 ab
1350 2410 1459 2472 alio
1481 2411 1787 2477 voluntarie
1824 2418 2163 2484 assumptum
2196 2411 2253 2467 in

240 2503 512 2577 justitiam
543 2507 811 2567 vertatur,
844 2502 988 2581 sicut
1024 2500 1191 2574 aliqui
1230 2506 1452 2577 propter
1481 2500 1686 2557 scelera
1716 2516 1840 2574 quae
1880 2500 2249 2567 committunt,

247 2591 410 2649 rebus
437 2590 551 2647 suis
577 2589 897 2661 spoliantur,
927 2596 983 2645 et
1013 2596 1192 2647 tamen
1223 2589 1290 2646 ad
1323 2588 1715 2663 perfectionem
1733 2587 1967 2661 justitiae
1993 2588 2249 2661 pertinet,

247 2680 392 2755 quod
419 2679 615 2753 aliquis
640 2679 801 2735 rebus
831 2680 1063 2753 propriis
1083 2695 1140 2735 se
1165 2678 1359 2753 spoliet
1393 2686 1615 2752 propter
1644 2678 1937 2735 Christum.
1962 2676 2032 2735 Et
2054 2675 2257 2739 simili-

249 2778 334 2826 ter
362 2769 682 2827 mendicitas
707 2770 957 2841 quamvis
991 2768 1264 2841 aliquibus
1293 2766 1739 2825 malefactoribus
1769 2766 2043 2825 indicatur
2076 2781 2109 2827 a
2137 2767 2253 2823 Deo

248 2860 302 2915 in
330 2873 565 2931 poenam,
589 2857 718 2911 nihil
751 2865 929 2913 tamen
961 2856 1210 2931 prohibet
1237 2859 1372 2933 quin
1395 2858 1704 2918 voluntarie
1730 2865 2008 2931 assumpta
2030 2862 2251 2931 proptor

248 2948 542 3013 Christum,
577 2946 644 3002 ad
677 2946 1058 3019 perlectionem
1077 2948 1312 3018 justitiae
1341 2949 1633 3020 pertineat.

316 3037 400 3092 Ad
448 3044 704 3115 quartum
747 3035 1056 3101 dicendum,
1102 3035 1247 3108 quod
1297 3051 1391 3108 per
1436 3035 1583 3092 illam
1625 3034 1879 3091 Glossam
1936 3034 2252 3105 prothetur

246 3125 392 3199 quod
424 3124 621 3202 aliquis
651 3140 757 3179 non
795 3131 944 3197 petat
985 3139 1051 3179 ex
1091 3113 1415 3196 cupiditate,
1447 3125 1584 3180 alias
1632 3124 1827 3181 Glossa
1872 3137 1977 3179 non
2020 3138 2253 3179 concor-

247 3217 404 3269 daret
431 3215 638 3269 textui:
664 3214 719 3268 in
747 3221 898 3269 textu
926 3212 1070 3267 enim
1095 3212 1333 3267 dicitur:
1367 3214 1438 3271 Ut
1460 3212 1661 3269 nullius
1687 3210 1893 3284 aliquid
1918 3210 2247 3268 decidentis.

247 3304 324 3359 Ex
363 3304 662 3375 cupiditate
691 3312 875 3358 autem
904 3308 1156 3374 quaerunt
1195 3316 1302 3357 non
1329 3302 1421 3377 qui
1465 3301 1769 3358 necessaria
1815 3300 1995 3355 victus
2024 3306 2081 3355 et
2122 3314 2252 3357 ves-

245 3394 380 3450 titus
431 3398 643 3465 petunt,
672 3392 764 3446 sed
805 3392 898 3463 qui
939 3391 1080 3447 ultra
1113 3391 1216 3446 hoc
1244 3397 1516 3463 quaerunt,
1546 3390 1691 3445 unde
1728 3388 1929 3447 divites
1958 3388 2074 3443 lieri
2118 3402 2251 3461 pos-

247 3488 393 3547 sunt,
427 3488 486 3535 ut
513 3485 664 3553 patet
695 3494 789 3551 per
827 3478 929 3534 hoc
975 3478 1121 3555 quod
1145 3478 1365 3545 dicitur,
1399 3479 1585 3535 lTim.
1618 3494 1696 3545 vr,
1726 3484 1786 3533 ut
1830 3491 1997 3549 supra
2039 3475 2247 3533 dictum

246 3580 352 3627 est.

316 3658 399 3715 Ad
448 3656 698 3730 quintum
743 3653 1052 3720 dicendum,
1090 3653 1235 3729 quod
1279 3652 1479 3727 duplex
1519 3662 1603 3712 est
1654 3653 1999 3721 mendicitas,
2054 3656 2246 3712 coacta

247 3748 456 3805 scilicet
488 3753 544 3802 et
569 3742 895 3803 voluntaria.
927 3744 1128 3799 Coacta
1159 3743 1500 3810 mendicitas,
1531 3744 1663 3817 quia
1690 3750 1881 3804 contra
1909 3742 2249 3802 voluntatem

247 3843 350 3906 est,
384 3833 684 3915 periculum
730 3831 1092 3915 impatientiae
1139 3830 1304 3897 habet
1342 3838 1645 3898 annexum.
1691 3831 2013 3899 Voluntaria
2062 3841 2249 3897 autem

2720 2854 2741 2881 '³
2721 2546 2769 2822 Ψηῐῖᾞ
2726 2126 2775 2511 ννῦἣῇὓὴ
2731 1766 2784 2093 μὶὒῐὶἣῐὶἱ
2744 1694 2761 1723 ¹·
2736 1474 2780 1661 ἱὶῑυΐ
2738 1290 2781 1455 tutan
2742 1234 2782 1255 1
2742 978 2784 1207 {flua-fl
2749 934 2779 949 ⁸
