2784 4392
802 266 936 318 ϊν.
967 285 1048 304 -
1073 267 1153 316 mr
1194 267 1499 316 ananan-m
1541 232 1879 316 rememora
2232 244 2357 318 '345

348 385 626 444 dexteram
661 385 742 444 ve'l
769 374 1075 453 sinistram,
1101 393 1165 444 'ut
1190 386 1342 458 lonyo
1379 393 1611 459 tempore
1652 392 1837 459 reynet
1862 386 1972 460 ipse
1996 393 2045 444 et
2071 386 2219 460 filius
2242 387 2356 460 ejus

349 465 724 550 saper'lsrael.
746 475 851 533 Sed
882 476 938 531 in
960 471 1140 546 lReg.
1171 474 1465 531 traduntur
1498 474 1648 546 leges
1674 475 1847 547 regni,
1880 476 2055 546 magis
2088 477 2158 532 ad
2203 477 2360 538 utili-

353 572 526 622 tatem
555 563 717 635 regis,
736 569 986 637 utsupra
1014 565 1192 636 patuit
1219 563 1272 618 in
1300 562 1509 619 librossll
1538 563 1701 644 hujus
1728 562 1929 636 operis,
1960 563 2051 620 ubi
2080 573 2353 637 ponuntur

351 651 517 709 verba
569 647 808 708 omuino*
829 653 1162 725 pertinentia
1203 651 1273 708 ad
1319 651 1689 722 conditi-onem
1736 652 2013 719 servilem,
2064 659 2121 708 et
2172 658 2353 710 tamen

349 739 574 798 Samuel
595 740 742 812 leges
777 755 916 813 quas
953 738 1142 806 tradit,
1176 753 1301 795 cum
1331 740 1442 794 sint
1478 740 1695 812 penitus
1723 739 2039 814 despoticae,
2072 739 2208 796 dicit
2238 757 2357 798 esse
2436 803 2443 816 ‚

348 828 580 899 regales.
609 827 966 900 Philosophus
1007 833 1190 884 autem
1227 825 1284 883 in
1321 827 1442 884 vm
1465 825 1647 883 Echio.
1675 829 1851 898 magis
1888 827 2187 884 concordat
2228 845 2353 886 cum

349 914 540 988 primis
567 913 794 988 legibus.
825 915 952 971 Tria
979 916 1124 970 enim
1155 916 1308 987 ponit
1330 914 1399 971 de
1424 931 1551 986 rege
1578 917 1629 970 in
1674 915 1866 971 eodem
1910 915 2069 981 libro,
2100 915 2355 973 vide-licet

349 1005 494 1078 quod
525 1003 617 1059 ille
646 1002 920 1075 legitimus
956 1011 1040 1060 est
1073 1019 1168 1059 rex
1209 1004 1300 1076 qui
1348 1001 1723 1076 principaliter
1765 1003 1968 1059 honum
2009 1005 2354 1062 subditorum

349 1090 606 1147 intendit.
645 1091 804 1157 Item,
835 1091 928 1164 qui
969 1105 1067 1164 per
1107 1103 1166 1146 se
1211 1089 1489 1146 sufficiens
1537 1092 1825 1164 reperitur,
1856 1091 2051 1166 etqui
2101 1094 2353 1150 omnibus

347 1179 506 1237 bonis
547 1177 947 1266 superexcellit,
989 1189 1056 1233 ne
1098 1178 1354 1234 videlieet
1400 1177 1650 1236 subditos
1690 1187 1901 1251 gravet.
1930 1181 2085 1244 item,
2120 1180 2209 1236 ille
2256 1198 2351 1238 rex

345 1272 450 1334 est,
479 1265 573 1340 qu'i
604 1260 792 1324 c'uraln
815 1267 1156 1324 subditorum
1187 1266 1370 1332 habet,
1407 1272 1467 1321 ut
1500 1265 1635 1321 bene
1663 1273 1958 1347 operentur
1990 1268 2355 1340 quemadmo-

345 1357 476 1413 dum
515 1363 706 1429 pastor
749 1354 956 1410 ovium.
997 1354 1076 1410 Ex
1122 1353 1322 1428 quibus
1369 1353 1623 1410 omnihus
1674 1355 2023 1410 manifestum
2074 1362 2177 1422 est,
2206 1361 2349 1432 quod

340 1445 496 1516 juxta
525 1444 697 1500 istum
718 1443 938 1499 modum
965 1443 1307 1516 despeticum
1334 1442 1566 1497 multum
1594 1441 1811 1498 differat
1840 1459 1870 1498 a
1899 1444 2090 1515 regali,
2120 1453 2180 1501 ut
2206 1447 2349 1504 idem

344 1531 701 1604 Philosophus
723 1531 941 1586 videtur
965 1530 1188 1586 dicere
1176 1546 1231 1585 ιιι
1258 1530 1279 1584 1
1309 1529 1640 1586 Polit.1tem
1670 1529 1816 1602 quod
1845 1547 2075 1604 regnum
2118 1550 2221 1590 non
2268 1544 2351 1592 est

344 1625 568 1696 prop-ter
587 1633 792 1691 regem,
808 1617 916 1680 sed
947 1633 1042 1674 rex
1070 1625 1296 1692 propter
1319 1633 1567 1689 regnum,
1598 1619 1728 1691 quia
1758 1618 1831 1698 ad·
1858 1619 1961 1676 hoc
1991 1621 2135 1676 Deus
2164 1625 2351 1694 provi-

345 1707 429 1764 dit
455 1707 526 1762 de
544 1706 644 1773 eis,
673 1711 734 1760 ut
771 1719 998 1777 regnum
1045 1711 1237 1776 regant
1275 1709 1330 1760 et
1359 1703 1682 1775 gubernent,
1710 1713 1769 1762 et
1816 1720 2256 1781 unumquemque
2293 1710 2346 1784 in

343 1811 444 1853 suo
465 1797 593 1868 jure
631 1801 980 1862 conserveut3
1009 1800 1065 1849 et
1101 1791 1192 1848 hic
1219 1800 1304 1847 est
1348 1792 1473 1846 finis
1518 1791 1819 1863 regiminis,
1851 1795 1995 1866 quod
2026 1797 2069 1851 si
2102 1795 2170 1850 ad
2204 1775 2348 1854 aliud

343 1883 553 1941 faciunt
590 1883 650 1938 in
690 1899 750 1938 se
787 1882 936 1954 ipsos
957 1880 1304 1937 commodum
1335 1879 1720 1951 retorquendo,
1750 1895 1857 1936 non
1894 1888 2021 1937 sunt
2052 1899 2223 1954 reges,
2254 1887 2347 1942 sed

342 1971 582 2046 tyranni.
609 1973 808 2038 Contra
839 1985 976 2042 quos
997 1968 1129 2024 dicit
1160 1953 1463 2025 Dominus·
1450 1984 1504 2023 ιιι
1530 1967 1727 2024 Ezech.
1754 1969 1936 2047 (xxiv,
1955 1969 2065 2050 2);
2107 1971 2195 2028 Vae
2218 1989 2348 2044 pas-

343 2061 546 2118 toritas
587 2059 756 2116 Israel
798 2057 892 2130 qui
923 2063 1152 2132 parcunt
1193 2057 1512 2128 semetipsos.
1537 2055 1731 2122 Nonne
1770 2074 1952 2130 yreyes
1988 2067 2289 2130 pascuntur
2316 2077 2348 2115 a

340 2146 686 2224 pastoribus?
715 2147 830 2202 Lae
869 2143 1211 2200 comedebatis
1246 2151 1296 2200 et
1325 2143 1465 2201 lanis
1500 2144 1905 2216 operiebamini,
1931 2152 1979 2201 et
2018 2146 2155 2218 quod
2194 2165 2348 2204 cras-

341 2255 460 2295 sum
497 2242 636 2300 erat,
645 2233 995 2298 occidebatis,
1024 2247 1232 2303 qreyem
1269 2237 1449 2287 autem
1484 2247 1653 2287 meum
1699 2248 1807 2288 non
1844 2233 2171 2304 pascebatis;
2212 2236 2349 2308 quod

327 2324 478 2396 ,infit
480 2339 626 2380 mum
655 2320 774 2393 fuit
809 2335 916 2376 non
957 2317 1341 2383 consolidastis,
1377 2324 1431 2374 et
1464 2318 1603 2390 quod
1639 2324 1895 2389 oeqrotam
1934 2336 2041 2375 non
2091 2324 2345 2388 sanastis,

343 2412 482 2486 quod
508 2407 840 2482 confractum
875 2422 986 2464 non
1021 2405 1306 2478 alliyaaetis,
1336 2405 1475 2486 quod
1514 2405 1627 2477 obj
1614 2413 1771 2462 etum
1810 2423 1916 2462 non
1954 2406 2267 2476 reduxistis,
2295 2418 2347 2469 et

343 2500 481 2574 quod
495 2499 740 2573 perierat
767 2512 876 2552 non
899 2493 1186 2568 quaesistis,
1211 2493 1300 2549 sed
1329 2509 1447 2550 cum
1475 2493 1795 2550 austeritate
1829 2493 2171 2565 imperabatis
2198 2495 2273 2553 eis
2297 2505 2348 2554 et

341 2601 460 2648 eum
474 2588 734 2663 potentia
767 2588 826 2642 In
847 2585 1046 2659 quibus
1079 2583 1260 2640 verbis
1293 2582 1453 2642 nobis
1479 2581 1811 2639 sufficienter
1853 2581 2028 2638 forma
2066 2584 2347 2655 regiminis

317 2679 580 2737 ·traditu-r
604 2673 979 2747 redarguendo
1007 2672 1376 2729 contrarium.

413 2765 662 2838 Amplius
685 2769 868 2820 autem
893 2775 1119 2833 regnum
1147 2775 1213 2815 ex
1242 2757 1551 2817 hominibus
1575 2758 1943 2825 constituitur,
1980 2757 2123 2815 sicut
2151 2759 2345 2819 domus

347 2870 416 2912 ex
453 2850 769 2926 parietibus
799 2856 855 2904 et
897 2863 1098 2922 corpus
1132 2846 1433 2904 humanum
1479 2861 1548 2902 ex
1592 2845 1867 2914 membris,
1902 2855 1960 2904 ut
1990 2847 2345 2923 Philosophus

348 2941 484 3000 dicit
532 2941 586 2995 in
629 2939 702 2994 ΙΙΙ
738 2935 902 2994 Polit.
928 2937 1078 2992 Finis
1109 2949 1240 3007 ergo
1275 2937 1422 3008 regis
1456 2942 1540 2992 est
1584 2942 1642 2990 ut
1684 2937 1923 3007 regimen
1974 2946 2342 3010 prosperetur,

346 3028 491 3103 quod
531 3024 1204 3082 homines-conserventur
1238 3038 1336 3095 per
1363 3037 1571 3093 regem.
1601 3021 1671 3077 Et
1697 3021 1825 3082 hinc
1864 3022 2030 3078 habet
2056 3036 2343 3083 commune

343 3116 547 3173 bonum
583 3109 874 3184 cujuslibet
914 3109 1252 3180 principatus
1293 3107 1769 3180 participationem
1816 3107 2018 3165 divinae
2048 3109 2343 3179 bonitatis3

346 3203 490 3260 unde
526 3202 1062 3258 bonum=commune
1111 3195 1315 3256 dicitur
1369 3209 1403 3250 a
1448 3192 1871 3265 Philosophum
1922 3197 1945 3251 1
1996 3196 2178 3253 Ethie.
2224 3205 2346 3256 e'sse

349 3311 376 3344 a
404 3290 551 3365 quod
579 3287 763 3344 omnia
791 3290 1075 3357 appetunt,
1103 3291 1159 3338 et
1195 3279 1314 3339 esse
1345 3281 1547 3338 bonum
1575 3280 1839 3348 divinum,
1871 3302 1897 3334 ι)
1922 3293 1983 3340 ut
2024 3286 2168 3342 sicut
2198 3287 2347 3345 Deus

347 3380 440 3453 qui
470 3383 556 3434 est
575 3377 693 3434 Re!
723 3387 910 3446 regum
941 3380 996 3430 et
1025 3369 1288 3426 Dominus
1317 3370 1738 3434 dominantium,
1763 3373 1921 3442 cujus
1958 3371 2164 3430 virtute
2189 3372 2347 3447 prin-¹

344 3468 497 3542 cipes
540 3466 829 3539 imperant,
863 3468 922 3516 ut
967 3458 1257 3533 probatum
1299 3468 1384 3516 est
1426 3473 1613 3531 supra,
1655 3471 1755 3515 nos
1799 3459 1941 3532 regit
1976 3467 2032 3517 et
2077 3455 2347 3534 gubernat

344 3571 455 3614 non
479 3561 701 3628 propter
729 3566 788 3608 se
817 3548 1013 3622 ipsum,
1040 3548 1136 3604 sed
1166 3555 1386 3646 propter
1410 3555 1655 3602 nostram
1687 3547 1940 3616 salutem,
1972 3550 2049 3606 ita
2092 3560 2155 3608 ut
2193 3557 2349 3624 reges

347 3644 554 3704 faciant
573 3651 632 3699 et
658 3637 751 3699 alii
772 3633 1179 3694 dominatores
1165 3633 1223 3690 ιιι
1247 3634 1399 3690 orbe.
1425 3633 1531 3690 Sed
1554 3635 1684 3708 quia
1719 3651 1877 3692 nemo
1908 3637 2107 3694 militat
2134 3641 2350 3713 stipen-

345 3734 455 3792 diis
481 3731 598 3788 suis
633 3741 894 3801 unquam,
927 3732 984 3780 et
1018 3723 1258 3797 quodam
1289 3724 1415 3795 jure
1462 3728 1675 3779 uaturae
1711 3724 1781 3779 de
1814 3739 1915 3781 suo
1953 3725 2136 3782 labore
2179 3744 2346 3785 unus·

349 3823 584 3895 quisque
603 3816 768 3874 debet
808 3817 1090 3888 reportare
1137 3809 1465 3878 mercedem,
1494 3818 1554 3866 ut
1602 3810 1796 3884 probat
1840 3813 2174 3886 Apostolus
2159 3831 2214 3871 ιιι
2239 3815 2351 3874 lad
