2784 4392
543 368 674 413 xxv,
709 384 785 397 -
815 366 1052 412 comm
1092 364 1312 414 meve:
1353 364 1457 415 nm
1499 362 1671 416 cum.
1718 365 1794 416 m·
1835 371 2038 418 neue.
2110 422 2129 435 l
2215 354 2294 418 85

281 470 572 554 collegium
603 475 686 539 est
728 482 1102 556 religiosorum
1133 492 1364 551 tantum,
1400 486 1453 542 in
1484 497 1593 561 quo
1621 489 1829 545 scilicet
1868 488 2073 565 aliquid
2109 490 2293 562 agitur

281 573 353 629 ad
378 572 688 645 religiosam
717 572 887 629 vitam
911 573 1234 631 ducendam.
1263 573 1501 648 Aliquod
1526 582 1709 633 autem
1737 584 1840 645 est,
1873 578 2017 651 quod
2044 586 2126 635 est
2157 576 2291 634 reli-

280 661 451 734 giosis
492 663 548 719 et
588 652 943 720 saecularibus
983 678 1286 732 commune,
1320 665 1450 739 quia
1488 664 1543 721 in
1573 664 1663 722 illo
1695 667 2001 724 adunantur
2044 666 2291 724 homines

281 746 351 807 ad
382 738 503 819 hoc,
547 747 602 807 in
632 763 740 825 quo
788 750 1026 825 religiosi
1069 765 1101 809 a
1129 752 1486 811 saecularibus
1522 770 1628 810 non
1676 756 2104 829 distinguuntur,
2146 758 2289 813 sicut

279 840 520 912 religiosi
551 840 606 897 et
634 838 924 897 saec'ulares
953 846 1312 899 communiter
1339 841 1466 899 ‘sunt
1492 842 1558 899 de
1586 842 1813 917 collegio
1842 848 2001 902 unius
2030 846 2289 903 Ecclesiae

279 927 586 1013 Christi,in
612 936 878 1003 quantum
908 930 961 1003 in
993 945 1100 987 una
1129 930 1235 987 fide
1262 930 1611 1001 con-veniunt,
1645 942 1769 1007 quae
1801 934 2062 991 unitatem
2092 934 2288 991 Eccle-

277 1014 379 1075 siae
398 1018 630 1091 perlicit.
652 1017 931 1086 Simniter,
951 1019 1081 1092 quia
1101 1021 1297 1076 docere
1318 1024 1371 1075 et
1395 1018 1605 1077 discere
1636 1024 1996 1079 communiter
2019 1022 2288 1095 religiosis

278 1118 335 1166 et
359 1106 712 1191 saecularibus
741 1108 1020 1179 competit,
1055 1108 1341 1193 collegium
1369 1108 1535 1165 studii
1567 1126 1669 1165 non
1698 1110 1859 1167 debet
1888 1112 2095 1168 censeri
2128 1114 2283 1185 quasi

277 1188 566 1268 collegium
593 1194 987 1267 religiosorum,
1015 1194 1096 1252 vel
1127 1196 1284 1270 quasi
1310 1195 1598 1268 collegium
1623 1200 1987 1269 saecularium,
2007 1200 2101 1256 sed
2128 1201 2284 1273 quasi

277 1282 568 1359 collegium
595 1285 648 1339 in
672 1299 730 1341 se·
759 1268 1222 1359 comprehendens
1255 1294 1534 1360 utrosque.

347 1370 431 1429 Ad
458 1370 511 1427 ill
555 1370 698 1444 quod
739 1370 900 1427 tertio
929 1367 1212 1443 objiciunt,
1247 1368 1456 1428 scilicet
1482 1362 1635 1449 quod,
1657 1359 1836 1431 nullus
1863 1380 2043 1447 potest
2068 1392 2187 1433 esse
2216 1377 2283 1432 de

276 1457 490 1519 dnobus
553 1447 815 1533 collegiis,
859 1458 1167 1527 dicendum,
1220 1460 1364 1533 quod
1409 1454 1499 1516 illa
1556 1460 1697 1517 ratio·
1741 1462 2029 1535 tripliciter
2075 1464 2280 1520 deficit.

275 1550 477 1618 Primo,
515 1549 640 1623 quia
671 1558 797 1621 pars
826 1561 931 1605 non
971 1540 1120 1621 ponit
1150 1548 1204 1603 in
1235 1556 1521 1604 numerum
1552 1554 1740 1605 contra
1773 1554 1965 1616 totum,
1995 1551 2284 1623 collegium

276 1640 460 1697 autem
503 1638 775 1711 privatum
821 1646 947 1710 pars
988 1641 1072 1693 e'st
1111 1631 1314 1709 publici
1343 1636 1577 1709 collegii,
1619 1638 1761 1693 sicut
1806 1638 1997 1694 domus
2034 1647 2118 1695 est
2155 1658 2283 1713 pars

275 1726 518 1787 civitatis
548 1732 564 1781 ἑ
596 1718 738 1781 uiide
781 1743 878 1799 per
906 1724 1010 1781 hoc
1037 1722 1181 1799 quod
1211 1725 1411 1799 aliquis
1439 1730 1522 1781 est
1551 1720 1619 1781 de
1664 1724 1891 1798 collegio
1924 1726 2153 1799 alicujus
2193 1730 2283 1785 fa-

277 1816 460 1882 miliae,
493 1832 560 1872 ex
597 1814 698 1871 lioc
726 1814 842 1887 ipso
868 1812 951 1871 est
980 1814 1046 1870 de
1073 1810 1300 1887 collegio
1326 1814 1588 1882 civitatis,
1618 1830 1741 1887 quae
1766 1830 1831 1870 ex
1857 1815 2089 1871 diversis
2120 1816 2282 1873 fami-

275 1905 364 1963 liis
402 1904 771 1972 constituitur,
828 1910 929 1960 nec
975 1901 1156 1960 tamen
1202 1908 1284 1961 est
1314 1922 1379 1960 ex
1410 1900 1621 1961 duobus
1663 1901 1934 1982 collegiisg
1971 1907 2104 1962 Cum
2152 1924 2279 1979 ergo

274 1984 563 2066 collegium
591 1993 758 2049 studii
792 1992 865 2049 sit
894 1982 1169 2066 publicum
1196 1992 1504 2065 collegium,
1536 2000 1629 2065 per
1657 1994 1759 2049 hoc
1793 1994 1938 2066 quod
1970 1994 2168 2066 aliquis
2197 2000 2283 2051 est

274 2085 343 2141 de
371 2083 597 2154 collegio
637 2081 848 2153 privato
875 2082 1183 2155 aliquorum
1218 2082 1597 2149 studientium,
1639 2082 1782 2137 sicut
1824 2082 1916 2155 qul
1948 2084 2280 2139 conveniunt

275 2172 344 2230 ad
373 2169 801 2229 conveniendum
830 2170 886 2225 in
917 2187 1028 2232 ¹una
1069 2170 1229 2226 Homo
1267 2167 1540 2242 religiosa,
1584 2164 1665 2226 vel
1705 2168 1973 2239 saeculari,
2018 2172 2118 2228 hoc
2161 2172 2277 2245 ipso

273 2264 358 2319 est
399 2260 467 2317 de
495 2258 723 2331 collegio
761 2260 1031 2315 communi
1070 2258 1258 2325 studii,
1314 2276 1413 2315 nec
1456 2256 1676 2331 propter
1719 2260 1820 2315 hoc
1851 2264 1933 2316 est
1963 2260 2030 2315 de
2067 2246 2279 2317 duobus

273 2350 535 2421 collegiis.
565 2348 833 2414 Secundo,
864 2348 1126 2420 praedicta
1158 2346 1297 2403 ratio
1322 2348 1506 2403 delicit
1532 2366 1596 2403 ex
1618 2348 1737 2414 hoo,
1764 2349 1907 2420 quod
1935 2348 2065 2404 nibil
2092 2348 2279 2421 prohi-

275 2440 368 2495 bet
403 2438 638 2511 aliq‘uem
668 2452 788 2493 esse
825 2436 892 2493 de
920 2452 1028 2492 uno
1071 2421 1298 2507 collegio
1338 2434 1602 2509 perpetuo
1633 2436 1865 2508 publice,
1914 2435 1999 2492 vel
2041 2436 2274 2509 privam,

273 2534 329 2583 et
357 2528 537 2595 simul,
565 2530 618 2582 et
644 2526 806 2582 semel
834 2542 954 2582 esse
973 2514 1041 2581 de
1065 2524 1248 2597 aliquo
1274 2519 1502 2595 collegio
1528 2523 1761 2596 publice,
1796 2524 1874 2580 vel
1902 2525 2113 2595 privato
2140 2534 2279 2581 tem·

275 2607 466 2690 porali,
506 2618 648 2674 sicut
678 2613 768 2672 ille
797 2616 887 2688 qui
927 2618 1010 2671 est
1039 2615 1106 2669 de
1135 2599 1362 2685 collegio
1393 2612 1624 2684 alicujus
1657 2610 1916 2681 civitatis,
1949 2613 2278 2687 quandoque

274 2712 356 2763 est
383 2704 450 2763 ad
482 2715 696 2779 tempus
732 2704 799 2761 de
822 2704 1050 2776 collegio‘
1083 2702 1563 2759 commilitantium
1589 2700 1642 2756 in
1672 2705 1779 2756 uno
1808 2702 2069 2762 exercitu.
2105 2709 2159 2757 et
2184 2703 2277 2775 qui

273 2803 357 2853 est
387 2795 454 2851 de
494 2794 722 2865 cellegio
751 2793 983 2864 alicujus
1023 2791 1263 2855 familiae‘,
1309 2796 1489 2863 potest
1531 2790 1598 2845 ad
1640 2792 1851 2863 teinpus
1880 2788 2154 2863 aliquibus
2183 2806 2278 2847 so-

272 2870 406 2941 ciari
436 2883 494 2937 in
523 2882 704 2955 aliquo
729 2881 985 2953 hospitio.
1007 2878 1304 2951 Collegium
1331 2885 1515 2935 autem
1544 2878 1710 2935 studii
1741 2895 1847 2933 non
1872 2886 1955 2935 est
1986 2878 2276 2951 collegium

274 2981 617 3047 perpetuum,
641 2970 734 3026 sed
765 2969 1078 3043 temporale.
1112 2959 1234 3025 Non
1260 2969 1402 3024 enim
1433 2961 1503 3023 ad
1534 2969 1633 3023 boc
1661 2966 1906 3023 homines
1937 2967 2004 3023 ad
2035 2968 2277 3023 studium

273 3052 622 3129 conveniunt,
665 3064 725 3115 ut
754 3064 1014 3131 perpetuo
1043 3055 1117 3114 ibi
1148 3062 1446 3124 morentur,
1479 3054 1575 3113 sed
1606 3056 1811 3111 vadunt
1841 3062 1895 3111 et
1926 3057 2150 3112 veniunt
2180 3074 2277 3129 pro

273 3166 373 3207 suo
413 3147 583 3216 libito,
627 3148 766 3205 unde
807 3148 935 3204 nihil
981 3144 1229 3219 prohibet
1256 3163 1381 3201 eum
1411 3146 1505 3219 qui
1546 3150 1629 3200 est
1670 3145 1739 3200 de
1770 3143 2021 3215 religioso
2050 3144 2279 3214 collegio

275 3242 553 3312 perpetu0,
582 3237 740 3293 simul
771 3250 889 3293 esse
913 3236 980 3292 de
1005 3232 1230 3307 collegio
1255 3234 1601 3291 scholastico·
1633 3232 1818 3289 Tertio
1845 3232 2107 3305 praedicta
2136 3232 2279 3289 ratio

274 3325 434 3392 fallit,
467 3330 595 3397 quia
625 3318 753 3381 iliud
781 3323 929 3399 quod
973 3330 1056 3379 est
1082 3322 1317 3397 speciale
1345 3323 1412 3380 ad
1435 3323 1616 3378 omnia
1646 3320 1890 3377 extendit
1921 3339 1933 3375 :
1969 3321 2070 3377 hoc
2096 3316 2280 3377 autem

273 3411 422 3495 quod
451 3426 590 3469 unus
617 3430 724 3470 non
753 3417 924 3487 possit
953 3430 1071 3470 esse
1096 3414 1164 3469 de
1187 3406 1399 3469 duobus
1426 3412 1669 3485 collegiis
1695 3410 2100 3476 ecclesiasticis,
2134 3408 2279 3482 quod

275 3520 415 3562 unus
441 3519 549 3559 non
569 3510 749 3576 potest
771 3518 888 3558 esse
913 3502 1207 3558 canonicus
1235 3501 1288 3556 in
1304 3500 1521 3556 duabus
1540 3495 1799 3556 Ecclesiis
1825 3498 2031 3571 absque
2055 3498 2281 3570 dispen-

273 3596 506 3661 satione,
537 3592 619 3648 vel
641 3606 804 3647 causa
831 3580 1092 3662 legitima.
1117 3589 1272 3645 Unde
1294 3590 1495 3643 dicitur
1517 3588 1955 3659 vigesimaprima
1981 3588 2283 3659 quaestione

277 3686 451 3756 prima
483 3700 496 3737 :
531 3698 557 3735 α
589 3673 830 3738 Clericus
859 3678 929 3736 ab
967 3676 1192 3734 instanti
1223 3682 1468 3749 tempore
1497 3692 1613 3759 non·
1640 3682 1957 3731 numeretur
1987 3674 2040 3731 in
2071 3674 2283 3733 duabus

275 3764 552 3829 Ecclesiis.
596 3788 622 3823 n
661 3767 722 3825 In
766 3768 889 3827 aliis
918 3773 1102 3825 autem
1131 3766 1373 3838 collegiis
1408 3765 1582 3821 locum
1609 3781 1715 3821 non
1744 3762 1927 3832 habet,
1970 3764 2114 3821 unde
2146 3782 2283 3823 tinus

276 3867 330 3933 et
356 3856 498 3915 idem
532 3858 694 3915 homo
724 3866 906 3930 potest
934 3872 1054 3913 esse
1081 3856 1218 3913 civis
1250 3853 1304 3910 in
1330 3853 1543 3910 duabus
1579 3852 1895 3910 civitatibus
1937 3871 1950 3908 ε
1984 3854 2127 3909 unde
2156 3869 2281 3908 cum

277 3944 566 4019 collegium
609 3939 996 4006 scholasticum
1040 3961 1148 4003 non
1204 3942 1278 3999 eit
1320 3941 1609 4017 collegium
1654 3942 2107 4011 ecclesiasticum,
2149 3938 2283 3998 nihil
