2784 4392
697 320 827 365 xv1.
856 336 936 350 —
961 320 1029 365 m
1073 320 1485 366 necne-ranem
1526 321 1551 366 1
1589 318 1906 367 exrosmo
2188 304 2309 367 439

294 432 597 502 Manichaei,
632 437 725 509 qui
753 444 1050 509 posuerunt
1084 438 1220 493 duos
1243 442 1543 505 creatoreS,
1576 453 1745 493 unum
1783 437 1985 493 bonum
2024 438 2117 511 qui
2150 453 2310 494 crea-

296 528 376 583 vit
403 533 685 581 creaturas
715 526 1014 583 invisibiles
1043 534 1098 581 et
1128 526 1475 599 spirituales;
1504 526 1673 582 alium
1698 526 1901 582 malum
1926 542 2089 598 quem
2115 526 2308 583 dicunt

294 630 511 670 creasse
540 615 720 669 omnia
746 614 866 670 haec
901 614 1137 670 visibilia
1175 620 1232 670 et
1255 614 1581 688 corporalia.
1613 614 1775 670 Fides
1812 621 1997 670 autem
2033 614 2308 672 catholica

293 702 605 770 confitetur,
641 704 840 767 omnia,
873 711 1072 773 praeter
1096 704 1293 771 Deum,
1319 710 1433 759 tam
1458 702 1695 759 visibilia
1726 718 1889 775 quam
1921 703 2237 773 invisibilia,
2272 720 2307 759 a

293 793 408 846 Deo
438 806 556 846 esse
581 801 787 848 creata.
816 794 969 848 Unde
1000 792 1197 847 Paulus
1225 792 1360 847 dicit
1387 797 1513 847 Act.
1544 808 1691 859 xvu‚
1722 794 1789 849 24
1822 810 1835 846 z
1870 792 2011 848 Deus
2049 793 2141 864 qui
2178 792 2307 863 fecit

291 880 548 936 mundum
568 888 619 936 et
640 881 820 937 omnia
849 898 963 953 quae
995 882 1050 935 in
1085 898 1143 936 eo
1165 887 1312 946 sunt,
1341 880 1426 935 hic
1450 880 1562 936 coeli
1589 886 1639 935 et
1668 887 1831 937 terroe
1856 896 1973 935 cum
2000 882 2073 935 sit
2114 880 2307 937 Domi-

291 986 414 1035 nus,
441 978 549 1025 etc.
577 969 642 1025 Et
671 970 860 1032 Hebr„
890 986 973 1035 xi,
995 972 1025 1025 3
1053 986 1070 1025 .·
1100 968 1235 1023 Fide
1262 969 1527 1024 credimus
1551 976 1740 1041 aptata
1772 985 1877 1024 esse
1912 969 2104 1025 soecula
2136 968 2302 1029 Verbo

294 1058 417 1122 Dei,
438 1065 500 1113 ut
541 1074 606 1111 ex
644 1056 998 1112 invisibilibus
1034 1056 1272 1111 visibilia
1299 1056 1510 1126 fierent.
1543 1057 1697 1113 Unde
1750 1059 1819 1113 ad
1875 1057 2018 1112 hunc
2061 1072 2302 1113 errorem

292 1146 689 1201 excludendum
712 1146 846 1201 dicit
880 1164 892 1199 ε
923 1166 948 1197 α
983 1147 1210 1201 Creator
1231 1145 1473 1201 omnium
1497 1146 1796 1203 visibilium
1825 1155 1881 1202 et
1924 1146 2301 1219 invisibilium,

292 1234 654 1308 spiritualium
685 1243 740 1290 et
765 1234 1149 1308 corporalium.
1179 1254 1206 1287 i>

363 1324 516 1380 Alius
545 1340 697 1379 error
725 1324 826 1379 suit
856 1326 1170 1397 ponentium
1216 1324 1391 1381 Deum
1418 1323 1641 1397 quidem
1678 1340 1799 1380 esse
1823 1323 2063 1397 primum
2094 1326 2304 1398 princi-

291 1414 442 1491 pium
496 1414 866 1486 productionis
917 1429 1119 1479 rerum,
1175 1413 1272 1469 sed
1327 1418 1512 1467 tamen
1570 1428 1675 1467 non
1750 1413 2065 1469 immediate
2116 1414 2303 1470 omnia

291 1516 527 1567 creasse,
559 1501 654 1555 sed
682 1500 1049 1555 mediantibus
1075 1499 1294 1570 Angelis
1327 1500 1593 1555 mundum
1620 1498 1765 1553 hunc
1794 1515 1913 1555 esse
1942 1508 2210 1569 creatum,
2244 1509 2305 1557 et

291 1590 382 1645 hic
401 1588 503 1644 suit
528 1604 678 1643 error
703 1586 1240 1655 Menandrianorum3
1267 1596 1322 1643 et
1347 1588 1417 1643 ad
1453 1587 1597 1643 hunc
1630 1603 1871 1644 errorem
1900 1588 2301 1666 escludendum

293 1677 518 1734 subdit:
549 1696 575 1745 (ς
618 1676 722 1745 Qui
765 1691 864 1731 sua
901 1676 1261 1747 omnipotenti
1297 1676 1524 1745 virtute,
1560 1695 1586 1728 2>
1618 1676 1749 1749 quia
1785 1675 1996 1733 scilicet
2048 1676 2162 1733 sola
2197 1676 2301 1733 Dei

293 1768 498 1823 virtute
539 1781 726 1820 omnes
772 1770 1040 1820 creaturae
1071 1771 1198 1819 sunt
1247 1764 1550 1837 productae,
1580 1764 1879 1821 secundum
1920 1764 2055 1821 illud
2092 1764 2296 1821 Psalm.

293 1872 422 1925 vm,
457 1856 534 1908 5:
575 1853 766 1917 Videbo
812 1854 958 1909 coelos
986 1861 1102 1910 tuos
1148 1869 1309 1925 opera
1359 1853 1654 1925 diqitomm
1710 1860 1947 1910 tuorum.
1988 1850 2145 1910 Alius
2194 1852 2302 1908 suit
2350 1898 2363 1907 ,

294 1959 446 2000 error
473 1944 722 2015 Origeuis
753 1944 1002 2015 ponentis
1027 1943 1172 2015 quod
1200 1943 1345 1998 Deus
1371 1958 1404 1998 a
1431 1942 1695 2015 principio
1725 1942 1933 1999 creavit
1958 1942 2103 1998 solas
2131 1941 2303 2015 spiri-

295 2034 470 2089 tuales
492 2040 774 2089 creaturas
811 2038 864 2086 et
903 2038 1092 2103 postea
1130 2031 1457 2103 quibusdam
1490 2048 1678 2087 earum
1706 2031 2059 2105 peccantibus
2090 2031 2300 2088 creavit

294 2112 542 2193 corpora,
593 2118 790 2191 quibus
833 2118 987 2189 quasi
1037 2118 1362 2189 quibusdam
1408 2118 1637 2175 vinculis
1674 2119 1989 2192 spirituales
2035 2118 2298 2177 substan·-

296 2212 388 2266 tssae
413 2208 783 2278 alligarentur,
817 2221 882 2260 ac
910 2206 956 2260 si
986 2205 1296 2278 corporales
1324 2214 1595 2263 creaturae
1623 2221 1731 2262 non
1760 2206 1964 2263 suerint
1990 2224 2057 2264 ex
2088 2208 2301 2279 princi-

296 2299 403 2373 pali
460 2297 557 2351 Dei
603 2295 899 2350 intentione
945 2294 1244 2365 productae,
1277 2295 1407 2367 quia
1438 2294 1641 2351 bonum
1680 2302 1823 2351 esset
1861 2311 1957 2351 eas
2010 2310 2151 2363 esse,
2201 2294 2301 2351 sed

293 2386 470 2442 solum
521 2384 590 2439 ad
634 2382 1284 2456 puniendum'peccatum
1317 2383 1683 2454 spiritualium
1730 2390 2128 2453 creaturarum,
2171 2398 2299 2439 cum

239 2514 243 2517 -
296 2481 475 2531 tamen
501 2472 716 2527 dicatur
739 2471 901 2538 Gen.,
928 2486 967 2538 1,
997 2473 1055 2525 3⁴
1093 2488 1107 2525 ε
1147 2471 1292 2529 Vidit
1318 2472 1459 2527 Deus
1478 2482 1666 2528 cuneta
1689 2488 1804 2544 quae
1830 2472 2117 2543 fecer-’abet
2142 2478 2302 2529 erant

293 2562 442 2619 valde
471 2562 633 2629 bona3
663 2560 802 2615 unde
847 2559 916 2616 ad
953 2559 1058 2616 hoc
1097 2559 1493 2617 excludendum
1536 2562 1711 2616 dicit:
1747 2581 1773 2613 α
1801 2561 1973 2618 Simul
2022 2560 2093 2617 ab
2137 2560 2301 2617 initio

297 2652 554 2725 temporis
581 2658 873 2723 utramque
903 2651 970 2706 de
1017 2649 1185 2705 nihilo
1229 2649 1473 2705 condidit
1512 2642 1843 2721 creaturam,
1875 2649 2303 2723 spiritualem-et

294 2740 649 2811 corporalem,
679 2737 978 2810 angelicam
1011 2737 1264 2794 videlicet
1291 2744 1347 2793 et
1375 2738 1728 2799 mundanam.
1758 2756 1785 2791 n
1816 2736 1971 2795 Alius
2012 2752 2165 2794 error
2194 2737 2301 2795 suit

293 2826 604 2883 Aristotelis
643 2826 894 2897 ponentis
936 2827 1156 2899 quidem
1203 2828 1384 2885 omnia
1415 2844 1446 2883 a
1476 2829 1590 2884 Deo
1621 2828 1885 2901 producta
1927 2828 2064 2896 θεῶ,
2094 2827 2191 2885 sed
2228 2826 2302 2885 ab

294 2925 500 2973 aeterno
523 2922 578 2969 et
607 2913 814 2968 nullum
837 2914 1001 2969 fuisse
1020 2917 1343 2987 principium
1375 2918 1654 2990 temporie,
1675 2933 1800 2974 cum
1828 2925 2013 2975 tamen
2026 2918 2298 2991 scriptum

293 3006 367 3061 sit
389 3004 549 3067 Gen.,
575 3018 614 3068 1,
648 3004 670 3055 4
706 3018 719 3055 :
747 3000 815 3056 In
835 3001 1109 3073 principio
1151 3004 1352 3057 creavit
1385 3006 1525 3060 Deus
1552 3006 1735 3061 coelum
1782 3006 1843 3061 in
1886 3014 2092 3062 terram
2103 3023 2123 3073 ,⁰
2146 3012 2202 3062 et
2225 3006 2296 3063 ad

295 3090 804 3149 hocexcludendum
829 3090 1024 3146 addit:
1057 3090 1194 3145 «Ab
1230 3090 1386 3145 initio
1438 3094 1777 3165 temporis.»
1807 3093 1961 3149 Alius
2002 3108 2155 3147 error
2192 3092 2297 3149 fuit

294 3186 651 3251 Anaxagorae,
683 3180 778 3251 qui
809 3179 988 3251 posuit
1007 3179 1224 3251 quidem
1257 3179 1519 3234 mundum
1549 3196 1579 3235 a
1608 3181 1723 3234 Deo
1761 3179 1967 3235 factum
2014 3197 2080 3235 ex
2110 3180 2296 3253 aliquo

292 3270 558 3344 principio
596 3269 874 3340 temporis,
908 3269 1001 3323 sed
1049 3275 1228 3324 tamen
1257 3266 1545 3323 materiam
1585 3268 1770 3323 mundi
1800 3268 1871 3324 ab
1909 3276 2116 3326 aeterno
2147 3284 2297 3342 prae-

290 3360 558 3425 extitisse,
589 3365 642 3412 et
671 3372 778 3412 non
807 3373 926 3412 esse
970 3374 1090 3412 eam
1120 3356 1318 3413 factam
1364 3372 1395 3413 a
1444 3359 1575 3425 De0‚
1610 3372 1735 3413 cum
1780 3363 1963 3414 tamen
2000 3358 2297 3431 Apostolus

292 3449 440 3503 dicat
463 3448 644 3516 Rom„
669 3462 746 3513 iv,
772 3448 840 3501 ⁴7
873 3464 884 3500 :
921 3445 1024 3511 Qut
1045 3446 1282 3517 vivificat
1302 3452 1539 3503 mortuos
1557 3454 1609 3503 et
1632 3454 1781 3503 vocat
1808 3463 1870 3501 ea
1896 3462 2011 3519 quoe
2038 3462 2143 3502 non
2166 3454 2295 3502 sunt

290 3544 544 3608 tanquam
589 3551 650 3590 ea
692 3552 806 3607 quae
851 3542 1010 3603 sums
1041 3544 1095 3590 et
1139 3536 1206 3590 ad
1251 3535 1352 3590 hoc
1387 3535 1783 3591 excludendum
1832 3536 2053 3591 additur
2089 3554 2101 3589 ε
2153 3555 2179 3587 α
2212 3536 2293 3591 De

289 3625 478 3681 nihilo.
514 3643 540 3676 »
569 3624 690 3679 Fuit
720 3631 903 3680 autem
928 3623 1067 3681 alius
1100 3640 1250 3679 error
1275 3625 1597 3680 Tertulliani
1630 3625 1877 3697 ponentis
1914 3626 2151 3681 animam
2188 3624 2294 3680 ho-

289 3715 451 3772 minis
473 3729 790 3787 corpoream
815 3730 952 3781 esse,
983 3730 1106 3769 cum
1136 3722 1318 3771 tamen
1357 3714 1649 3787 Apostolus
1672 3714 1819 3769 dicat
1843 3714 1867 3769 1
1892 3714 1960 3769 ad
1986 3714 2177 3770 Thess,
2206 3729 2285 3769 v.

288 3806 404 3879 Ipse
432 3811 607 3861 autem
633 3803 774 3859 Deus
795 3803 946 3877 pacis
969 3804 1259 3877 sanctificet
1280 3820 1366 3860 vos
1387 3820 1492 3877 per
1513 3803 1713 3871 omnia,
1736 3809 1797 3859 ut
1826 3803 2035 3877 inteqer
2060 3802 2289 3878 spiritus

289 3900 480 3963 vester,
501 3900 551 3953 et
588 3892 788 3964 anima,
813 3900 864 3952 et
893 3910 1085 3969 corpus
1119 3894 1234 3953 sine
1275 3894 1491 3969 querela
1524 3893 1588 3953 in
1615 3888 1848 3955 adventu
1890 3882 2112 3957 Domini
2137 3900 2293 3954 nostr
