2784 4392
473 280 590 342 356
951 296 1000 339 s.
1047 294 1281 338 ‘ruouAE
1323 294 1655 343 Aonius-ris
1694 294 2003 338 causeum

471 408 529 468 Si
553 411 756 485 spiritu
781 409 1064 477 ducimini,
1085 426 1191 466 non
1215 409 1338 464 estis
1363 409 1456 464 sub
1484 408 1617 480 le9e3
1651 409 1793 464 unde
1837 408 2040 465 talibus
2082 410 2151 465 ad
2191 410 2492 482 regendum

472 502 624 572 virga
650 500 826 556 ferrea
851 514 956 555 non
987 509 1068 555 est
1099 499 1427 562 necessaria,
1460 505 1515 552 et
1547 497 1650 552 hoc
1678 497 1953 568 singulare
1983 504 2065 555 est
2091 499 2144 553 in
2178 500 2491 573 principatu

473 588 695 646 Christi.

543 677 846 751 Septimum
870 682 925 731 et
942 674 1191 730 ultimum
1214 675 1447 729 sumitur
1463 690 1527 728 ex
1550 674 1743 729 eadem
1768 688 1956 738 causa,
1983 674 2128 747 quod
2158 682 2240 730 est
2266 676 2486 747 regendi

469 764 861 837 tranquillitas,
909 777 1032 817 cum
1063 761 1311 815 subditur
1359 778 1371 815 ε
1416 760 1673 831 Princeps
1712 760 1881 831 paris,
1926 763 2030 816 etsi
2078 778 2181 816 nou
2222 764 2487 833 corporis,

471 860 653 909 tamen
683 850 937 923 pectoris,
973 851 1038 905 Et
1070 848 1210 905 hanc
1237 848 1460 921 quidem
1486 848 1599 902 suis
1624 848 1874 902 fidelibus
1905 848 2153 903 Christus
2178 866 2276 904 rex
2306 858 2489 907 noster

473 949 527 997 et
573 941 844 1013 princepS,
879 948 933 994 et
979 938 1210 992 vivendo
1249 938 1427 1001 offert,
1477 943 1531 989 et
1563 935 1843 989 moriendo
1882 936 2123 1007 reliquit.
2174 937 2488 1005 lamando,

473 1028 651 1100 inquit
693 1028 865 1099 (Joan.
907 1042 1028 1090 xvi,
1065 1030 1173 1095 33),
1216 1040 1525 1096 pressuram
1562 1022 1835 1090 habebitis,
1879 1024 1934 1077 in
1975 1041 2055 1078 me
2084 1032 2263 1080 autem
2285 1042 2487 1098 pacem,
2586 1045 2589 1050 ·

471 1124 524 1173 et
557 1117 658 1171 hoc
688 1115 855 1170 etiam
896 1123 979 1169 est
1016 1114 1292 1184 singulare
1324 1114 1374 1166 in
1414 1128 1511 1167 suo
1545 1113 1872 1183 principatu.
1922 1113 1980 1167 In
2012 1112 2319 1169 humilitate
2359 1130 2489 1186 ergo

471 1212 526 1259 et
572 1211 892 1274 paupertate
931 1217 1090 1259 suum
1122 1201 1370 1256 fundavit
1395 1201 1717 1263 dominium,
1762 1207 1817 1253 et
1850 1201 1901 1254 in
1936 1200 2383 1267 adversitatibus,
2434 1211 2489 1258 et

473 1291 766 1353 laboribus,
811 1298 866 1344 et
909 1290 1186 1353 aerumniS‚
1221 1287 1497 1359 quomodo
1544 1292 1705 1342 aucta
1738 1286 1839 1341 suit
1870 1289 2177 1360 respublica
2208 1290 2489 1348 Romano-

472 1396 612 1445 rum,
644 1394 749 1449 non
779 1376 1036 1434 videlicet
1063 1376 1226 1441 fastu,
1259 1374 1339 1431 vel
1371 1376 1585 1449 pompis
1610 1375 1900 1448 superbiae„
1939 1387 1995 1433 ut
2021 1378 2291 1434 Salustius
2320 1379 2489 1436 refert

476 1484 540 1525 ex
569 1466 838 1541 sententia
870 1466 1112 1531 Catonis,
1145 1472 1200 1519 et
1231 1463 1481 1519 Valerius
1503 1462 1771 1519 Maximus
1795 1462 1898 1519 hoc
1923 1464 2065 1520 idem
2093 1465 2307 1538 probat.

1217 1642 1500 1709 CAPUT
1562 1642 1743 1708 XVI.

477 1778 602 1841 Hic
629 1744 880 1837 sanctus
908 1775 1138 1836 Doctor
1165 1772 1437 1835 declarat
1462 1772 1623 1851 quod
1650 1772 1767 1835 isto
1803 1772 1973 1834 modo
1997 1777 2177 1836 aucta
2199 1775 2333 1851 fait
2357 1793 2489 1839 res-

544 1863 798 1943 publica
838 1880 948 1941 per
987 1861 1252 1939 exempla
1295 1860 1686 1940 antiquorum
1709 1861 2142 1936 Romanorum,
2188 1868 2245 1927 et
2280 1871 2491 1944 postea

552 1951 758 2015 subdit
788 1950 858 2013 de
891 1949 1309 2013 Constantino,

539 2082 605 2136 Et
635 2081 760 2135 hinc
790 2089 874 2135 est
911 2078 1058 2151 quod
1089 2094 1184 2133 rex
1215 2083 1401 2135 noster
1446 2077 1695 2136 Christus
1726 2080 1979 2152 princeps
2008 2082 2193 2138 saeculi
2239 2086 2491 2155 permisit

469 2168 758 2234 dominari,
793 2174 847 2224 et
871 2182 938 2223 eo
959 2167 1199 2236 vivente,
1231 2174 1286 2223 et
1315 2184 1378 2224 eo
1408 2168 1697 2236 moriente,
1726 2169 1795 2225 ad
1828 2175 2061 2243 tempus,
2090 2188 2371 2245 quousque
2402 2173 2492 2227 vi-

469 2256 669 2313 delicet
707 2272 866 2312 suum
897 2273 1126 2329 regnum
1169 2265 1314 2313 esset
1346 2245 1666 2329 perfectum,
1700 2265 1756 2314 et
1781 2258 2093 2314 ordinatum
2124 2260 2179 2315 in
2207 2262 2319 2316 suis
2350 2261 2493 2316 fide-

472 2346 613 2402 libus
658 2344 1069 2417 operationibus
1116 2347 1374 2401 virtuosis
1418 2352 1473 2401 et
1511 2361 1698 2401 eorum
1748 2348 2012 2417 sanguine
2061 2337 2489 2431 laureatumJSi

471 2434 616 2490 enim
645 2435 891 2506 Regulus
931 2434 1025 2507 qui
1068 2446 1123 2491 et
1167 2436 1381 2489 Marcus
1427 2432 1754 2504 appellatur,
1804 2450 1900 2507 pro
1930 2436 2046 2491 zelo
2076 2452 2191 2494 suae
2236 2440 2428 2509 patriae
2456 2452 2492 2495 a

471 2523 993 2595 Carthaginensibus
1045 2532 1126 2580 est
1177 2522 1424 2589 occisus3
1468 2523 1511 2576 si
1564 2523 1779 2577 Marcus
1824 2523 2045 2578 Curtius
2092 2524 2145 2578 in
2196 2525 2491 2598 abruptum

469 2622 634 2667 terrae
683 2611 895 2667 hiatum
935 2628 993 2666 se
1033 2611 1262 2681 projecit
1304 2610 1369 2663 ad
1422 2607 1797 2663 liberationem
1835 2609 2062 2679 patriae3
2095 2610 2140 2663 si
2185 2600 2389 2669 Brutus
2436 2622 2493 2671 et

469 2700 779 2772 Torquatus
813 2698 950 2753 filios
978 2697 1295 2752 occiderunt
1325 2710 1424 2767 pro
1443 2695 1662 2765 justitia
1692 2702 1747 2749 et
1774 2694 2061 2766 disciplina
2096 2696 2320 2753 militari
2351 2716 2493 2758 con·

467 2785 777 2849 servandiS,
823 2790 882 2837 ut
929 2784 1172 2839 historiae
1205 2782 1447 2847 tradunt,
1482 2794 1715 2853 quorum
1744 2779 1860 2837 zelo
1888 2782 2192 2853 respublica
2222 2801 2289 2841 ex
2321 2804 2492 2859 parva

467 2872 614 2929 facta
645 2878 729 2927 est
760 2885 957 2941 magna
976 2856 1018 2963 s
1025 2871 1154 2925 item
1185 2870 1228 2925 si
1259 2867 1520 2925 Seleucus
1549 2869 1693 2941 apud
1719 2870 1921 2925 Locros
1951 2871 2256 2941 dominans,
2292 2884 2349 2933 ut
2378 2878 2495 2935 Va-

467 2958 635 3017 lerius
673 2958 942 3037 Maxumus
988 2956 1155 3013 refert
1195 2955 1333 3011 libro
1362 2956 1453 3026 Vl,
1490 2956 1661 3011 filium
1691 2972 1795 3013 uno
1826 2957 2042 3015 orbavit
2072 2961 2250 3028 ocule,
2284 2962 2493 3023 altero·

469 3066 576 3123 que
591 3064 651 3105 se
679 3049 855 3121 ipsum
874 3061 971 3119 pro
991 3044 1259 3104 adulterio
1279 3036 1594 3113 commisso,
1626 3050 1684 3099 ut
1699 3045 1917 3117 justitia
1938 3055 2271 3118 servaretur,
2294 3068 2491 3113 contra

469 3138 797 3211 praedictum
842 3134 1101 3192 delictum
1143 3150 1241 3207 per
1284 3134 1457 3189 filium
1507 3140 1899 3207 perpetratum,
1947 3136 2137 3211 sicque
2177 3139 2489 3202 admirabili

469 3226 750 3299 aequitatis
782 3229 1210 3296 temperamento
1245 3238 1304 3279 se
1335 3224 1479 3278 inter
1506 3222 1918 3279 misericordem
1960 3232 2172 3297 patrem
2199 3233 2253 3283 et
2275 3228 2491 3300 justum

467 3314 837 3387 legislatorem
865 3314 1102 3386 partitus
1126 3293 1254 3395 ests
1261 3327 1433 3385 quare
1454 3328 1557 3367 non
1589 3311 1763 3381 magis
1786 3311 2081 3369 Christiani
2109 3314 2262 3372 reddi
2286 3317 2490 3376 debent

467 3402 792 3468 laudabilem
821 3402 867 3457 si
897 3416 957 3457 se
991 3408 1268 3472 exponunt
1299 3399 1643 3473 passionibus
1669 3405 1725 3455 et
1771 3402 2057 3457 tormentis
2082 3418 2181 3476 pro
2213 3405 2331 3463 zelo
2361 3407 2488 3466 fidei

467 3498 524 3548 et
562 3506 750 3548 amore
781 3489 900 3555 Dei,
953 3504 1018 3545 ac
1047 3488 1344 3545 virtutibus
1384 3488 1549 3544 variis
1593 3494 1886 3547 conantur..
1907 3488 2119 3559 florere,
2168 3497 2229 3549 ut
2266 3510 2489 3567 reguum

466 3583 876 3655 consequantur
903 3585 1195 3645 aeternum,·
1221 3591 1288 3633 ac
1315 3577 1516 3633 Christi
1540 3576 1881 3649 principatus
1910 3586 2192 3636 accrescat
2222 3581 2274 3637 in
2298 3598 2492 3642 eorum

465 3666 724 3723 meritis?
773 3666 904 3722 Haec
933 3670 1117 3721 autem
1164 3666 1505 3737 Augustinus
1535 3664 1612 3721 De
1640 3664 1757 3721 Giv.
1791 3665 1915 3734 Dei,
1964 3669 2123 3741 quasi
2171 3685 2270 3742 per
2312 3679 2489 3731 totum

468 3752 744 3829 subtiliter
791 3752 956 3811 valde
1001 3766 1068 3809 ac
1109 3753 1305 3809 diffuse
1352 3760 1674 3826 pertractat.
1725 3754 1953 3827 Propter
1998 3758 2145 3831 quod
2188 3764 2244 3814 et
2281 3758 2492 3821 dictum

471 3836 674 3894 librum
712 3838 863 3906 fecit,
907 3840 1053 3911 quod
1083 3846 1138 3897 et
1172 3840 1377 3899 iactum
1409 3841 1510 3897 suit
1539 3842 1865 3899 intermedio
1895 3844 2139 3917 tempore
2166 3862 2198 3905 a
2240 3850 2493 3920 passione
