2784 4392
496 262 616 327 448
969 272 1027 330 ε.
1068 275 1305 325 rnotm
1342 269 1677 329 Aotnzurrs
1716 265 2030 321 ornacum

497 399 624 448 nitas
647 404 719 448 est
744 398 1055 461 solummodo,
1079 412 1172 447 non
1197 396 1522 461 quaternitas:
1546 393 1662 460 quia
1686 394 1911 459 quaelibet
1936 393 2077 443 trium
2105 405 2415 455 personarum
2441 398 2519 445 est

496 479 583 527 illa
618 492 711 541 res,
753 479 979 529 videlicet
1016 480 1296 540 substantia,
1329 477 1556 538 essentia,
1599 473 1700 525 sive
1726 481 1895 523 natura
1934 474 2117 535 divina,
2151 488 2256 537 quae
2292 474 2396 523 sola
2442 480 2521 523 est

496 561 822 611 universorum
845 561 1150 624 principium,
1169 566 1338 623 praeter
1371 558 1498 621 quod
1526 557 1655 606 aliud
1686 554 1896 605 inveniri
1924 568 2019 604 non
2047 560 2216 617 potest.
2240 556 2297 604 Et
2318 555 2405 603 illa
2433 568 2521 605 res

497 652 594 688 non
621 648 694 690 est
721 654 954 703 generans
979 652 1132 702 neque
1173 639 1348 704 genita,
1376 652 1463 687 nec
1484 636 1772 699 procedens;
1810 634 1893 684 sed
1923 642 1993 684 est
2014 635 2155 684 Pater
2180 635 2262 698 qui
2290 642 2514 698 generat,

497 718 648 769 Filius
669 722 750 783 qui
776 722 1000 786 gignitur,
1022 728 1068 769 et
1085 720 1286 781 Spiritus
1309 725 1500 767 sanctus
1524 718 1606 780 qui
1634 715 1871 777 procedit3
1902 722 1956 763 ut
1984 715 2310 763 distinctiones
2337 715 2435 764 sint
2466 718 2519 764 in

499 802 713 865 personis
733 809 778 851 et
800 803 958 850 unitas
992 802 1043 849 in
1065 807 1249 851 natura.
1275 799 1406 848 Licet
1428 798 1575 862 igitur
1601 798 1727 846 alius
1750 797 1814 845 sit
1842 797 1995 855 Pater,
2028 796 2151 845 alius
2187 796 2358 855 Filius,
2384 797 2519 845 alius

500 883 702 944 Spiritus
739 888 946 943 sanctus,
981 895 1076 931 non
1115 889 1271 930 tamen
1307 880 1439 928 aliud
1466 878 1588 928 :sed
1623 878 1673 927 id
1706 876 1833 940 quod
1868 883 1939 925 est
1984 877 2137 936 Pater,
2169 884 2239 925 est
2271 877 2420 925 Filius
2470 884 2519 926 et

499 963 700 1025 Spiritus
737 971 947 1023 sanctus,
988 946 1115 1011 idem
1149 961 1366 1019 omnium
1406 963 1461 1007 ut
1492 958 1751 1007 secundum
1788 957 2092 1005 orthodoxam
2134 964 2179 1005 et
2226 958 2517 1005 catholicam

501 1042 639 1091 fidem
665 1043 1090 1092 consubstantiales
1125 1055 1228 1090 esse
1265 1040 1535 1091 credantur.
1562 1040 1699 1087 Pater
1726 1038 1850 1087 enim
1878 1039 1936 1086 ab
1974 1043 2149 1086 aeterno
2170 1038 2343 1086 Filium
2363 1052 2515 1102 gene-

501 1123 666 1183 rando,
701 1137 834 1171 suam
875 1123 1187 1171 substantiam
1221 1122 1265 1170 ei
1299 1120 1451 1181 dedit,
1479 1122 1615 1181 juxta
1646 1117 1772 1181 quod
1813 1118 1913 1179 ipse
1950 1124 2187 1166 testatur:
2214 1120 2357 1165 Pater
2388 1123 2517 1177 quod

501 1206 626 1249 dedit
649 1206 784 1263 mihi,
802 1205 954 1261 majus
979 1210 1044 1250 est
1067 1204 1299 1249 omnibus.
1320 1202 1388 1249 Ac
1406 1201 1501 1249 dici
1524 1213 1620 1248 non
1644 1206 1796 1262 potest
1818 1198 1942 1261 quod
1962 1205 2141 1259 partem
2166 1211 2261 1247 suae
2285 1198 2518 1247 substan-

504 1282 580 1330 tiae
609 1280 678 1328 illi
703 1281 885 1330 dederit
907 1287 953 1329 et
970 1288 1158 1343 partem·
1171 1280 1419 1328 retinuerit
1441 1279 1547 1341 ipse
1569 1278 1662 1326 sibi
1688 1291 1701 1326 :
1730 1291 1835 1326 cum
1866 1278 2127 1326 substantia
2154 1277 2308 1327 Patris
2333 1279 2513 1328 indivi-

502 1361 656 1409 sibilis
678 1362 757 1422 sit,
781 1367 940 1423 utpote
963 1360 1158 1421 simplex
1181 1360 1392 1409 omnino.
1416 1359 1509 1407 Sed
1528 1372 1614 1407 nec
1634 1358 1728 1407 dici
1748 1365 1919 1421 potest,
1940 1358 2066 1421 quod
2096 1361 2229 1407 Pater
2256 1358 2307 1407 in
2336 1358 2511 1407 Filium

504 1441 792 1493 transtulerit
815 1455 948 1491 suam
965 1440 1280 1489 substantiam
1309 1438 1593 1499 generando,
1624 1438 1763 1501 quasi
1796 1438 1865 1487 sic
1890 1438 2071 1487 dederit
2097 1452 2197 1487 eam
2221 1438 2363 1499 Filio,
2382 1441 2511 1501 quod

505 1536 599 1575 uon
621 1521 869 1571 retinuerit
903 1522 1056 1583 ipsam
1095 1520 1189 1569 sibi
1213 1531 1227 1567 t
1255 1519 1467 1581 alioquin
1500 1518 1719 1567 desiisset
1762 1530 1867 1567 esse
1912 1518 2193 1567 substantia.
2232 1520 2363 1567 Patet
2397 1532 2513 1581 ergo

505 1603 631 1669 quod
655 1602 758 1651 siue
789 1602 888 1651 ulla
923 1600 1236 1649 diminutione
1261 1599 1411 1650 Filius
1442 1598 1677 1647 nascendo
1704 1598 2013 1646 substantiam
2042 1597 2197 1645 Patris
2229 1597 2441 1659 accepit;
2466 1607 2513 1647 et

503 1685 571 1733 ita
598 1683 738 1731 Pater
760 1688 806 1731 et
831 1682 979 1731 Filius
1001 1680 1178 1729 habent
1200 1679 1413 1729 eamdem
1446 1678 1789 1737 substantiam;
1816 1670 1954 1726 etsie
1985 1677 2149 1727 eadem
2166 1690 2243 1725 res
2264 1684 2339 1727 est
2370 1678 2511 1727 Putet

507 1769 554 1813 et
576 1763 742 1823 Filius,
767 1774 856 1811 nec
881 1774 978 1811 non
1000 1767 1048 1811 et
1071 1759 1277 1822 Spiritus
1299 1765 1493 1807 sanctus
1514 1758 1576 1807 ab
1601 1766 1799 1821 utroque
1821 1757 2099 1821 procedens.

565 1846 679 1893 Cum
702 1855 813 1907 ergo
835 1842 1010 1891 veritas
1030 1854 1117 1903 pro
1141 1840 1361 1889 fidelibus
1391 1838 1492 1889 suis
1516 1838 1575 1887 ad
1600 1839 1783 1887 Patrem
1806 1844 1909 1887 orat
1926 1835 2180 1901 inquiens:
2218 1839 2324 1886 Volo
2348 1845 2400 1885 ut
2420 1842 2513 1899 ipsi

506 1913 600 1973 sint
625 1938 774 1971 unum
799 1926 852 1971 itt
877 1924 1026 1981 nobis,
1051 1925 1170 1969 sicut
1192 1927 1236 1968 st
1271 1934 1356 1967 nos
1379 1934 1529 1966 unum
1553 1934 1711 1989 sumus
1732 1934 1748 1967 .-
1777 1918 1867 1966 hoc
1894 1930 2065 1966 nomen
2096 1919 2247 1965 Unum
2272 1931 2358 1979 pro
2382 1918 2513 1969 fido-

511 2004 640 2053 libus
667 2002 858 2066 quidem
885 2001 1114 2063 accipitur
1143 2006 1194 2048 ut
1212 1998 1504 2063 intelligatur
1520 1998 1633 2047 unio
1664 1998 1875 2046 caritatis
1905 1997 1955 2047 in
1984 1996 2159 2059 gratia3
2186 2010 2271 2058 pro
2294 1999 2515 2059 personis

509 2096 622 2133 vero
647 2081 836 2141 divinis,
867 2086 920 2129 ut
943 2078 1212 2129 attendatur
1244 2077 1505 2127 identitatis
1532 2078 1582 2127 in
1616 2084 1784 2129 natura
1816 2077 1991 2137 unitas,
2016 2077 2405 2139 quemadmodum
2430 2094 2514 2131 ve-

508 2162 624 2211 ritas
643 2160 756 2209 alibi
793 2159 899 2209 ait:
927 2161 1082 2207 Estote
1113 2162 1332 2221 perfecti,
1355 2162 1474 2207 sicut
1503 2166 1547 2207 et
1582 2161 1725 2207 Pater
1762 2166 1911 2207 voster
1936 2161 2121 2207 calestia
2156 2159 2389 2220 perfectus
2412 2168 2511 2221 ⁶⁸⁸3

509 2254 565 2293 ac
596 2240 640 2291 si
675 2240 853 2290 diceret
887 2236 1182 2289 manifestius
1219 2251 1232 2289 ε
1267 2239 1425 2288 Estote
1462 2237 1656 2301 perfecti
1697 2237 1983 2301 perfectione
2014 2237 2191 2303 gratiae,
2223 2239 2349 2289 sicut
2377 2238 2514 2293 Pater

507 2327 662 2373 vester
679 2322 881 2373 caelestis
899 2320 1128 2383 perfectus
1147 2326 1216 2371 est
1233 2318 1517 2383 perfectione
1534 2324 1711 2367 naturae
1732 2324 1747 2366 t
1766 2318 1964 2381 utraque
1992 2317 2211 2367 videlicet
2228 2332 2317 2371 suo
2338 2320 2478 2371 modo
2495 2334 2513 2382 3

509 2401 622 2465 quia
647 2402 772 2451 inter
793 2402 1059 2451 Creatorem
1089 2408 1135 2450 et
1157 2406 1423 2449 creaturam
1446 2410 1542 2449 non
1569 2404 1723 2463 potest
1752 2404 1882 2449 tanta
1908 2396 2167 2449 similitudo
2197 2400 2367 2463 notari,
2394 2402 2515 2465 quin

509 2482 636 2531 iuter
655 2495 737 2533 eos
765 2483 914 2545 major
935 2482 1000 2531 sit
1019 2480 1357 2531 dissimilitudo
1383 2479 1615 2529 notanda.

571 2563 622 2613 si
654 2563 762 2627 quis
801 2563 946 2627 igitur
983 2563 1266 2613 senteutiam
1303 2557 1407 2611 sive
1444 2559 1706 2609 doctrinam
1750 2556 1929 2621 praefati
1956 2557 2169 2609 Joachim
2190 2559 2241 2609 in
2268 2560 2357 2611 bac
2379 2568 2517 2624 parta
2559 2549 2568 2558 ’

511 2640 758 2693 defendere
786 2644 860 2693 vel
880 2644 1139 2705 approbare
1166 2640 1519 2705 praesumpserit
1541 2646 1777 2703 tamquam
1802 2638 2051 2689 haereticus
2073 2639 2132 2687 ab
2160 2641 2379 2691 omuibus
2400 2656 2515 2691 con-

511 2721 702 2773 futetur.
739 2724 792 2771 lu
825 2722 954 2771 nullo
1001 2730 1156 2771 tamen
1192 2734 1276 2784 per
1302 2722 1393 2770 hoc
1418 2715 1629 2769 Florensi
1656 2718 1957 2779 monasterio,
1994 2719 2129 2780 cujus
2162 2719 2267 2782 ipse
2300 2720 2517 2772 Joaehim

515 2802 674 2851 extitit
694 2802 960 2863 institutor,
985 2802 1200 2850 volumus
1224 2798 1441 2863 derogari
1466 2812 1479 2849 ε
1504 2798 1729 2861 quoniam
1761 2798 1829 2847 ibi
1864 2804 1913 2847 et
1938 2798 2167 2861 regularis
2188 2800 2425 2851 institutio
2446 2810 2521 2851 est

511 2884 558 2927 et
601 2878 902 2927 observantia
945 2878 1200 2937 salutaris3
1229 2878 1433 2925 maxime
1468 2890 1577 2925 eum
1615 2876 1742 2925 idem
1774 2875 1987 2925 Joaehim
2026 2877 2185 2925 omnia
2224 2878 2399 2939 scripta
2430 2894 2523 2929 sua

513 2957 652 3007 nobis
675 2958 904 3023 assignari
927 2957 1238 3021 mandaverit,
1261 2957 1531 3020 apostolieae
1560 2956 1691 3007 sedis
1718 2956 1898 3021 judicio
1927 2956 2249 3018 approbanda,
2270 2972 2355 3007 seu
2374 2961 2522 3009 etiam

513 3038 792 3102 corrigenda
815 3051 829 3089 ε
861 3037 1045 3089 dictans
1065 3038 1326 3101 epistolam,
1345 3038 1424 3087 eui
1442 3038 1637 3101 propria
1658 3050 1801 3087 manu
1822 3035 2121 3098 subscripsit,
2133 3038 2182 3085 in
2204 3051 2297 3100 qua
2320 3039 2525 3091 firmiter

513 3120 755 3171 confitetur
772 3134 824 3169 se
847 3120 977 3169 illam
997 3119 1134 3169 fidem
1158 3127 1317 3169 tenere
1339 3132 1481 3182 quam
1500 3121 1713 3169 Romana
1730 3123 1859 3167 tenet
1874 3116 2104 3178 Ecclesia,
2120 3130 2223 3179 quta
2243 3128 2523 3171 cunctorum

516 3200 744 3261 fidelium,
772 3201 1049 3263 disponente
1077 3200 1295 3261 nominc,
1315 3206 1465 3249 mater
1496 3206 1567 3249 est
1597 3205 1647 3247 et
1675 3198 1915 3261 magistra.
1942 3198 2261 3259 Reprobamus
2298 3201 2441 3249 etiam
2474 3209 2529 3253 et

513 3280 788 3329 damnamus
810 3279 1214 3343 perversissimum
1242 3279 1417 3343 dogma·
1444 3278 1580 3343 impii
1610 3277 1856 3339 Amalrici,
1880 3278 2015 3339 eujus
2055 3285 2260 3329 mentem
2286 3279 2357 3329 sic
2386 3287 2526 3343 pater

516 3360 752 3411 mendacii
786 3360 1054 3423 excaecavit,
1073 3365 1127 3409 ut
1153 3361 1255 3423 ejus
1289 3359 1625 3413 doetrinamn
1652 3364 1748 3409 tam
1774 3358 1995 3409 haeretics
2022 3358 2259 3409 censenda
2292 3360 2357 3411 sit
2376 3374 2526 3424 quam

513 3436 704 3491 insana.
1397 3462 1403 3467 ·
1568 3429 1574 3436 ’

585 3622 614 3657 α
649 3600 984 3659 Damnamus
1019 3614 1154 3673 ergo
1193 3604 1250 3659 et
1290 3598 1671 3671 reprobamus,
1694 3604 1829 3667 etc„
1858 3618 1887 3653 a
1920 3598 2167 3672 exposita
2209 3599 2387 3659 forma
2422 3616 2527 3661 ca·

517 3690 738 3753 tholicae
767 3690 890 3747 fidei
929 3690 983 3747 in
1024 3688 1483 3762 praecedentibus,
1514 3686 1567 3745 iu
1612 3688 1717 3745 hac
1756 3688 2021 3745 decretali
2048 3690 2342 3746 damnatur
2368 3707 2527 3749 error

514 3778 780 3845 bachim,
811 3777 1104 3849 reprobare
1133 3776 1368 3833 volentis
1410 3776 1719 3835 doctrinam
1760 3777 2005 3850 Magistri
2032 3779 2175 3835 Petri
2224 3779 2527 3838 Lombardi

513 3862 666 3919 circa
696 3864 970 3921 unitatem
997 3863 1200 3923 divinae
1222 3865 1480 3924 essentiae
1516 3870 1569 3920 ut
1595 3865 1919 3924 Trinitatem
1949 3882 2326 3939 personarum.
2356 3868 2427 3925 Et
2464 3879 2527 3927 ut

1680 4059 1788 4068 «ο...-
1833 4060 1861 4067 .-
