2784 4392
727 288 836 338 xv,
865 300 946 324 ε-
971 291 1050 338 nn
1090 289 1393 354 anamma
1436 289 1773 367 remmom
2126 261 2249 333 319

251 404 452 464 bantur
481 423 516 466 a
555 408 802 468 Romano
829 410 1028 484 populo
1071 416 1292 485 propter
1329 411 1577 486 corporis
1617 410 1736 483 ejus
1774 405 2249 482 pulchritudinem,

251 501 307 550 et
339 496 508 553 animi
539 499 886 571 probitatem,
917 515 1080 558 suum
1101 508 1407 558 creatorem
1430 507 1487 558 et
1514 499 1779 558 factorem
1804 497 2061 572 quaesivit
2086 513 2122 554 a
2146 497 2255 570 Sy-

249 582 380 642 billa
409 586 729 660 Tyburtina,
761 603 926 662 quem
955 596 1011 646 et
1043 590 1252 646 invenit
1279 595 1336 646 et
1363 589 1635 657 adoravit,
1664 586 2049 662 prohibuitque
2074 585 2255 642 edicto

251 673 484 745 publico,
515 691 586 732 ne
619 677 797 751 ipsum
839 677 1068 734 ulterius
1099 678 1302 752 aliquis
1327 677 1399 736 de
1426 677 1575 736 dicto
1610 676 1810 752 populo
1852 676 2126 741 adoraret,
2169 671 2256 730 vel

252 763 421 819 Deum
451 770 546 820 aut
587 765 878 822 Dominum
906 773 1147 823 vocaret.
1180 767 1428 842 Amplius
1457 773 1661 836 autem,
1690 767 1747 822 in
1782 770 2050 840 quantum
2077 763 2259 820 Domi·

250 867 368 922 nus,
417 853 548 926 quia
587 869 695 911 non
744 861 824 913 est
866 862 1098 928 potestas
1135 855 1244 924 nisi
1283 873 1318 913 a
1367 857 1501 922 Deo,
1545 865 1607 914 ut
1648 854 1940 928 Apostolus
1996 853 2133 910 dicit
2183 852 2253 908 ad

249 941 404 998 Rom.
435 957 570 999 xm.
597 943 753 1088 {nde
777 949 835 1000 et
857 943 1010 1002 vices*
1031 945 1131 1002 Dei
1159 944 1302 1018 gerit
1330 945 1386 1001 in
1416 945 1599 1013 terris,
1633 952 1696 1000 ut
1720 943 1929 1000 dictum
1959 945 2045 999 est
2066 938 2253 1013 supra.

315 1031 544 1104 Propter
589 1049 626 1105 q
664 1031 732 1088 od
781 1038 896 1090 tota
938 1034 1116 1090 virtus
1141 1033 1370 1090 dominii
1401 1049 1469 1090 ex
1512 1035 1627 1090 Deo
1665 1031 1937 1106 dependet
1964 1031 2107 1087 sicut
2138 1029 2257 1108 ejus

248 1118 502 1185 ministri,
553 1120 644 1175 ubi
685 1128 871 1178 autem
915 1128 1000 1178 est
1029 1121 1397 1196 dependentia
1440 1137 1473 1178 a
1518 1120 1781 1188 dominio,
1822 1117 2129 1176 necessaria
2170 1122 2257 1174 est

247 1209 542 1280 superioris
565 1211 894 1277 reverentia,
921 1211 1051 1284 quia
1071 1227 1170 1285 per
1187 1227 1247 1267 se
1271 1209 1405 1268 nihil
1430 1215 1597 1267 estut
1625 1210 1683 1266 in
1705 1208 1971 1266 ministris
1990 1207 2255 1280 regalium

247 1297 520 1354 curiarum
551 1299 843 1372 contingit.
887 1300 1116 1372 Propter
1143 1299 1291 1374 quod
1333 1299 1392 1355 in
1428 1297 1761 1374 Apocalypsi
1800 1298 2255 1373 quotiescumque

247 1385 422 1457 agitur
451 1387 520 1443 de
541 1385 853 1444 ⁴coelestium
883 1389 1182 1464 spirituum
1223 1388 1551 1456 ministerio,
1584 1388 1681 1462 qui
1716 1404 1814 1460 per
1840 1387 2086 1444 seniores
2127 1391 2257 1440 tan-

245 1491 408 1546 quam
437 1477 765 1533 maturiores
804 1477 860 1532 in
889 1475 1218 1544 actionibus,
1247 1483 1306 1532 et
1331 1475 1591 1532 animalia
1618 1491 1747 1548 quae
1778 1475 1962 1548 potius
1998 1478 2253 1545 aguntur,

245 1578 410 1636 quam
447 1559 614 1634 agan't
657 1571 714 1620 et
756 1563 1065 1620 vehementi
1107 1563 1464 1620 irradiatione
1506 1562 1724 1634 divina,
1758 1569 1815 1618 et
1852 1561 1911 1617 in
1950 1561 2257 1617 ministerio

245 1651 620 1722 designantur,
665 1667 882 1724 semper
909 1651 978 1708 de
1007 1651 1216 1709 eisdem
1247 1651 1621 1725 subjungitur,
1664 1649 1813 1724 quod
1854 1647 2175 1706 ceciderunt
2200 1647 2256 1704 in

245 1739 414 1797 facies
453 1755 602 1808 suae,
647 1745 704 1797 et
741 1741 1112 1798 adoraverunt
1148 1741 1344 1800 Deum.
1390 1740 1499 1812 Qui
1526 1739 1749 1814 quidem
1784 1737 1895 1796 duo
1932 1742 2090 1796 actus
2128 1743 2261 1794 sunt

244 1828 441 1900 latriae,
467 1845 564 1887 seu
589 1827 760 1886 divini
791 1829 996 1886 cultuS.
1022 1829 1178 1888 Unde
1205 1837 1262 1887 et
1297 1829 1390 1886 ille
1424 1827 1925 1886 Nabuchodonosor
1958 1826 2254 1884 monarcha

245 1918 298 1974 in
333 1915 576 1982 Oriente,
617 1923 680 1974 ut
705 1917 964 1975 scribitur
993 1917 1050 1974 in
1073 1917 1320 1987 Daniele,
1355 1933 1437 1985 xv,
1470 1921 1559 1986 22,
1590 1915 1723 1989 quia
1756 1931 1919 1974 suum
1952 1914 2259 1972 dominium

243 2021 352 2063 non
375 2005 772 2080 recognocebat
799 2023 834 2064 a
856 2007 992 2074 Deo,
1021 2007 1328 2064 secundum
1359 2021 1519 2064 suam
1548 2005 2015 2078 imaginationem,
2045 2004 2099 2060 in
2124 2004 2257 2062 bes-

244 2095 379 2152 tiam
402 2103 488 2153 est
517 2095 834 2162 translatus,
863 2103 920 2152 et
941 2095 1153 2153 dictum
1175 2102 1262 2153 est
1281 2096 1332 2152 ei
1359 2112 1374 2152 ι
1404 2095 1609 2170 Septem
1638 2081 1879 2168 tempora
1898 2091 2259 2150 mutabuntur

242 2199 402 2256 super
440 2192 512 2250 te,
549 2183 710 2240 donec
731 2183 872 2240 scias
897 2183 1036 2256 quod
1067 2183 1377 2242 dominetur
1402 2183 1631 2240 excelsus
1670 2182 1733 2238 in
1769 2197 1933 2255 regno
1957 2181 2257 2248 hornutum,

241 2277 294 2328 et
321 2272 624 2345 cuicumque
650 2270 906 2339 voluerit,
933 2272 1020 2330 det
1045 2272 1206 2330 illud.

311 2361 468 2417 Circa
493 2361 642 2434 quod
665 2362 838 2418 etiam
863 2361 1106 2418 monitus
1132 2360 1462 2428 Alexander,
1488 2367 1551 2418 ut
1576 2358 1823 2420 historiae
1852 2359 2099 2428 tradunt,
2126 2374 2255 2418 cum

243 2449 525 2522 proposito
549 2449 758 2508 vadens
779 2451 836 2506 in
859 2449 1106 2510 Judaeam
1131 2449 1453 2517 destruendi
1478 2449 1776 2522 regionem,
1804 2465 1933 2507 cnm
1954 2449 2257 2522 appropin-

241 2539 436 2611 quanti
463 2538 804 2596 Hierusalem
829 2540 882 2596 ei
919 2541 1061 2598 irato
1093 2539 1152 2596 in
1195 2536 1336 2596 albis
1359 2539 1619 2596 Summus
1645 2537 1895 2596 Pontifex
1919 2539 2253 2595 occurrisset

242 2641 374 2682 cum
417 2627 684 2684 ministris
711 2628 920 2703 templi,
953 2625 1382 2696 mansuefactae,
1412 2634 1471 2684 et
1500 2628 1573 2684 de
1596 2642 1743 2701 equo
1767 2626 2105 2685 descendens
2137 2625 2263 2700 ipse-

241 2730 368 2771 eum
385 2715 502 2772 vice
518 2717 615 2772 Dei
629 2723 880 2774 revertus
891 2725 996 2785 est,
1013 2723 1071 2774 et
1086 2717 1366 2790 ingressus
1383 2715 1668 2790 templum,
1688 2717 1944 2774 maximis
1964 2714 2253 2774 honoravit
2324 2765 2331 2769 .

241 2803 416 2872 donis,
445 2810 502 2860 et
529 2813 748 2876 gentem
771 2811 946 2862 totam
973 2821 1074 2878 pro
1099 2805 1285 2864 divina
1311 2806 1620 2864 reverentia
1642 2805 1899 2863 libertate
1918 2805 2165 2862 donavit.
2252 2829 2263 2835 ·

311 2891 434 2946 Non
461 2891 638 2948 solum
669 2899 854 2948 autem
881 2894 1030 2950 sicut
1055 2893 1218 2951 homo
1245 2902 1304 2950 et
1329 2895 1585 2951 dominus
1606 2893 1675 2952 ad
1704 2894 1950 2952 divinum
1978 2894 2250 2967 obligatur

241 2977 474 3046 cultum,
501 2979 598 3036 sed
636 2981 804 3036 etiam
831 2980 976 3037 sicut
1003 2988 1060 3038 et
1085 2996 1202 3051 rex,
1227 2981 1360 3056 quia
1384 2984 1719 3054 inunguntur
1744 2982 1866 3039 oleo
1896 2991 2246 3048 consecrato;

242 3077 305 3126 ut
325 3075 478 3142 patet
503 3067 572 3124 de
595 3069 816 3140 regibus
835 3069 1120 3126 Israelitici
1140 3070 1344 3143 populi,
1371 3072 1469 3143 qui
1492 3072 1615 3128 oleo
1629 3079 1825 3128 sancto
1848 3071 2250 3142 inungebantur

245 3155 500 3213 manibus
519 3155 930 3228 Prophetarum,
951 3157 1097 3214 unde
1117 3163 1176 3213 et
1193 3157 1397 3214 Christi
1420 3157 1640 3214 Domini
1662 3157 2001 3216 vocabantur
2026 3163 2249 3230 propter

241 3244 622 3302 excellentiam
646 3245 866 3302 virtutis
891 3249 950 3302 et
985 3245 1182 3318 gratiae
1207 3246 1266 3301 in
1291 3244 1677 3318 conjunctione
1706 3245 1777 3304 ad
1812 3245 2007 3312 Deum,
2050 3245 2250 3318 quibus

239 3332 458 3408 praediti
483 3348 605 3390 esse
633 3332 940 3403 debebant;
969 3335 1270 3394 secundum
1291 3349 1459 3408 quam
1488 3335 1803 3392 unctionem
1828 3331 2248 3405 consequeban-

241 3427 333 3486 tur
371 3421 669 3496 quamdam
707 3422 1074 3480 reverentiam
1111 3431 1171 3480 et
1207 3423 1539 3480 delationem
1566 3423 1807 3480 honoris.
1847 3423 2074 3494 Propter
2102 3421 2249 3493 quod

240 3512 410 3568 etiam
424 3510 620 3578 David,
643 3511 774 3584 quia
799 3511 1048 3584 praecidit
1069 3511 1362 3568 clamidem
1376 3513 1521 3584 regis
1542 3511 1739 3580 Saulis,
1768 3509 2039 3584 percussit
2058 3515 2249 3582 pectus

240 3615 400 3656 suum
427 3601 482 3654 in
501 3600 856 3672 poenitudinis
875 3601 1110 3672 signum,
1137 3608 1198 3656 ut
1218 3600 1479 3656 scribitur
1500 3599 1559 3656 in
1584 3599 1721 3656 libro
1736 3600 1763 3658 1
1781 3601 1917 3672 Reg.
1942 3599 2061 3656 Rex
2078 3598 2247 3654 etiam

239 3687 416 3753 David
441 3705 566 3745 cum
596 3687 1021 3745 lamentabiliter
1043 3688 1294 3763 deplorat
1317 3694 1549 3745 mortem
1575 3689 1757 3747 Saulis
1783 3694 1841 3744 et
1866 3686 2135 3754 lettaniae,
2164 3687 2241 3744 ita

145 3786 152 3792 ·
240 3777 518 3850 querelam
545 3778 798 3850 proponit
817 3776 888 3834 de
905 3777 1320 3852 Allophylorum
1341 3777 1719 3844 irreverentia,
1746 3776 1891 3848 quod
1920 3775 2003 3832 sic
2024 3775 2247 3831 occide-

244 3873 369 3925 rant
395 3883 576 3939 rogem
602 3867 749 3938 Saul,
783 3867 940 3941 quasi
972 3885 1076 3926 non
1115 3873 1260 3925 esset
1285 3872 1484 3924 unctus
1511 3867 1649 3936 oleo,
1678 3871 1737 3924 ut
1762 3866 1819 3922 iu
1854 3865 1961 3922 fine
1988 3861 2255 3922 scribite
