2784 4392
441 239 526 309 24
897 252 976 305 s.
1016 253 1254 307 sacua
1289 251 1617 311 nouimus
1655 249 1973 306 croscum

448 372 598 433 tione
637 371 994 446 pensandum.
1027 374 1143 431 Hoc
1189 371 1357 431 etiam
1385 369 1675 431 ostendere
1712 370 1980 437 nituntur,
2012 382 2083 429 ex
2108 367 2222 427 voti
2252 366 2461 433 diffini-

448 461 616 523 tione.
643 462 854 521 Dicitur
883 461 1026 521 enim
1053 466 1241 521 totum
1273 476 1392 519 esse
1422 460 1643 532 sponsio
1668 456 1911 517 melioris
1934 456 2085 528 boni,
2115 458 2283 517 animi
2318 458 2463 517 deli-

446 550 730 609 horatione
766 550 1004 607 firmata.
1034 550 1114 609 Ex
1151 548 1543 608 deliberatione
1570 547 1739 619 igitur
1766 546 2037 620 dependet
2064 546 2297 605 firmitas
2319 546 2457 607 voti.

447 637 550 695 Sed
577 644 768 697 votum
804 636 1082 711 religionis
1112 642 1197 695 est
1237 636 1630 705 firmissimum,
1664 642 1855 709 utpote
1896 635 2043 707 quod
2074 634 2221 695 nullo
2264 651 2461 708 super·

445 726 698 785 veniente
721 732 902 799 potest
917 726 1136 799 infringi
1165 742 1180 783 t
1209 741 1337 798 ergo
1360 725 1645 799 praeexigit
1666 725 1961 783 maximam
1984 723 2457 789 deliberationem.

447 816 588 875 Item
617 816 720 875 hoc
748 818 998 875 nituntur
1023 815 1330 884 ostendere,
1357 831 1457 889 per
1479 814 1583 871 hoc
1605 813 1748 887 quod
1778 814 1980 871 dicitur
2010 829 2029 873 1
2061 815 2243 880 loen„
2272 830 2351 882 iv,
2376 816 2399 869 4
2442 831 2457 873 z

445 902 626 965 Nolite
668 904 816 963 omni
843 903 1069 975 spiritui
1107 904 1340 971 credere,
1381 902 1472 961 sed
1500 902 1722 975 probate
1748 902 1975 975 spiritus
1997 902 2045 959 si
2083 918 2148 959 ex
2176 902 2286 959 Deo
2315 899 2457 969 sint3

448 992 594 1067 quod
637 992 692 1049 in
739 992 1016 1064 religionis
1045 993 1273 1051 introitu
1316 992 1495 1049 locum
1524 991 1709 1061 habet,
1740 998 1801 1047 ut
1843 999 1997 1065 patet
2041 1008 2140 1065 per
2166 990 2271 1049 hoc
2313 990 2459 1064 quod

448 1077 644 1139 beatus
668 1079 995 1137 Benedictus
1032 1079 1087 1135 in
1123 1078 1347 1151 Regula,
1381 1085 1438 1135 et
1466 1077 1816 1137 Innocentius
1843 1078 1899 1135 in
1940 1078 2233 1147 Decretali,
2276 1077 2329 1135 in
2359 1077 2462 1135 boc

448 1181 580 1229 cusu
604 1165 744 1225 hanc
772 1168 1160 1225 auctoritatem
1185 1168 1469 1225 inducunt.
1500 1166 1607 1223 Sed
1632 1166 1939 1239 hujusmodi
1972 1166 2220 1239 probatio
2252 1166 2460 1237 indiget

449 1253 696 1328 diligenti
723 1256 991 1321 examine,
1021 1256 1166 1330 quod
1190 1256 1400 1329 plenius
1425 1256 1487 1312 fit
1510 1271 1607 1329 per
1630 1255 2075 1313 deliberationem
2103 1271 2225 1311 cum
2253 1255 2459 1331 mul-tis·

449 1343 679 1419 Oportet
708 1343 876 1418 igitur
903 1344 1174 1403 volentem
1205 1343 1525 1415 religionem
1552 1344 1775 1410 intrare,
1807 1344 1981 1416 primo
2010 1343 2311 1401 deliberare
2336 1358 2460 1403 cum

450 1431 656 1493 multis.
695 1432 918 1493 Addunt
961 1435 1130 1493 etiam
1173 1432 1318 1507 quod
1365 1432 1438 1489 ibi
1480 1438 1566 1491 cst
1606 1432 1893 1489 consilium
1941 1431 2327 1505 requirendum
2367 1430 2461 1489 ubi

450 1519 788 1594 deceptionis
816 1522 1119 1597 periculum
1141 1521 1415 1579 imminet.
1448 1521 1563 1579 Hoc
1590 1529 1775 1578 autem
1800 1520 2069 1591 contingit
2098 1520 2152 1575 in
2184 1519 2461 1591 religionis

449 1609 716 1683 ingressu,
746 1610 896 1687 quia,
931 1621 991 1672 ut
1019 1612 1222 1669 dicitur
1245 1626 1290 1668 ιι
1321 1610 1392 1666 ed
1417 1610 1541 1668 Cor.
1571 1625 1653 1677 xi,
1686 1612 1755 1667 tt
1780 1625 1792 1664 τ
1825 1610 1945 1681 Ipse
1971 1610 2201 1667 Satanas
2233 1609 2459 1681 transti-

447 1708 610 1773 nurat
637 1716 690 1757 se
717 1700 778 1759 in
813 1701 1057 1772 (mpetum
1079 1698 1232 1757 tucis.
1265 1699 1420 1757 Unde
1458 1698 1557 1757 sub
1585 1700 1768 1770 specie
1805 1698 1931 1755 boni
1960 1698 2167 1771 decipit
2191 1697 2458 1759 incantos.

451 1786 683 1859 Oportet
709 1788 874 1859 igitur
897 1804 1024 1847 cum
1049 1787 1235 1843 multis
1259 1785 1651 1842 deliberatione
1672 1786 1857 1843 habita
1888 1786 2204 1859 religionem
2236 1787 2458 1845 intrare.

450 1874 608 1943 item,
639 1890 704 1933 ea
747 1891 874 1947 quui
904 1881 1130 1947 possunt
1165 1873 1367 1936 babere
1399 1872 1601 1929 malum
1630 1876 1855 1941 exitum,
1884 1882 2008 1933 sunt
2038 1875 2287 1947 diligenti
2327 1892 2464 1933 con-

451 1962 574 2021 silio
619 1962 774 2035 prius
817 1961 1180 2021 examinanda
1225 1977 1239 2015 ε
1282 1958 1559 2033 religionis
1586 1968 1771 2019 autem
1804 1963 2063 2019 introitus
2096 1964 2149 2019 in
2188 1962 2462 2036 plerisque

455 2048 656 2109 malum
699 2051 908 2111 exitum
953 2049 1136 2119 habet,
1186 2049 1282 2123 qui
1319 2055 1589 2121 apostatae
1630 2056 1686 2107 et
1715 2050 1988 2123 desperati
2034 2053 2188 2109 fiunt.
2235 2052 2463 2124 Oportet
2500 2090 2505 2095 -

454 2137 620 2211 igitur
645 2137 882 2199 maxima
897 2138 1290 2197 deliberatione
1311 2138 1591 2211 praemissa
1618 2137 1933 2209 religionem
1965 2142 2189 2201 intrare.
2219 2140 2462 2214 Denique

455 2226 766 2303 ponendum
793 2236 896 2298 est,
929 2227 1076 2299 quod
1115 2227 1350 2285 maxime
1379 2227 1665 2301 replicant.
1694 2227 1906 2285 Dicitur
1931 2231 2076 2288 enim
2106 2233 2231 2287 Act.
2259 2246 2313 2296 v,
2346 2233 2413 2286 59
2446 2248 2459 2285 :

454 2315 515 2375 st
540 2332 606 2373 ex
637 2316 743 2373 Deo
770 2315 1048 2399 consitium
1076 2322 1151 2373 est
1175 2314 1270 2373 hoc
1295 2321 1390 2372 aut
1420 2332 1569 2389 opus,
1599 2333 1705 2373 non
1720 2318 1971 2389 poteritis
2000 2318 2281 2379 dissolvere
2305 2320 2458 2377 illud.

457 2404 783 2467 Dissolvitur
824 2411 1010 2465 autem
1039 2403 1377 2478 propositum
1422 2404 1699 2477 religionis
1746 2405 2015 2467 intrandae
2057 2406 2111 2465 in
2156 2407 2340 2463 multis
2372 2425 2463 2481 per

457 2494 808 2573 apostasiam.
838 2494 959 2553 Non
993 2493 1160 2567 igitur
1187 2492 1292 2552 hoc
1320 2495 1657 2567 propositum
1686 2493 1790 2549 suit
1818 2510 1849 2551 a
1880 2496 2010 2553 Deo.
2042 2495 2272 2569 Oportet
2302 2498 2464 2569 igitur

460 2598 654 2655 magua
677 2582 1068 2643 deliberatione
1090 2598 1216 2641 cum
1244 2580 1431 2641 inultis
1457 2580 1643 2639 habita
1677 2582 1825 2655 prius
1848 2584 2216 2654 considerare,
2250 2602 2319 2643 en
2344 2588 2466 2659 quis

457 2670 655 2726 debeat
697 2670 1012 2741 religionem
1049 2670 1278 2725 intrare.
1306 2670 1438 2725 Haec
1476 2670 1641 2741 igitur
1678 2678 1806 2729 sunt
1845 2672 2045 2749 quibus
2084 2676 2465 2733 necessitatem

461 2774 672 2829 magnae
695 2757 1119 2824 deliberationis,
1151 2763 1354 2813 etcum
1388 2758 1573 2815 multis
1598 2757 1880 2825 habendae,
1915 2762 2165 2818 nituntur
2192 2763 2465 2836 imponere

458 2845 544 2902 his
572 2846 666 2919 qui
710 2854 837 2902 sunt
879 2846 932 2901 in
979 2844 1240 2917 religione
1268 2846 1547 2917 intraturi,
1590 2854 1651 2905 ut
1683 2847 2055 2923 multiplicatis
2101 2852 2360 2921 consiliis,
2401 2868 2467 2907 ex

459 2933 642 3007 aliqua
673 2941 828 3009 parte
856 2922 1302 3007 impedimentum
1329 2941 1569 3007 paretur.

1228 3114 1513 3184 CAPUT
1575 3117 1696 3187 IX.

922 3246 1290 3329 Reprobatio
1311 3207 1619 3330 ‘prcediotae
1652 3251 2001 3337 positionis.

530 3384 614 3443 Ad
663 3382 828 3457 hujus
872 3389 1057 3440 autem
1118 3382 1413 3443 salsitatem
1459 3386 1775 3443 assertionis
1820 3384 2235 3455 ostendendam,
2296 3387 2471 3461 primo

462 3473 684 3545 quidem
714 3487 1058 3533 assumamus
1097 3472 1244 3545 quod
1270 3470 1500 3532 habetur
1537 3476 1729 3533 matth.
1763 3491 1838 3543 iv,
1873 3476 2017 3549 quod
2046 3476 2243 3533 Petrus
2272 3484 2323 3534 et
2348 3478 2472 3533 An·-

461 3560 617 3617 dreas
644 3562 894 3619 continuo
938 3560 1118 3617 vocati*
1140 3576 1175 3617 α
1217 3561 1468 3629 Domino,
1498 3564 1700 3621 relictis
1740 3563 1942 3621 retibus
1982 3565 2147 3622 secuti
2180 3572 2305 3623 sunt
2333 3582 2467 3621 eti-m.

463 3646 522 3702 ln
552 3661 780 3717 quorum
811 3640 1337 3707 commendationem
1366 3648 1787 3723 chrysostomus
1823 3649 1958 3706 dicit
1993 3667 2007 3706 ε
2043 3650 2109 3707 In
2130 3651 2320 3707 mediis
2348 3667 2475 3724 ope·

465 3732 614 3791 ribus
638 3734 940 3803 existentes,
969 3735 1244 3793 audientes
1263 3734 1535 3808 jubentem
1560 3722 1667 3793 non
1694 3737 2039 3795 distulerunt.
2066 3739 2191 3797 Non
2212 3739 2471 3797 dixerunt

465 3826 788 3881 revertentes
821 3820 1030 3883 domum
1055 3838 1074 3881 .·
1103 3825 1416 3898 Loquamur
1441 3823 1656 3893 amicis3
1689 3825 1779 3887 sed
1802 3826 1983 3887 omnia
2022 3827 2349 3887 dimittentes
2388 3846 2471 3885 se-
