2784 4392
429 286 549 351 156
905 303 958 350 s.
1001 301 1237 349 1·quAE
1276 301 1609 354 souma-ns
1648 301 1962 347 croscum

429 421 594 479 ritiae.
624 439 654 474 υ
682 421 788 479 Sed
811 419 889 477 illi
915 421 1010 494 qui
1037 428 1230 494 petunt
1271 420 1648 494 eleemosynas
1675 419 1779 474 sibi
1824 419 1965 486 dari,
1992 418 2203 476 faciunt
2230 419 2440 492 aliquid

429 511 485 565 in
512 526 620 584 quo
661 517 745 566 est
785 510 1000 567 occasio
1047 511 1316 566 avaritiae.
1346 509 1491 581 Ergo
1532 510 1922 584 praedicatores
1962 509 2066 565 hoc
2101 525 2208 565 non
2240 508 2444 564 debent

428 599 630 656 facere.

499 689 656 755 Item,
691 689 738 745 11
759 691 886 746 Cor.
913 703 1022 755 ιιι,
1046 689 1114 743 ⁴4
1145 704 1158 741 ι
1183 687 1307 746 Non
1331 704 1422 743 ero
1448 687 1631 761 gravis
1658 687 1822 752 vobis,
1848 704 1953 742 non
1976 687 2309 758 euimquoero
2326 703 2445 758 quoe

433 786 611 834 vestra
635 785 783 844 sunt,
806 777 895 833 sed
923 794 1029 832 vos.
1051 777 1119 833 Et
1152 776 1218 832 ad
1251 776 1386 832 Phil.
1418 776 1520 832 ult.
1552 778 1621 831 ⁴7
1649 793 1662 830 ε
1690 776 1813 833 Νοη
1856 777 1983 847 quia
2020 792 2203 846 quaero
2231 779 2439 840 datum,

430 868 517 922 sed
537 884 597 922 re
624 867 783 939 quii-o
809 867 1072 939 fructum.
1102 865 1300 924 Glossa
1327 883 1341 921 :
1372 887 1397 918 α
1432 869 1635 922 Datum
1658 873 1741 920 est
1762 865 1880 938 ipsa
1901 881 1987 920 res
2011 881 2137 938 quae
2165 864 2348 931 datur,
2375 874 2439 920 ut

432 971 707 1022 nummuS,
739 955 914 1022 cibus,
948 963 1108 1028 potus
1136 965 1190 1011 et
1218 954 1563 1026 hujusmodi3
1592 953 1803 1008 fructus
1839 962 2024 1009 autem
2064 953 2206 1010 bona
2248 969 2435 1026 opera,

431 1051 486 1100 et
520 1050 670 1100 recta
713 1044 966 1100 voluntas
1008 1045 1236 1100 datoriS.
1269 1063 1293 1095 n
1325 1044 1469 1114 Ergo
1508 1044 1620 1097 veri
1662 1042 2051 1114 praedicatores
2088 1057 2194 1098 non
2236 1042 2440 1098 debent

429 1149 678 1206 quaerere
728 1132 798 1188 ab
845 1133 928 1188 his
969 1133 1167 1206 quibus
1221 1133 1524 1206 praedicant
1564 1131 1892 1203 temporales
1942 1147 2049 1198 reS,
2094 1138 2151 1186 et
2202 1131 2281 1188 ita
2330 1147 2439 1188 non

431 1218 630 1275 debent
659 1220 728 1275 de
751 1221 1106 1276 mendicitate
1136 1221 1339 1276 vivere.

498 1305 656 1361 Item.
683 1307 732 1361 11
773 1306 843 1362 ad
885 1306 1028 1361 Tim.
1068 1321 1132 1373 11,
1165 1322 1330 1378 super
1370 1306 1504 1362 illud
1544 1325 1557 1361 :
1592 1307 1947 1364 Laboro-ntem
1986 1307 2299 1379 ayrieolam,
2324 1313 2434 1364 etc.

431 1392 565 1449 dicit
605 1391 800 1451 Glossa
833 1411 847 1448 z
878 1416 904 1447 α
944 1394 1070 1450 Vult
1115 1395 1408 1466 Apostolus
1450 1403 1509 1451 ut
1555 1397 1825 1468 intelligat
1872 1395 2242 1466 Evangelista,
2289 1397 2437 1469 quod

430 1484 739 1539 necessaria
769 1483 870 1539 sibi
895 1499 1120 1539 sumere
1150 1483 1277 1539 licet
1305 1484 1375 1539 ab
1397 1485 1495 1550 eiS,
1527 1485 1582 1539 in
1609 1485 1808 1558 quibus
1828 1486 1941 1540 Deo
1970 1483 2192 1551 militat,
2219 1491 2276 1540 et
2300 1500 2440 1556 quos

431 1581 695 1644 tanquam
719 1572 936 1629 vineam
960 1572 1137 1628 cultor
1161 1582 1399 1639 exercet,
1434 1572 1519 1628 vel
1556 1580 1817 1645 tanquam
1842 1587 2064 1644 gregem
2090 1574 2289 1644 pascit.
2315 1575 2438 1628 Non

431 1670 516 1717 est
544 1663 689 1717 enim
715 1661 1056 1728 mendicitas,
1089 1661 1187 1717 sed
1215 1668 1479 1734 potestas.
1516 1681 1541 1713 n
1569 1662 1646 1717 Ex
1671 1677 1778 1733 quo
1805 1667 1955 1733 patet
1979 1661 2125 1731 quod
2155 1661 2341 1716 vivere
2370 1661 2439 1718 de

430 1749 728 1822 Evangelio
756 1752 1045 1823 potestatis
1070 1757 1173 1816 est,
1206 1766 1313 1806 non
1341 1751 1709 1806 mendicitatis
1738 1769 1751 1804 :
1780 1750 1874 1806 sed
1916 1756 2159 1822 potestas
2194 1749 2302 1808 ista
2330 1768 2439 1809 nou

429 1839 694 1911 competit
722 1840 827 1894 nisi
855 1839 1116 1911 praelatiS.
1142 1840 1283 1912 Ergo
1309 1840 1400 1896 alii
1430 1840 1837 1912 praedicatoreS,
1865 1839 1959 1912 qui
1988 1855 2094 1895 non
2134 1847 2262 1896 sunt
2289 1857 2441 1914 prae-

429 1927 550 1998 lati,
583 1945 688 1986 non
713 1927 912 1984 debent
942 1945 1037 2000 per
1066 1928 1475 1984 mendicitatem
1504 1929 1573 1984 de
1596 1928 1891 2000 Evangelio
1911 1927 2115 1984 vivere.

501 2017 659 2074 Item.
708 2017 1047 2089 ApostolusI
1089 2017 1158 2074 ad
1187 2018 1314 2073 Cor.
1347 2033 1429 2084 ix,
1463 2016 1651 2073 volens
1698 2017 1986 2072 ostendere
2028 2016 2174 2088 quod
2216 2017 2334 2090 ipse
2370 2018 2441 2076 de

430 2107 739 2178 sumptibus
786 2106 1026 2162 fidelium
1071 2106 1256 2162 vivere
1303 2110 1539 2178 poterat,
1567 2109 1719 2178 prius
1767 2105 1961 2177 probat
2010 2121 2070 2160 se
2115 2107 2437 2178 Apostolum

433 2211 571 2251 esse.
603 2196 745 2266 Ergo
771 2195 845 2250 illi
878 2197 974 2268 qui
1003 2209 1109 2250 non
1149 2200 1279 2250 sunt
1307 2193 1577 2266 Apostoli,
1611 2211 1717 2250 non
1752 2199 1979 2267 possunt
2018 2193 2085 2250 de
2128 2195 2438 2268 sumptibus

431 2284 672 2340 fidelium
697 2285 918 2341 vivere:
945 2284 1040 2340 sed
1065 2283 1303 2356 religiosi
1330 2283 1692 2356 praedicantes
1720 2299 1829 2340 non
1858 2288 1984 2340 sunt
2013 2283 2279 2355 Apostoli,
2312 2299 2440 2341 cum

434 2387 539 2428 non
564 2373 674 2428 sint
697 2372 932 2444 praelati.
962 2373 1124 2444 Ergo,
1157 2380 1265 2430 etc.

503 2462 660 2517 Item.
690 2461 715 2516 I
743 2460 811 2518 ad
841 2461 1030 2540 Thess.
1061 2477 1124 2528 ιι,
1151 2477 1316 2534 super
1340 2459 1474 2518 illud
1498 2478 1511 2516 :
1544 2461 1680 2518 Cum
1701 2477 1966 2534 possemus
1988 2461 2131 2516 vobis
2152 2463 2305 2518 oneri
2332 2479 2440 2520 esse

433 2555 494 2607 ut
534 2549 746 2608 Christi
782 2550 1045 2624 Apostoli,
1091 2550 1225 2606 dicit
1267 2549 1467 2607 Glossa
1510 2567 1525 2606 ε
1564 2569 1592 2602 α
1625 2551 1683 2605 In
1723 2556 1935 2606 tantum
1985 2561 2177 2622 gravat
2214 2567 2437 2611 causam

431 2640 660 2711 pseudo,
690 2645 750 2694 ut
779 2655 838 2694 se
871 2639 1110 2696 abnuere
1139 2639 1307 2706 dicat,
1335 2653 1461 2694 cum
1486 2637 1650 2696 liceat
1669 2638 1747 2695 illi
1776 2639 2021 2696 subsidia
2050 2630 2325 2713 requirere
2367 2642 2437 2699 ad

433 2726 902 2799 comprimendum
929 2726 1050 2782 illos
1069 2725 1268 2799 quibus
1297 2741 1399 2782 nec
1424 2725 1660 2791 facultas
1682 2735 1821 2795 erat,
1836 2743 1935 2783 nec
1962 2731 2137 2800 pudor
2158 2731 2433 2802 poscendi.

434 2814 766 2887 Apostolicae
789 2821 973 2872 autem
1000 2815 1289 2888 potestatis
1317 2815 1563 2872 debitum
1588 2823 1749 2873 vocat
1768 2831 1905 2873 onus
1938 2824 2161 2890 propter
2198 2811 2440 2890 pseudo-

434 2903 730 2976 apostolOS,
771 2905 865 2976 qui
909 2903 1040 2959 illud
1083 2903 1323 2960 indebite
1371 2910 1715 2978 usurpantes,
1768 2907 2076 2979 importune
2120 2923 2152 2964 a
2192 2907 2440 2980 plebibus

434 2992 744 3064 exigebant.
768 3013 794 3045 ³>
821 2993 900 3048 Ex
924 3008 1032 3066 quo
1053 2998 1204 3064 patet
1232 2993 1375 3066 quod
1404 2994 1479 3050 illi
1506 2995 1598 3067 qui
1630 2995 1855 3066 exigunt
1878 2997 2084 3050 victum
2112 3013 2142 3052 a
2169 2996 2437 3068 plebibuS,

434 3097 558 3139 cum
589 3096 696 3137 non
725 3080 1111 3154 sintApostoli,
1133 3082 1186 3137 id
1212 3091 1295 3138 est
1318 3083 1549 3154 praelati,
1571 3091 1697 3138 sunt
1727 3084 2013 3155 reputandi
2037 3085 2239 3154 pseudo
2260 3089 2443 3156 Apos-

433 3171 555 3227 toli.
576 3171 719 3242 Ergo
745 3170 1093 3244 praedicatori
1120 3171 1214 3243 qui
1240 3186 1345 3227 non
1390 3179 1473 3228 est
1500 3171 1776 3244 praelatus,
1808 3187 1914 3228 non
1952 3171 2077 3226 licet
2104 3171 2437 3232 mendicare.

503 3260 661 3316 Item.
692 3259 1084 3317 Praedicatores
1124 3259 1351 3332 quinon
1379 3268 1507 3316 sunt
1534 3260 1764 3331 praelati,
1794 3261 1999 3315 victum
2042 3274 2201 3316 suum
2245 3261 2316 3318 ab
2358 3262 2442 3318 his

435 3349 636 3424 quibus
661 3349 963 3423 praedicant
1001 3347 1358 3404 mendicando
1387 3357 1716 3421 quaerenteS,
1750 3357 1845 3406 aut
1871 3357 2125 3421 quaerunt
2166 3352 2312 3424 quod
2357 3359 2440 3408 est

432 3440 517 3495 eis
543 3438 787 3494 debitum
818 3443 914 3494 aut
941 3437 1086 3510 quod
1119 3452 1225 3493 non
1263 3445 1346 3494 est
1373 3438 1454 3493 eis
1484 3437 1756 3506 debitum;
1788 3438 1835 3494 si
1865 3438 2010 3510 quod
2050 3440 2130 3496 eis
2170 3440 2436 3507 debitum,

433 3543 564 3600 ergo
592 3532 820 3600 possunt
845 3526 977 3583 illud
1009 3526 1340 3598 potestative
1364 3527 1581 3598 exigere
1610 3536 1665 3583 et
1690 3543 1787 3600 per
1816 3529 2263 3594 coarctationem,
2294 3528 2437 3602 quod

433 3617 726 3673 manifeste
749 3613 835 3672 est
858 3615 1089 3684 falsum3
1123 3617 1166 3672 si
1201 3623 1383 3680 autem
1411 3624 1602 3687 petunt
1626 3616 1768 3689 quod
1805 3634 1908 3674 non
1938 3624 2022 3672 est
2051 3617 2131 3672 eis
2172 3617 2435 3683 debitum,

435 3721 568 3776 ergo
597 3711 654 3760 et
677 3705 918 3762 indebite
947 3714 1002 3763 et
1047 3705 1248 3777 injuste
1278 3711 1491 3778 petunt,
1522 3712 1579 3761 et
1621 3707 1702 3761 sic
1728 3706 1935 3779 pseudo
1973 3706 2261 3778 reputandi
2292 3712 2437 3773 sunt,

435 3799 499 3849 ut
525 3797 677 3863 patet
704 3809 801 3863 per
831 3793 1083 3850 Glossam
1113 3794 1264 3866 prius
1290 3793 1593 3850 inductam.

429 3897 436 3906 ·
507 3880 666 3937 Item.
693 3879 911 3937 Praelati
939 3882 1270 3952 recipientes
1297 3897 1328 3938 a
1357 3882 1611 3954 plebibus
1632 3883 1893 3952 decimas,
1926 3891 1981 3942 et
2012 3883 2314 3943 oblationes
2359 3891 2445 3941 te-
