2784 4392
437 239 558 330 128
911 259 968 310 s.
1009 254 1246 319 mortar
1285 252 1617 312 neuma-ris
1656 254 1970 306 croscum

441 385 624 437 autem
654 377 1003 453 subjungitur
1031 378 1087 434 in
1113 379 1344 449 Glossa3
1377 397 1403 432 α
1433 377 1551 435 vult
1579 392 1767 437 servos
1799 377 1903 434 Dei
1932 375 2291 454 corporaliter
2312 392 2449 452 ope-

441 471 571 536 rari,
595 488 620 522 a>
645 485 750 529 non
771 469 1090 542 simpliciter
1110 469 1449 544 proponitur,
1474 467 1568 524 sed
1588 483 1714 524 cum
1734 466 2045 524 conditione
2070 467 2297 528 alterius
2316 469 2447 526 mali

443 556 672 627 vitandi,
699 559 909 614 scilicet
939 559 1320 616 involuntariae
1337 567 1392 615 et
1422 563 1629 616 coactae
1652 557 2089 624 mendicationiS,
2110 557 2449 632 quiasequi-

445 657 573 704 tur:
607 667 632 700 α
669 649 740 704 Ut
782 663 884 704 nec
921 647 1314 722 compellantur
1355 652 1599 722 egestate
1638 647 1944 702 necessaria
1988 653 2193 720 petere.
2233 665 2258 698 ν)
2290 647 2443 705 Esset

443 738 587 792 enim
653 738 837 810 potius
881 737 1131 793 manibus
1178 737 1533 794 laborandum
1580 751 1746 810 quam
1797 735 1865 790 ad
1916 739 2127 790 tantam
2168 735 2447 796 miseriam

442 825 857 892 deveniendum,
883 825 1028 898 quod
1048 834 1237 883 contra
1263 841 1421 882 suum
1439 825 1777 898 propositum
1802 830 1857 878 et
1880 822 2219 878 voluntatem
2248 823 2449 890 aliquis

443 912 752 968 mendicare
775 920 1084 985 cogeretur.
1108 913 1221 968 Nec
1248 918 1428 968 tamen
1451 911 1700 984 sequitur
1724 909 1866 984 quod
1892 916 2273 982 paupertatem
2305 925 2449 966 assu·

443 1008 672 1070 menteS‚
709 1006 764 1056 et
805 1016 870 1056 ex
917 999 1227 1063 humilitate
1270 999 1582 1057 mendicare
1621 998 1885 1067 volentes,
1918 997 2167 1056 laborare
2197 999 2449 1056 manibus

447 1097 755 1146 teneantur.
1962 1127 1967 1132 .

512 1178 596 1234 Ad
627 1177 682 1234 id
711 1176 857 1252 quod
885 1178 1047 1237 tertio
1073 1178 1344 1254 objicitur,
1374 1177 1666 1235 dicendum
1690 1175 1835 1252 quod
1865 1175 2157 1248 Apostolus
2179 1192 2283 1232 non
2300 1193 2448 1252 prae-
2524 1173 2528 1180 ’

443 1268 589 1340 cepit
619 1267 862 1324 laborem
888 1282 1146 1324 manuum
1175 1267 1441 1334 absolute,
1474 1267 1570 1322 sed
1596 1281 1719 1322 cum
1750 1266 1987 1338 quadam
2016 1269 2443 1342 comparatione,

447 1363 508 1412 ut
537 1357 748 1412 scilicet
771 1356 894 1430 quis
917 1356 1100 1430 potius
1127 1357 1374 1413 manibus
1401 1355 1647 1412 laborare
1668 1355 1865 1410 debeat
1891 1371 2056 1429 quam
2083 1355 2246 1412 furari
2270 1375 2283 1426 ;
2312 1357 2447 1415 dicit

447 1445 590 1502 enim
631 1462 644 1500 ε
691 1465 716 1497 α
749 1444 852 1514 Qui
900 1442 1201 1511 furabatur,
1229 1447 1346 1521 jam
1383 1460 1489 1500 non
1538 1443 1765 1512 furetur,
1807 1445 1981 1514 magis
2023 1451 2207 1500 autem
2236 1445 2448 1502 laboret

447 1533 698 1593 manibus
740 1534 874 1601 suis,
909 1553 935 1585 1>
979 1542 1086 1589 etc.
1130 1534 1256 1593 Ideo
1291 1549 1401 1590 non
1440 1534 1688 1606 sequitur
1732 1533 1877 1606 quod
1914 1532 2151 1604 religiosi
2197 1535 2286 1606 qui
2328 1535 2447 1590 sine

447 1622 593 1679 furto
618 1623 823 1678 victum
850 1621 1049 1678 habere
1078 1628 1322 1694 possunt,
1357 1621 1603 1679 laborare
1628 1620 1983 1694 corporaliter
2016 1629 2322 1678 teneantur.

518 1713 603 1768 Ad
634 1711 765 1766 illud
794 1711 939 1784 quod
967 1719 1166 1784 quarto
1204 1712 1478 1782 objicitur,
1509 1711 1799 1766 dicendum
1848 1710 1991 1782 quod
2021 1710 2099 1764 illi
2143 1711 2236 1783 qui
2266 1713 2449 1770 omnia

449 1816 550 1856 sua
575 1799 836 1862 vendunt,
872 1805 932 1852 ut
954 1799 1178 1854 consilio
1206 1799 1407 1854 Christi
1446 1799 1721 1866 obediant,
1755 1798 1953 1854 debent
1985 1799 2097 1854 suis
2128 1799 2287 1856 rebus
2312 1818 2451 1857 ven-

451 1889 582 1944 ditis
607 1886 762 1960 sequi
785 1885 1080 1952 Christum,
1113 1887 1256 1942 unde
1286 1889 1481 1944 Petrus
1504 1887 1655 1957 dicit,
1691 1888 1884 1943 Matth.
1912 1904 2036 1956 xrx,
2067 1890 2135 1945 27
2163 1905 2175 1944 :
2200 1889 2335 1946 Ecce
2356 1907 2451 1946 nos

453 1975 764 2049 reliquimus
788 1974 970 2029 omnia
1005 1981 1056 2030 et
1083 1974 1248 2030 secuti
1275 1991 1458 2032 sumus
1486 1982 1556 2042 te,
1586 1983 1693 2032 etc.
1722 1977 1887 2052 Sequi
1926 1982 2107 2032 autem
2141 1983 2318 2049 potest
2344 1979 2451 2034 ali-

453 2067 576 2138 quis
618 2063 893 2120 Christum
945 2078 1052 2117 non
1081 2061 1256 2118 solum
1297 2079 1463 2136 opera
1502 2065 1632 2122 vitae
1673 2065 2113 2138 contemplativa>
2151 2069 2449 2140 operand0,

449 2154 545 2210 sed
577 2154 742 2210 etiam
772 2167 937 2226 opera
967 2153 1162 2208 activae
1192 2151 1457 2220 faciend0,
1489 2155 1629 2210 unde
1674 2155 1764 2228 qui
1797 2154 2002 2210 relictis
2042 2156 2291 2212 omnibus
2316 2173 2451 2214 con-

457 2241 795 2314 templationi
819 2246 1002 2308 vacat,
1035 2240 1320 2310 consilium
1362 2242 1563 2307 Christi
1588 2244 1796 2315 implet.
1834 2242 2095 2298 Similiter
2125 2245 2216 2316 qui
2245 2246 2453 2302 relictis

453 2328 702 2388 omnihus
728 2331 1117 2404 eleemosynas·
1145 2331 1455 2404 corporales
1482 2332 1569 2390 vel
1606 2330 1915 2403 spirituales
1944 2331 2077 2388 facit
2102 2335 2453 2406 praedicando

453 2419 537 2476 vel
591 2419 835 2476 docendo
881 2419 1075 2476 Glossa
1123 2435 1250 2490 ergo
1293 2419 1518 2476 inducta
1560 2419 1713 2492 ponit
1757 2434 1923 2475 unum
1965 2419 2200 2488 illorum,
2254 2421 2453 2496 quibus

454 2509 739 2566 consilium
794 2508 992 2566 Christi
1047 2509 1302 2582 impletur
1325 2548 1339 2574 ,
1400 2523 1501 2564 nec
1540 2514 1720 2563 tamen
1770 2524 1868 2580 per
1928 2507 2030 2563 hoc
2094 2509 2200 2566 alio
2262 2511 2455 2567 exclu-

455 2599 676 2665 duntur,
736 2599 872 2654 alias
919 2599 1115 2655 Glossa
1175 2597 1451 2652 contraria
1489 2602 1633 2650 esset
1687 2596 2001 2668 Evangelio,
2042 2598 2254 2654 Dicitur
2306 2601 2453 2658 enim

454 2688 586 2742 Luc.
629 2701 712 2752 lx,
742 2688 830 2754 59,
865 2686 1008 2760 quod
1041 2685 1304 2742 Dominus
1345 2684 1566 2738 cuidam
1596 2684 1733 2740 dixit
1766 2701 1779 2740 ι
1820 2686 2041 2758 Sequere
2076 2704 2177 2753 me,
2206 2690 2297 2762 qui
2328 2705 2453 2746 cum

445 2772 771 2829 dilationem
823 2779 1033 2844 peteret
1089 2787 1254 2827 causa
1315 2771 1612 2843 sepeliendi
1661 2773 1862 2844 patris,
1916 2775 2179 2834 Dominus
2228 2793 2457 2850 respon-

453 2862 534 2922 dit
559 2878 571 2913 :
595 2860 717 2915 Sine
743 2865 804 2913 ut
826 2860 1030 2915 mortui
1044 2860 1297 2930 sepeliant
1321 2867 1556 2916 mortuos
1569 2875 1707 2926 suos,
1730 2868 1789 2916 ιιι
1809 2868 1982 2918 autem
2006 2864 2135 2919 vade
2158 2871 2209 2921 et
2235 2881 2453 2922 annun-

454 2947 534 3006 tia
574 2963 796 3021 reqnttm
843 2948 962 3004 Dei.
1009 2948 1191 3004 Voluit
1235 2965 1365 3020 ergo
1404 2949 1613 3027 aliquos
1640 2951 1879 3006 dimissis
1905 2952 2153 3007 omnibus
2199 2955 2354 3028 sequi
2384 2955 2456 3014 ad

456 3037 888 3096 annuntiandum
909 3036 1133 3093 verbum
1164 3038 1284 3092 Dei.
1321 3037 1413 3093 Vel
1444 3035 1625 3110 potest
1666 3040 1794 3103 dici,
1825 3041 1968 3111 quod
2008 3055 2131 3094 cum
2171 3046 2354 3096 textus
2381 3043 2457 3099 sit

455 3127 761 3194 consilium,
807 3131 982 3182 totum
1009 3125 1152 3199 quod
1197 3127 1251 3181 in
1299 3126 1493 3182 Glossa
1541 3128 1870 3194 continetur,
1920 3126 2209 3182 consilium
2252 3133 2356 3196 est,
2400 3137 2459 3186 et

456 3219 579 3274 ideo
606 3217 674 3274 ad
709 3217 810 3272 hoc
834 3216 1012 3272 nullus
1037 3220 1274 3283 tenetur,
1303 3215 1408 3270 nisi
1434 3215 1499 3271 ad
1528 3215 1629 3270 hoc
1656 3233 1749 3287 per
1772 3224 1959 3270 votum
1985 3213 2277 3284 obligetur.

528 3307 610 3363 Ad
637 3305 690 3361 id
720 3307 861 3380 quod
894 3305 1085 3379 quinto
1115 3303 1388 3375 objicitur,
1418 3303 1709 3359 dicendum
1733 3302 1879 3375 quod
1908 3303 2009 3358 hoc
2035 3304 2179 3376 quod
2209 3305 2456 3378 Apostoli

460 3395 708 3454 manibus
729 3395 1133 3460 laboraverunt,
1163 3394 1489 3467 quandoque
1515 3391 1735 3466 quidem
1762 3391 1863 3448 fuit
1885 3395 2245 3461 necessitatis,
2278 3411 2459 3468 quan-

458 3485 638 3560 doque
667 3483 1184 3558 supererogationiS.
1215 3481 1572 3540 Necessitatis
1600 3481 1823 3555 quidem
1848 3481 1969 3552 suit,
1996 3477 2213 3556 quando
2240 3483 2308 3538 ab
2337 3483 2459 3540 aliis
2490 3478 2497 3484 ’

457 3575 669 3632 victum
698 3574 942 3630 invenire
991 3589 1098 3630 non
1143 3579 1417 3648 poterant,
1453 3581 1511 3628 ut
1541 3577 1691 3646 patet
1720 3572 1743 3628 Ι
1773 3573 1896 3630 Cor.
1948 3587 2027 3641 iv,
2065 3589 2159 3644 per
2206 3572 2460 3630 Glossam

459 3661 614 3734 prius
642 3661 939 3719 inductam.
967 3662 1124 3732 Quod
1154 3663 1322 3718 etiam
1364 3663 1861 3734 supererogationis
1884 3659 2066 3727 suerit,
2101 3677 2195 3732 per
2232 3661 2285 3715 id
2316 3661 2462 3731 quod

460 3747 692 3804 habetur
729 3750 904 3806 ICor.
939 3765 1021 3806 tx.
1066 3751 1181 3806 Hac
1212 3759 1394 3805 tamen
1447 3751 1921 3822 supererogatione
1956 3749 2127 3804 tribus
2174 3749 2241 3804 de
2282 3748 2464 3804 causis

463 3835 759 3908 Apostolus
787 3839 1063 3894 utebatur.
1093 3829 1445 3910 ‘Quandoque
1486 3838 1707 3910 quidem
1749 3845 1810 3894 ut
1852 3839 2194 3895 occasionem
2223 3837 2465 3894 auferret
