2784 4392
465 282 546 342 76
942 296 994 341 s.
1039 294 1272 341 '1'quAE
1312 292 1639 346 AoumAns
1680 296 1994 341 opusc-um

471 402 738 471 tutis'non
764 414 835 469 sit
873 427 942 469 ex
965 419 1148 469 nostro
1175 412 1421 479 arbinio,
1450 411 1543 467 sed
1575 428 1642 469 ex
1683 412 1779 467 Dei
1827 428 2074 471 munere.
2097 412 2239 471 Dato
2286 420 2471 471 autem

468 504 614 576 quod
653 502 721 559 ad
771 502 1066 576 perfectam
1108 501 1471 557 humilitatem
1516 506 1851 568 tenerentur,
1885 516 1991 556 non
2030 503 2278 575 sequitur
2324 504 2469 577 quod

467 607 573 647 non
618 596 844 662 possunt
873 590 1148 663 aliquibus
1177 588 1471 645 honoribus
1500 589 1681 660 potiri,
1706 590 1849 644 sicut
1884 604 1993 645 non
2036 599 2262 663 possunt
2294 592 2469 663 possi-

467 680 596 735 dere
621 678 842 735 divitias
866 686 1088 751 propter
1113 677 1214 733 hoc
1233 678 1377 749 quod
1407 677 1727 749 profitentur
1758 691 2027 732 summam
2068 684 2466 749 paupertatem,

469 768 596 840 quia
637 767 913 840 possidere
951 766 1174 823 divitias
1214 765 1522 837 paupertati
1562 766 1893 837 opponitur:
1926 781 2033 820 non
2076 773 2262 821 autem
2309 765 2470 838 potiri

469 856 760 926 honoribus
781 857 1072 929 opponitur
1093 853 1406 919 humilitati,
1434 854 1529 909 sed
1558 853 1608 908 in
1634 853 1930 909 honoribus
1954 868 2013 909 se
2038 854 2344 911 inordinate
2372 871 2471 909 ex-

470 945 677 1002 tollere.
714 944 870 1001 Unde
916 951 971 1001 et
1017 943 1324 999 Bernardus
1375 942 1510 998 dicit
1550 942 1603 996 in
1662 942 1798 997 libro
1849 942 1925 997 De
1968 942 2403 999 consideratione
2448 960 2467 1000 .·

471 1054 496 1085 α
531 1033 692 1091 Nulla
719 1032 1051 1106 splendidior
1095 1048 1306 1104 gemma
1351 1031 1680 1097 humilitate,
1706 1030 1914 1086 scilicet
1965 1032 2018 1086 in
2066 1032 2213 1087 omni
2270 1038 2463 1087 ornatu

467 1122 675 1177 Summi
704 1122 995 1177 PontificiS.
1016 1122 1171 1191 »Quo
1202 1122 1346 1176 enim
1375 1119 1574 1176 celsior
1602 1120 1835 1187 caeteris,
1868 1134 1930 1175 eo
1959 1120 2270 1175 humilitate
2295 1136 2470 1192 appa-

471 1218 552 1266 ret
581 1210 862 1275 illustrior,
891 1215 946 1264 et
985 1210 1183 1281 seipso.
1213 1210 1278 1263 Et
1320 1207 1710 1274 Ecclesiastici‚
1743 1223 1829 1272 111,
1860 1211 1947 1273 20,
1980 1206 2182 1263 dicitur
2214 1227 2227 1262 ;
2256 1207 2467 1273 Quanto

470 1314 694 1369 maynus
725 1315 797 1364 οε,
821 1298 1124 1354 humilitate
1154 1296 1212 1351 in
1241 1296 1503 1351 omnibus.
1532 1296 1664 1365 Quis
1700 1297 1844 1351 enim
1868 1296 2068 1351 audeat
2096 1296 2296 1365 dicere,
2324 1300 2465 1370 quod

471 1389 735 1459 Gregorio
774 1385 979 1459 aliquid
1021 1386 1089 1440 de
1131 1384 1463 1457 perfectione
1511 1384 1833 1442 humilitatis
1876 1383 2189 1455 deperierit,
2218 1385 2349 1463 quia
2396 1386 2461 1439 ad

472 1491 744 1531 summum
773 1476 983 1548 apicem
1009 1473 1379 1530 Ecclesiastici
1412 1472 1631 1530 honoris
1675 1480 1953 1546 promotus
1976 1473 2099 1533 est?
2124 1474 2280 1529 Patet
2304 1474 2467 1530 etiam

471 1582 536 1623 ex
567 1566 748 1633 dictis,
774 1549 1308 1639 quodmagisterium
1332 1572 1537 1622 nonest
1566 1564 1755 1631 honor,
1785 1571 1837 1618 et
1864 1563 1943 1618 sic
1967 1561 2106 1618 ratio
2132 1561 2223 1619 illa
2254 1564 2468 1635 penitus

476 1655 607 1711 nihil
634 1655 801 1713 valet.
1563 1718 1568 1724 ,

539 1745 621 1801 Ad
649 1745 701 1799 id
733 1743 878 1817 quod
908 1743 1100 1815 quinto
1129 1742 1414 1813 objiciunt,
1444 1739 1753 1809 dicendum,
1772 1740 1918 1812 quod
1945 1740 2237 1813 Dionysius
2265 1740 2465 1797 distin-

471 1832 588 1902 guit
618 1832 910 1887 monachos
955 1837 1144 1886 contra
1185 1830 1463 1893 diaconos,
1500 1828 1847 1903 presbyteros
1879 1837 1935 1884 et
1970 1828 2289 1901 Episcopus.
2318 1832 2469 1885 Patet

473 1921 639 1975 etiam
667 1919 812 1991 quod
841 1918 1082 1991 loquitur
1105 1902 1172 1974 de
1199 1916 1495 1983 monachiS,
1524 1918 1617 1989 qui
1648 1917 1831 1972 clerici
1879 1932 1983 1971 non
2031 1925 2187 1973 erant
2229 1926 2469 1989 tempore

474 2007 734 2063 Ecclesia:
763 2006 1075 2079 primitivae,
1101 2011 1160 2060 ut
1203 2012 1353 2078 patet
1378 2020 1499 2074 xvt,
1532 2012 1729 2077 quaest.
1758 2006 1809 2060 l.
1852 2004 2155 2076 Superiori.
2181 2006 2471 2062 Monachos

476 2112 648 2169 usque
687 2096 754 2151 ad
787 2104 998 2166 tempus
1039 2093 1277 2159 Eusebii,
1311 2092 1510 2148 Zozimi
1549 2101 1604 2148 et
1649 2093 1827 2149 Siricii
1865 2093 2091 2149 clericos
2135 2111 2239 2150 non
2283 2094 2465 2162 fuisse,

475 2184 846 2239 ecclesiastica
878 2190 1107 2239 testatur
1136 2181 1379 2249 historia,
1410 2188 1463 2236 et
1488 2182 1568 2237 sic
1598 2197 1704 2237 non
1731 2188 1908 2253 potest
1938 2182 2189 2237 concludi
2228 2200 2323 2255 per
2350 2184 2473 2239 dic-

477 2284 608 2329 tum·
629 2272 893 2346 Dionysii,
923 2271 1127 2344 aliquid
1152 2272 1220 2327 de
1251 2269 1531 2327 monachis
1556 2272 1648 2343 qui
1678 2276 1804 2325 sunt
1827 2271 2098 2343 Episcopi,
2129 2271 2210 2329 vel
2241 2273 2473 2346 presby-

475 2362 598 2427 teri,
627 2361 710 2419 vel
732 2361 966 2417 diaconi.
996 2360 1244 2416 Procedit
1282 2362 1449 2416 etiam
1488 2375 1675 2415 corum
1720 2360 1858 2416 ratio
1900 2376 1962 2413 ex
2009 2359 2150 2415 malo
2194 2360 2472 2417 intellectu

475 2450 743 2523 Dionysii.
791 2450 959 2506 Vocat
997 2448 1140 2505 enim
1178 2449 1421 2505 actiones
1458 2462 1643 2503 sacras
1686 2446 2059 2504 ecclesiastica
2107 2458 2469 2516 sacramenta,

476 2538 804 2610 baptismum
830 2537 1014 2593 dicens
1037 2552 1156 2595 esse
1183 2536 1577 2608 purgationem,
1612 2541 1667 2591 et
1698 2535 2147 2591 illuminationem
2180 2554 2191 2591 :
2223 2538 2316 2593 sed
2340 2553 2471 2593 con·

479 2628 839 2683 firmationem
877 2632 933 2682 et
970 2624 1368 2681 Eucharistiam
1418 2624 1823 2696 perfectionem,
1860 2634 1916 2680 ut
1951 2632 2100 2698 patet
2148 2626 2203 2681 in
2240 2642 2299 2683 tv
2349 2642 2470 2699 cap.

477 2715 780 2770 Ecclesiast.
817 2714 1084 2770 hierarch.
1114 2719 1168 2768 et
1207 2713 1322 2768 haec
1349 2712 1665 2784 dispensare
1706 2729 1812 2768 non
1862 2713 2009 2784 licet,
2043 2715 2145 2770 nisi
2198 2716 2477 2788 praedictis

476 2802 779 2871 ordinibus,
809 2802 903 2857 sed
933 2802 1128 2857 docere
1152 2800 1207 2855 in
1231 2800 1429 2869 scholis
1462 2817 1564 2857 non
1592 2808 1674 2856 est
1703 2802 1771 2857 de
1796 2802 1916 2857 istis
1950 2804 2120 2859 sacris
2146 2804 2471 2870 actionibus,

477 2890 546 2945 de
574 2888 770 2963 quibus
794 2889 1090 2963 Dionysius
1109 2888 1366 2961 loquitur,
1398 2889 1531 2944 alias
1558 2890 1733 2945 nullus
1760 2898 1941 2960 posset
1972 2892 2167 2947 docere
2198 2892 2252 2947 in
2276 2892 2476 2947 scholis

478 2977 584 3035 nisi
619 2986 760 3034 esset
800 2978 1078 3045 diaconuS,
1109 2976 1191 3033 vel
1233 2978 1507 3033 sacerdoS.
1540 2977 1693 3045 Item,
1724 2978 1973 3033 monachi
2020 2979 2203 3035 clerici
2252 2990 2476 3053 possunt

480 3067 748 3123 conficere
771 3082 968 3139 corpus
1001 3066 1219 3131 Christi,
1251 3065 1398 3138 quod
1433 3080 1541 3121 non
1584 3066 1686 3121 nisi
1736 3066 2111 3123 sacerdotibus
2153 3067 2301 3124 licet.
2333 3069 2477 3141 Ergo

481 3156 652 3212 multo
677 3156 870 3211 fortius
893 3155 1120 3211 docendi
1147 3154 1226 3210 uti
1249 3160 1477 3226 possunt
1506 3152 1703 3221 officio,
1736 3154 1804 3209 ad
1848 3154 1992 3228 quod
2023 3170 2177 3211 sacer
2205 3156 2337 3213 ordo
2368 3173 2476 3213 non

482 3244 799 3317 requiritur.
1798 3318 1802 3323 .

552 3333 634 3389 Ad
660 3332 805 3390 aliud
839 3332 984 3404 quod
1013 3337 1166 3387 sexto
1195 3330 1469 3402 objicitur,
1500 3330 1647 3403 quod
1682 3329 1860 3385 nullus
1889 3338 2069 3404 potest
2095 3331 2480 3389 ecclesiasticis

483 3422 674 3479 officiis
698 3421 992 3489 deservire,
1026 3421 1164 3477 etin
1212 3418 1511 3475 monastica
1560 3418 1747 3489 regula
1789 3419 2038 3475 ordinate
2077 3422 2390 3492 persistere,
2426 3413 2480 3477 e't

483 3513 559 3567 ita
591 3509 760 3566 multo
786 3508 962 3564 minus
987 3507 1325 3573 scholastice,
1355 3506 1763 3577 intelligendum
1790 3513 1873 3563 est
1902 3523 2007 3563 non
2046 3509 2115 3563 de
2144 3508 2228 3565 his
2257 3525 2381 3583 quae
2410 3510 2480 3566 ad

486 3600 849 3655 substantiam
889 3597 1166 3667 religionis
1211 3596 1502 3667 pertinent,
1556 3601 1613 3650 ut
1666 3596 1832 3654 etiam
1882 3612 1978 3669 per
2032 3604 2355 3669 apparatum
2405 3598 2483 3653 ibi

485 3694 656 3759 patet,
683 3688 812 3758 quia
839 3686 954 3741 haec
981 3684 1118 3741 bene
1146 3690 1380 3740 servare‘
1398 3693 1622 3757 possunt
1656 3683 2045 3742 ecclesiasticis
2072 3695 2332 3743 vacantes
2360 3686 2484 3743 offi-

485 3774 605 3839 ciis,
633 3776 726 3830 sed
767 3773 1104 3845 intelligitur,
1138 3782 1405 3846 quantum
1434 3774 1502 3829 ad
1533 3773 1667 3829 alias
1706 3773 2100 3847 observantiae,
2133 3775 2276 3831 sicut
2314 3775 2486 3831 silen-

487 3862 644 3931 tium,
673 3867 729 3919 et
757 3860 972 3933 vigilias
1013 3868 1068 3919 et
1109 3861 1441 3933 hujusmodi,
1473 3860 1833 3933 quodetiam
1880 3868 2031 3935 patet
2076 3878 2142 3919 ex
2183 3863 2284 3920 hoc
2337 3865 2484 3937 quod
