2784 4392
536 330 777 374 x111.—-
806 327 1043 372 somna
1086 327 1269 373 marn.
1316 327 1468 372 noM.
1513 328 1596 374 AB
1635 326 1879 376 munus.
1926 329 2142 378 nnuc.
2259 315 2340 378 33

340 445 655 518 frequenter
697 445 932 512 accidat,
966 460 1159 516 magna
1207 443 1600 507 deliberatione
1642 461 1778 518 opus
1823 449 1926 513 est,
1975 452 2037 503 ut
2083 445 2342 518 periculis

340 534 608 600 obvietur,
636 535 719 590 vel
748 550 835 590 res
878 533 1123 589 totaliter
1160 533 1523 606 relinquatur.
1554 535 1610 591 Si
1647 549 1776 590 vero
1809 541 1871 592 ut
1906 535 1964 592 in
1991 535 2338 608 paucioribus

341 623 641 696 periculum
679 623 913 688 accidat,
948 638 1054 678 non
1096 628 1181 679 est
1220 638 1418 694 magna
1453 622 1844 680 deliberatione
1886 639 2044 696 opuS,
2075 624 2170 682 sed
2199 625 2346 696 vigi-

342 713 508 768 lantia
532 719 587 766 et
611 703 845 780 cautela,
876 728 941 767 ne
972 711 1155 784 aliquo
1186 727 1315 768 casu
1334 713 1397 767 in
1424 711 1726 784 periculum
1755 712 2030 770 incidatur
2059 732 2073 770 ε
2103 714 2344 787 alioquin

341 799 561 856 daretur
587 802 801 857 occasio
836 800 1021 856 omnia
1060 799 1295 857 humana
1325 800 1508 856 studia
1540 801 2016 873 praetermittendi,
2047 802 2345 859 secundnm

342 887 470 942 illud
501 888 647 944 Eccl.
677 903 757 956 xr,
792 891 823 944 4
859 905 871 943 :
899 889 1001 954 Qui
1024 887 1263 945 observat
1288 896 1520 958 ventum,
1549 905 1656 944 non
1693 889 1939 956 seminat,
1971 897 2020 945 et
2046 891 2138 962 qui
2173 891 2349 947 eonsi-

341 977 494 1032 derat
518 978 696 1042 nubes,
723 993 997 1048 nunquam
1024 983 1211 1044 metet3
1248 985 1301 1033 et
1332 977 1588 1033 Proverb.
1623 993 1810 1044 xxvn,
1846 980 1934 1046 ⁴3,
1961 978 2164 1034 dicitur
2196 997 2208 1034 ε
2240 979 2348 1034 Βί-

342 1067 411 1120 cit
435 1065 609 1138 piqer,
642 1065 717 1120 leo
756 1073 831 1120 est
860 1065 919 1120 in
962 1065 1073 1130 via,
1103 1067 1271 1122 leoena
1312 1065 1371 1120 in
1400 1064 1706 1122 itineribus·
1752 1066 1855 1122 Ubi
1903 1066 2039 1123 dicit
2086 1067 2282 1124 Glossa
2331 1086 2344 1124 z

344 1173 369 1206 α
394 1155 543 1208 Multi
565 1171 689 1211 cum
710 1154 873 1210 verba
900 1153 1293 1210 exhortationis
1319 1155 1570 1222 audiunt,
1594 1155 1782 1210 dicunt
1805 1170 1862 1210 se
1890 1154 2031 1212 velle
2057 1155 2201 1211 viam
2225 1158 2348 1228 jus-

344 1245 481 1300 titiae
512 1245 770 1316 incipere,
804 1243 898 1299 sed
942 1258 972 1299 a
1002 1243 1204 1299 Satana
1247 1243 1452 1298 retrahi
1496 1259 1562 1298 ne
1588 1243 1894 1316 perficiant.
1934 1263 1959 1295 ›>
2009 1244 2346 1319 Quandoque

342 1348 471 1387 vero
502 1349 587 1387 res
608 1334 722 1405 ipsa
748 1333 802 1386 in
830 1347 888 1388 se
914 1347 1105 1388 secura
1121 1337 1223 1394 est,
1248 1331 1414 1387 habet
1443 1337 1620 1387 tamen
1645 1331 1848 1388 malum
1871 1333 2098 1401 exitum,
2123 1342 2345 1405 propter

340 1421 444 1476 hoc
471 1421 613 1494 quod
659 1421 817 1475 homo
863 1428 1041 1476 mutat
1086 1421 1445 1492 propositum,
1479 1426 1534 1474 et
1575 1437 1642 1476 ex
1686 1421 1793 1476 ista
1835 1435 2004 1476 causa
2049 1437 2154 1477 non
2185 1422 2347 1478 debet

344 1508 503 1564 horno
530 1509 749 1575 retrahi,
781 1508 863 1564 vel
891 1510 1079 1563 differe
1108 1509 1211 1563 sub
1240 1509 1422 1580 specie
1443 1509 1670 1580 majoris
1698 1507 2111 1564 deliberationis
2135 1510 2350 1582 religio-

343 1599 427 1652 nis
453 1599 775 1669 ingressum,
808 1599 1061 1669 quamvis
1090 1594 1259 1668 aliqui
1290 1602 1502 1652 mutato
1528 1598 1804 1668 proposito
1831 1611 1860 1652 a
1890 1597 2152 1668 religione
2182 1614 2348 1671 apos-

343 1690 583 1741 tatantes
626 1685 928 1739 deteriores
976 1683 1109 1737 fiant
1147 1699 1161 1736 ε
1198 1682 1442 1754 alioquin
1485 1682 1651 1737 etiam
1701 1683 1896 1737 similis
1944 1685 2085 1738 ratio
2119 1700 2238 1740 esse
2280 1686 2348 1742 de

343 1788 570 1829 accessu
598 1771 663 1827 ad
687 1772 867 1836 fidem,
889 1777 943 1827 et
978 1770 1098 1825 fidei
1130 1777 1495 1836 sacramenta,
1527 1770 1655 1842 quia
1679 1771 1879 1826 dicitur
1905 1771 1953 1826 II
1978 1772 2102 1826 Petr
2156 1775 2297 1840 11‚2l
2333 1791 2345 1829 t

342 1861 539 1919 Melius
566 1859 848 1915 eratviam
871 1858 1119 1914 veritatis
1158 1874 1262 1914 non
1292 1874 1614 1930 coquoscere,
1643 1874 1798 1930 quam
1832 1866 1952 1930 post
1986 1861 2225 1932 aquitana
2257 1879 2347 1917 re·-

344 1949 534 2006 troire.
567 1949 633 2004 Et
659 1948 950 2020 Apostolus
971 1948 1039 2002 ad
1070 1946 1233 2005 Hebr.
1259 1962 1319 2013 x,
1350 1951 1416 2004 29
1443 1963 1454 2001 :
1479 1946 1768 2002 Deteriora
1795 1955 2035 2005 meretur
2060 1951 2343 2022 supplicia,

345 2039 436 2112 qui
462 2022 773 2109 sanquinem
801 2037 1099 2092 testamenti
1114 2035 1378 2108 pollutum
1404 2034 1644 2101 eluxerit,
1671 2041 1722 2091 et
1746 2029 1976 2108 spiritui
1997 2039 2193 2110 qratia)
2221 2056 2350 2095 con·

348 2128 617 2198 tumeliam
652 2125 857 2198 fecerit.
888 2126 1009 2182 Non
1048 2133 1195 2181 esset
1224 2125 1393 2181 etiam
1434 2125 1640 2196 passim
1668 2124 1736 2180 ad
1765 2125 2001 2196 justitiae
2031 2142 2196 2198 opera
2215 2143 2351 2200 pro-

347 2217 667 2284 cedendum,
722 2213 852 2287 quia
902 2215 1168 2286 scriptum
1224 2219 1307 2270 est
1366 2212 1738 2268 Ecclesiastici
1759 2253 1774 2280 ,
1829 2229 1993 2280 xxvr,
2051 2216 2121 2272 27
2174 2231 2188 2271 ε
2245 2215 2352 2282 Qui

350 2302 751 2376 transgyrech‘tur
782 2318 817 2358 a
850 2301 1071 2374 justitia
1108 2301 1178 2356 ad
1209 2299 1676 2373 peccatum-Deus
1697 2303 1920 2373 paravit
1947 2318 2064 2358 eum
2099 2302 2169 2358 ad
2201 2319 2350 2360 rom-

343 2394 571 2466 phoeam.

416 2482 535 2538 Jam
560 2496 710 2548 vero,
740 2481 885 2553 quod
922 2484 1077 2536 sexto
1104 2477 1442 2552 propositum
1473 2482 1577 2543 est,
1609 2479 1654 2532 si
1703 2485 1785 2534 est
1825 2495 1889 2534 ex
1915 2479 2028 2536 Deo
2065 2479 2350 2538 consilium

350 2568 469 2638 hoc,
504 2577 601 2626 aut
627 2586 781 2643 ορυε,
809 2585 916 2624 non
943 2564 1192 2640 poteritis
1221 2565 1277 2620 id
1306 2564 1626 2632 dissolvere,
1654 2565 1968 2637 diligentius
1997 2569 2353 2626 consideran-

350 2659 478 2714 dum
509 2667 593 2715 est
622 2675 634 2714 :
668 2665 802 2724 tum,
836 2657 966 2730 quia
990 2654 1095 2712 hoc
1123 2653 1191 2711 ab
1220 2655 1299 2710 eis
1323 2653 1666 2726 frequentius
1697 2653 2020 2723 inculcatur,
2056 2661 2190 2724 tum,
2223 2659 2354 2731 quia

354 2747 485 2802 latet
510 2747 585 2803 ibi
611 2746 759 2802 virus
784 2743 1063 2803 haereticae
1088 2741 1399 2816 pravitatis.
1427 2742 1504 2798 Ex
1529 2740 1631 2798 hoc
1651 2742 1795 2798 enim
1824 2742 1989 2799 verbo
2019 2761 2184 2816 prave
2205 2745 2356 2802 intel·

352 2835 513 2905 lect0,
548 2833 720 2892 nostri
753 2835 1013 2907 temporis
1052 2831 1296 2890 haeretici
1326 2831 1436 2888 duo
1461 2846 1690 2888 erronea
1731 2830 2056 2888 concludere
2083 2835 2350 2902 nituntur,

352 2941 583 2999 quorum
609 2925 843 2996 primum
868 2930 969 2992 est,
1003 2921 1149 2994 quod
1187 2935 1417 2993 corpora
1445 2934 1568 2992 quae
1597 2927 2019 2992 corrumpuntur
2049 2938 2080 2978 a
2111 2922 2222 2978 Deo
2250 2939 2357 2979 non

354 3020 498 3076 sunt,
530 3011 828 3067 secundum
859 3016 941 3066 est
966 3009 1111 3083 quod
1148 3009 1195 3064 si
1225 3008 1426 3080 aliquis
1454 3008 1688 3078 gratiam
1717 3007 1880 3063 habet
1917 3008 2000 3063 vel
2032 3008 2357 3066 charitatem

352 3116 385 3158 a
436 3103 571 3167 D00‚
620 3098 800 3154 amitti
845 3113 955 3154 non
998 3102 1200 3170 potest.
1244 3099 1603 3153 Assumamus
1646 3095 1813 3150 etiam
1861 3095 1988 3162 alia,
2021 3098 2066 3152 si
2109 3097 2361 3155 diabolus

352 3190 622 3264 peccavit,
655 3203 790 3260 opus
818 3187 917 3242 Dei
952 3202 1060 3243 non
1088 3185 1190 3240 fuit
1220 3179 1237 3239 'z
1265 3186 1310 3240 si
1344 3185 1515 3240 Judas
1540 3200 1572 3239 a
1601 3183 1766 3239 choro
1799 3185 2183 3256 Apostolorum
2207 3186 2362 3240 deci-

356 3277 457 3343 dit,
492 3279 609 3350 ejus
640 3276 834 3332 electio
865 3291 895 3331 a
943 3275 1057 3332 Deo
1087 3287 1192 3329 non
1236 3272 1382 3328 fuit:
1417 3273 1460 3327 si
1487 3273 1670 3329 Simon
1719 3287 1950 3344 magnus
1980 3281 2100 3343 post
2148 3273 2363 3344 baptis·-

355 3381 507 3422 mum
542 3367 597 3420 in
640 3363 891 3422 haeresirn
936 3361 1161 3434 decidit,
1194 3373 1227 3418 a
1272 3361 1389 3418 Deo
1429 3375 1538 3418 non
1577 3359 1680 3417 fuit
1722 3360 1866 3434 quod
1917 3377 2041 3416 eum
2084 3360 2365 3432 Philippus

362 3453 685 3526 baptizavit.
1345 3505 1351 3511 .

426 3545 563 3599 Cum
594 3539 792 3615 quibus
810 3538 1062 3598 omnibus
1088 3537 1358 3598 addamus
1384 3537 1660 3594 ethorum
1677 3544 2059 3608 argumentum
2092 3534 2360 3605 mirabile,

353 3630 696 3689 consimilem
721 3631 983 3684 virtutem
1006 3625 1214 3682 babens
1242 3641 1367 3680 cum
1397 3625 1696 3696 praedictist
1722 3627 1776 3681 Si
1809 3623 1900 3680 ille
1927 3626 2020 3699 qui
2049 3623 2366 3698 religionem

354 3717 602 3786 intravit,
625 3716 695 3775 ab
722 3732 788 3776 ea
818 3713 1115 3787 egreditur,
1146 3712 1483 3786 propositum
1503 3727 1612 3786 quo
1644 3712 1887 3781 intravit,
1908 3727 1940 3769 a
1971 3713 2082 3770 Deo
2109 3731 2211 3771 non
2241 3717 2368 3784 fuit,

354 3807 445 3868 vel
473 3806 715 3864 studium
760 3818 947 3860 eorum
995 3817 1027 3860 a
1054 3801 1169 3860 Deo
1212 3789 1319 3858 no'n
1349 3799 1601 3874 futu-qul
1647 3812 1770 3857 eum
1801 3799 1867 3858 ad
1917 3800 2237 3876 religionem
2276 3813 2368 3861 at-

267 3960 273 3966 ,
356 3901 669 3958 traxerunt.
692 3895 893 3954 Contra
910 3900 1047 3967 quos
1076 3897 1297 3949 utamur
1326 3885 1510 3947 verbis
1537 3886 1848 3963 Augustini,
1871 3893 1922 3949 in
1948 3891 1972 3950 1
2001 3890 2140 3950 libro
2165 3894 2369 3952 Contra

874 4005 927 4060 s.
958 4003 1114 4060 Tuon.
1148 4009 1237 4065 Ao.
1269 3987 1536 4059 Oruscum.
1557 4030 1622 4046 —
1645 4003 1704 4059 ΙΙΙ
1761 4031 1825 4048 -
1847 4007 1901 4060 3,
