2784 4392
328 303 351 334 Χ

456 339 575 404 218
933 365 987 410 s.
1031 364 1264 408 1·quAE
1304 364 1634 414 Aommrts
1682 363 1996 422 croscum

463 482 761 546 pateretur.
788 477 902 535 Nec
924 477 1247 550 intelligitur
1264 477 1411 550 quod
1429 477 1499 533 ad
1525 476 1738 532 literam
1765 475 1954 548 aliqui,
1971 475 2169 533 debeat
2193 471 2489 532 maxillam

464 566 705 636 praebere
736 582 793 622 se
819 569 1190 639 percutienti,
1232 583 1356 623 cum
1388 582 1490 622 nec
1519 567 1784 622 Dominus
1828 565 1929 620 hoc
1976 566 2142 621 etiam
2183 581 2486 639 percussus

462 654 787 726 impleverit,
822 672 921 711 nec
948 656 1239 729 Apostolus
1277 655 1495 712 PauluS.
1523 656 1679 711 Unde
1705 659 1856 727 patet
1882 655 2028 726 quod
2055 653 2297 710 medium
2325 669 2487 726 prae-

460 752 680 814 ceptum
722 745 1021 800 secundum
1052 743 1300 800 eamdem
1344 744 1575 802 formam
1606 750 1691 799 est
1719 743 2132 814 exponendum;
2168 748 2224 796 ut
2263 742 2485 800 scincet

461 829 692 902 quilibet
716 830 915 886 habeat
942 846 1037 886 cor
1062 839 1313 903 paratum
1340 831 1409 886 ad
1436 829 1696 903 quaelibet
1719 830 1915 885 damna
1948 828 2270 901 temporalia
2299 829 2484 884 susti-

466 919 659 988 nenda,
691 920 871 990 potius
902 937 1068 992 quam
1116 919 1442 974 charitatem
1488 919 1573 974 vel
1621 919 1910 974 veritatem
1951 917 2246 990 relinquat.
2287 919 2482 973 Potest

466 1015 649 1060 autem
693 1008 811 1062 sine
860 1007 1178 1080 praejudicio
1219 1009 1471 1064 veritatis
1513 1007 1598 1063 vel
1641 1006 1928 1063 charitatis
1973 1009 2289 1078 contingere
2327 1006 2482 1078 quod

467 1094 703 1166 aliquis
692 1111 744 1150 in
780 1097 990 1168 judicio
1028 1114 1128 1153 sua
1170 1104 1404 1170 r‚epetat
1437 1104 1496 1152 ut
1525 1111 1592 1152 ex
1632 1095 1910 1169 praedictis
1955 1100 2124 1168 patet,
2161 1100 2216 1150 et
2253 1098 2486 1167 propter

466 1181 569 1237 hoc
597 1199 699 1238 non
732 1186 981 1256 sequitur
1010 1187 1173 1242 ratio.

541 1271 607 1324 Et
638 1272 889 1328 similiter
916 1273 1204 1330 dicendum
1232 1280 1315 1330 est
1344 1274 1412 1331 ad
1447 1273 1687 1329 tertium.

540 1361 621 1415 Ad
672 1366 928 1434 quartum
977 1363 1289 1431 dicendum,
1337 1364 1484 1437 quod
1528 1364 1790 1418 Dominus
1841 1360 2102 1433 praecepit
2138 1368 2198 1415 ut
2230 1361 2482 1432 Apostoli

472 1450 639 1521 pedes
666 1451 945 1508 excutiant
972 1468 1001 1507 a
1020 1453 1249 1524 pulvere-
1271 1453 1326 1509 in
1355 1452 1725 1508 testimonium
1751 1466 1939 1506 eorum
1965 1449 2058 1522 qui
2083 1464 2176 1504 eos
2204 1464 2307 1505 non
2332 1449 2486 1504 reci-

474 1539 649 1608 piunt.
682 1541 837 1596 Unde
870 1543 1035 1596 Marc.
1067 1557 1127 1612 x,
1176 1544 1261 1606 ⁴4,
1302 1542 1504 1598 dicitur
1533 1559 1545 1595 :
1579 1539 1834 1597 Excutite
1862 1539 2134 1610 pulverem
2165 1537 2226 1593 de
2261 1537 2486 1608 pedibus

471 1619 663 1683 vestris
705 1630 765 1684 in
809 1630 1167 1686 testimonium
1206 1631 1345 1700 illis,-
1378 1631 1521 1686 unde
1563 1645 1728 1702 super
1765 1629 1896 1683 illud
1923 1629 2056 1682 Luc.
2086 1642 2147 1682 1x
2185 1626 2486 1683 :mentite

470 1717 763 1792 pulverent,
813 1719 947 1774 dicit
990 1718 1186 1774 Glossa
1234 1736 1307 1772 :a
1358 1719 1440 1774 Ad
1491 1717 1948 1774 contestationem
2007 1715 2204 1770 terreni
2257 1713 2480 1779 laboris,

476 1819 639 1874 quem
674 1821 767 1873 pro
805 1807 883 1860 eis
910 1807 1145 1861 inaniter
1174 1813 1553 1878 susceperunt,
1587 1811 1642 1860 et
1667 1805 1769 1860 hoc
1800 1804 2174 1860 testimonium
2197 1803 2485 1858 ordinatur

422 1883 427 1888 ’
478 1891 545 1944 ad
577 1891 822 1948 divinum
846 1895 1146 1965 judicium;
1176 1915 1199 1945 ›>
1232 1897 1372 1950 unde
1402 1895 1650 1967 sequitur
1679 1893 1870 1948 Matth.
1901 1909 1972 1948 x:
1995 1891 2294 1950 Amendieo
2318 1891 2483 1957 vobiS,

479 1979 807 2036 tolerabilius
836 1983 943 2038 erit
968 1991 1131 2039 terroe
1168 1982 1508 2038 Sodomorum
1547 1989 1598 2039 et
1627 1983 2092 2038 Gomorrhaeorum
2123 1982 2181 2036 ἐπ
2215 1981 2298 2037 die
2321 1981 2488 2052 judi-

479 2068 550 2122 cii
573 2085 731 2139 quam
760 2071 845 2126 illi
874 2071 1102 2129 civitati.
1131 2071 1213 2127 Ab
1256 2071 1363 2127 iilis
1405 2087 1532 2144 ergo
1568 2071 1834 2126 Dominus
1861 2070 2145 2143 discipulis
2181 2072 2296 2126 suis
2323 2086 2488 2126 man-

482 2155 596 2222 dat,
632 2166 821 2213 utnon
865 2161 1066 2232 recepti
1097 2161 1434 2225 recedamus,
1467 2161 1560 2232 qui
1603 2160 1750 2216 finali
1783 2161 1992 2231 judicio
2033 2175 2130 2230 pro
2159 2159 2274 2214 suis
2307 2159 2487 2214 sceie-

484 2245 633 2300 ribus
664 2258 1028 2316 reservantur,
1061 2249 1202 2306 sicut
1232 2257 1359 2306 sunt
1403 2248 1665 2314 infideleS,
1699 2249 1767 2304 de
1805 2247 2004 2322 quibus
2047 2249 2268 2314 dicitnr,
2298 2249 2321 2303 1
2355 2249 2483 2304 Cor.

485 2350 539 2398 v,
570 2336 635 2390 43
664 2352 680 2391 :
713 2337 819 2392 Eos
860 2339 953 2411 qui
990 2337 1130 2412 foris
1154 2346 1299 2404 sunt,
1332 2337 1598 2409 judicabit
1641 2339 1813 2404 Deus;
1839 2337 1933 2393 sed
1979 2337 2046 2391 de
2075 2336 2159 2391 his
2205 2337 2298 2409 qui
2339 2337 2488 2392 intus

487 2431 631 2492 sunt,
664 2427 873 2484 scilicet
916 2429 1183 2495 fidelibuS‚
1220 2429 1490 2500 judicium
1535 2427 1795 2483 Ecclesiae
1835 2426 2215 2482 committitur.
2244 2427 2398 2482 Unde
2439 2428 2486 2481 si
2541 2459 2553 2470 ·

488 2513 684 2586 aliquis
712 2516 766 2570 in
794 2519 1058 2574 societate
1096 2517 1337 2574 fidelium
1377 2517 1546 2588 recipi
1577 2515 1726 2580 vetit,
1761 2522 1816 2570 et
1847 2515 1946 2586 ipsi
1973 2515 2172 2585 injuste
2202 2515 2488 2571 contradi-

487 2612 633 2673 cant,
669 2601 769 2660 non
811 2607 972 2662 debet
1010 2605 1169 2662 homo
1208 2605 1312 2660 hoc
1341 2604 1757 2675 divinojudicio
1785 2604 2071 2667 reservari,
2105 2603 2198 2658 sed
2240 2601 2307 2658 ad
2331 2601 2489 2674 judi-

486 2691 629 2744 cium
657 2693 917 2749 Ecclesiae
944 2695 1154 2764 corrige
1144 2693 1323 2747 ndum
1350 2692 1568 2747 deduci.

562 2779 639 2832 Ad
674 2781 923 2851 quintum
954 2781 1266 2847 dicendum,
1295 2781 1438 2852 quod
1462 2780 1730 2852 judicium
1759 2796 1885 2836 cum
1921 2779 2271 2837 contentione
2303 2781 2488 2836 omni-

489 2865 591 2921 bus
620 2867 850 2922 infirmis
871 2874 952 2923 est
981 2868 1331 2940 prohibitum,
1362 2875 1422 2923 ut
1446 2876 1600 2940 patet
1627 2883 1720 2942 per
1744 2869 2304 2936 Glossam,1cor.v1,
2326 2883 2488 2940 super

490 2953 621 3008 iilud
658 2971 670 3007 :
698 2956 820 3011 Jam
863 2955 1069 3026 quidem
1111 2956 1324 3011 omnino
1350 2957 1597 3013 delictum
1627 2963 1721 3022 est,
1753 2967 1861 3013 etc.
1901 2957 1998 3012 Est
2026 2957 2168 3011 enim
2209 2958 2488 3013 contentio

472 3038 827 3115 'impugnatio
860 3045 1105 3101 veritatis
1156 3045 1544 3102 confidentiam
1583 3046 1854 3112 clamem,
1887 3051 1945 3101 ut
1976 3045 2206 3101 habetur
2238 3047 2294 3100 in
2323 3045 2490 3102 Glos-

490 3149 630 3202 sam,
659 3133 817 3190 Rom.
865 3149 902 3202 1,
936 3149 1099 3206 super
1138 3135 1291 3200 illud,
1328 3135 1632 3191 homicidiis
1675 3134 2022 3200 contentione,
2067 3139 2175 3190 etc.
2217 3134 2372 3190 Unde
2412 3134 2488 3191 illi

491 3224 584 3294 qui
627 3239 751 3278 cum
789 3224 1021 3280 veritate
1048 3224 1103 3278 in
1147 3223 1355 3295 judicio
1399 3231 1568 3294 stant,
1601 3238 1708 3279 non
1739 3223 2074 3279 confidentes
2123 3222 2179 3278 in
2226 3221 2486 3292 clamore,

490 3327 596 3368 non
622 3319 841 3386 propter
870 3312 973 3368 hoc
1000 3322 1127 3369 sunt
1151 3313 1500 3368 contentiosi.

558 3403 641 3458 Ad
672 3411 886 3459 sextum
915 3402 1223 3467 dicendum,
1258 3401 1403 3473 quod
1445 3417 1550 3458 non
1589 3409 1672 3456 est
1703 3399 2114 3471 intelligendum
2157 3400 2305 3472 quod
2337 3399 2490 3457 salva

488 3491 756 3548 charitate
782 3491 929 3547 nullo
956 3491 1114 3548 modo
1138 3492 1310 3564 possit
1336 3490 1534 3564 aiiquis
1561 3490 1743 3547 ablata
1773 3496 2038 3563 repetere,
2069 3488 2164 3544 sed
2195 3489 2326 3561 quia
2354 3489 2493 3546 cha-

490 3583 623 3636 ritas
676 3597 781 3637 non
832 3581 1042 3636 inducit
1095 3581 1160 3636 ad
1220 3581 1576 3653 repetendum
1617 3581 1806 3636 ablata·
1845 3595 1912 3635 ex
1959 3578 2299 3652 cupiditate3
2348 3580 2492 3634 unde

487 3670 683 3727 Glossa
717 3688 729 3725 ε
762 3691 785 3722 α
819 3669 942 3726 Non
983 3669 1179 3742 quoerit
1206 3685 1323 3741 quae
1358 3686 1456 3725 sua
1502 3677 1644 3735 ςιιπι,
1681 3670 1734 3726 id
1781 3674 1866 3724 est
1905 3667 2087 3726 ablata
2117 3675 2225 3724 non
2269 3669 2488 3740 repetit,

488 3761 617 3831 quia
662 3776 769 3814 non
818 3768 900 3813 est
950 3759 1183 3813 amatrix
1222 3761 1486 3829 pecuniae.
1521 3781 1544 3811 υ
1593 3758 1932 3831 Quandoque
1975 3763 2157 3814 tamen
2191 3757 2393 3830 aliquis
2423 3773 2492 3814 ex

488 3847 756 3900 charitate
782 3861 880 3899 sua
911 3855 1155 3916 repetere
1188 3854 1370 3916 potest
1399 3848 1516 3904 zelo
1555 3849 1809 3905 fraternae
1837 3847 2214 3918 correctionis,
2245 3853 2307 3903 ut
2338 3855 2491 3920 patet

488 3947 584 4006 per
614 3930 998 3987 auctoritatem
1028 3931 1277 4001 Gregorii
1310 3933 1606 3990 inductam.
