2784 4392
529 340 650 402 442
1003 356 1059 407 s.
1101 356 1337 408 mou
1375 355 1709 412 sumimus
1744 356 2059 405 croscum

595 476 721 533 Fuit
757 475 928 534 etiam
963 492 1119 534 error
1149 474 1407 548 Helvidii,
1435 472 1535 552 qui
1578 471 1763 551 posuit
1804 476 2033 533 Mariam
2074 476 2299 549 q'uidem
2342 492 2563 535 conce·

529 567 671 637 pisse
711 565 979 638 virginem
1007 573 1063 622 et
1091 565 1389 640 peperisse,
1419 563 1517 621 sed
1548 569 1671 636 post
1697 572 1918 637 partum
1960 580 2065 621 non
2108 581 2325 638 semper
2372 566 2561 637 virgi-

527 666 650 707 nem
677 654 1062 724 permansisse,
1091 652 1198 708 sed.
1219 668 1286 707 ex
1311 652 1510 725 loseph
1542 652 1889 723 postmodum
1918 650 2055 707 aiios
2082 651 2222 707 filios
2253 652 2553 723 genuisse:

526 746 582 794 et
611 740 680 797 ad
705 740 809 796 hoc
834 740 1234 797 excludendum
1261 740 1435 796 dicit:
1460 760 1487 792 α
1514 740 1591 795 Ex
1633 740 1803 797 Maria
1845 756 2060 812 semper
2103 741 2338 811 virgine.
2378 760 2409 793 ιι
2444 741 2556 797 Alii

526 844 678 895 vero,
711 828 920 886 scilicet
945 830 1231 896 Ebionitae‚
1261 828 1486 901 gravius
1523 836 1865 897 erraverunt,
1897 829 2143 884 dicentes
2172 829 2463 885 Christum
2485 846 2555 885 ex

526 916 725 989 Joseph
755 916 960 972 semine
985 932 1105 973 esse
1133 924 1489 989 conceptum3
1512 916 1660 971 etad
1687 914 1791 971 hoc
1818 915 2217 971 excludendum
2246 914 2510 971 subditur
2534 933 2549 970 ε

530 1025 556 1057 α
587 1005 792 1076 Spiritu
821 1014 1014 1065 sancto
1043 1012 1371 1077 cooperante
1402 1012 1485 1060 est
1518 1011 1834 1076 conceptus.
1867 1023 1894 1055 n
1920 1004 2161 1059 Fuerunt
2205 1012 2397 1060 autem
2430 1004 2547 1073 alii,

527 1090 735 1147 scilicet
764 1092 1070 1156 Manichaei,
1087 1092 1179 1165 qui
1209 1092 1468 1147 dixerunt
1486 1089 1763 1146 Christum
1788 1106 1895 1147 non
1914 1106 2103 1147 veram
2128 1106 2351 1146 carnem
2378 1107 2555 1147 acce-
2614 1114 2621 1125 ·

530 1179 691 1250 pisse,
723 1178 820 1235 sed
850 1180 1269 1252 phantasticam,
1303 1186 1497 1235 contra
1528 1178 1582 1234 id
1613 1179 1760 1251 quod
1789 1178 2054 1234 Dominus
2095 1179 2380 1252 discipulis
2423 1187 2551 1253 post

530 1268 981 1323 resurrectionem
1030 1267 1438 1324 aestimantibus
1492 1282 1614 1321 eum
1661 1267 1987 1338 phantasma
2030 1283 2169 1335 esse,
2201 1268 2340 1324 dicit
2383 1269 2547 1335 Luc„

530 1354 630 1411 ult.
658 1358 760 1411 39:
787 1355 1026 1427 Spiritus
1049 1372 1264 1411 earnem
1291 1361 1342 1411 et
1369 1371 1488 1411 ossa
1516 1371 1623 1411 non
1648 1356 1820 1421 habet,
1836 1356 1975 1412 sicut
1998 1372 2081 1413 me
2102 1356 2295 1413 videtis
2322 1357 2519 1413 habere
2526 1376 2548 1426 ‚·

533 1444 603 1500 ad
633 1444 776 1517 quod
807 1444 1204 1501 excludendum
1229 1443 1367 1500 dixit
1401 1462 1414 1497 ε
1450 1465 1475 1497 α
1509 1444 1685 1500 Verus
1713 1444 1874 1502 homo
1902 1444 2104 1501 factus,
2137 1464 2163 1497 n
2198 1445 2389 1502 Ariani
2412 1462 2547 1505 vero
2615 1432 2620 1436 ’

533 1533 807 1604 dixerunt,
835 1534 978 1606 quod
1006 1533 1176 1589 Filius
1208 1533 1302 1588 Dei
1329 1532 1625 1606 assumpsit
1654 1533 1827 1589 solam
1855 1548 2079 1589 carnem
2106 1534 2223 1589 sine
2251 1534 2461 1603 anima,
2490 1541 2548 1590 et

534 1622 678 1695 quod
710 1621 948 1679 Verbum
993 1622 1095 1678 fuit
1127 1622 1280 1678 carni
1325 1621 1446 1679 loco
1492 1622 1708 1678 animae.
1738 1622 1846 1678 Sed
1891 1630 2085 1696 postea
2139 1622 2547 1695 Apollinaristae

534 1710 788 1765 dixerunt
811 1726 937 1768 eum
963 1709 1165 1769 habere
1198 1710 1436 1768 animam
1462 1710 1781 1767 sensitivam
1806 1717 2041 1777 tantum,
2073 1723 2263 1767 contra
2313 1712 2371 1768 id
2398 1712 2545 1784 quod

535 1798 736 1853 dicitur
763 1798 978 1864 Matih„
1007 1815 1172 1865 xxvi,
1205 1802 1307 1855 38:
1331 1798 1529 1856 Tristia
1554 1805 1628 1856 est
1652 1799 1833 1855 anima
1861 1815 1977 1855 mea
2004 1815 2166 1871 usque
2193 1800 2267 1855 ad
2287 1808 2544 1867 mortem5

538 1893 594 1943 et
619 1887 836 1954 Joann„
854 1903 914 1957 x,
931 1892 962 1943 8
984 1905 998 1942 z
1017 1888 1335 1945 Potestatem
1352 1888 1511 1945 habeo
1521 1888 1754 1960 ponendi
1775 1888 2013 1945 animam
2034 1904 2201 1945 meam
2210 1905 2231 1955 ,·
2254 1896 2311 1944 et
2332 1889 2460 1946 ideo
2476 1890 2543 1946 ad

537 1975 639 2031 hoc
661 1974 1058 2032 excludendum
1086 1976 1297 2031 dicitz«
1329 1977 1411 2032 Ex
1434 1978 1617 2033 anima
1643 1976 1919 2033 rationali.
1954 1997 1979 2029 υ
2012 1976 2119 2033 Alii
2149 1993 2299 2045 vei-0,
2331 1978 2544 2035 scilicet

537 2078 802 2135 sequaces
827 2063 1120 2130 Valentini,
1137 2073 1434 2134 posuerunt
1459 2080 1658 2140 corpus
1685 2066 1887 2122 Christi
1916 2081 2024 2123 non
2052 2081 2171 2121 esse
2200 2074 2543 2140 assumptum

467 2162 471 2167 ·
537 2150 605 2207 de
624 2150 866 2221 Virgine,
893 2150 990 2207 sed
1019 2150 1086 2207 de
1113 2152 1253 2209 coelo
1283 2152 1529 2221 allatum,
1562 2162 1753 2211 contra
1781 2154 1839 2209 id
1878 2154 2025 2227 quod
2063 2155 2265 2210 dicitur
2297 2154 2367 2211 ad
2392 2154 2537 2220 Gal„

539 2255 618 2307 lv,
649 2240 680 2294 4
712 2238 975 2297 :Factum
1016 2257 1083 2297 ex
1121 2240 1361 2299 muliere.
1390 2242 1475 2298 Ad
1515 2242 1697 2309 Rom.‚
1726 2246 1819 2310 1‚3
1852 2260 1866 2298 t
1896 2242 2003 2309 Qui
2046 2242 2224 2313 factus
2266 2250 2342 2299 est
2387 2243 2439 2299 ei
2478 2259 2544 2297 ex

539 2328 733 2384 semine
773 2328 948 2385 David
979 2330 1262 2387 secundum
1296 2346 1547 2399 carnem3
1578 2339 1633 2387 et
1663 2331 1731 2387 ad
1774 2330 1880 2387 hoc
1921 2330 2325 2388 excludendum·
2364 2332 2536 2387 dicit:

544 2436 570 2469 (κ
602 2417 672 2472 Et
693 2417 928 2475 humana
957 2434 1120 2475 carne
1147 2420 1502 2493 compositus,
1538 2439 1564 2471 n

612 2507 768 2563 Circa
797 2515 980 2563 autem
1009 2508 1183 2581 ipsam
1227 2509 1483 2565 unionem
1510 2508 1784 2565 contrarie
1824 2515 2146 2564 erraverunt
2172 2510 2459 2565 Nestorius
2486 2517 2539 2566 et

541 2595 832 2668 Eutyches,
863 2612 1095 2669 quorum
1135 2597 1424 2653 Nestorius
1452 2597 1635 2670 posuit
1684 2598 1936 2652 unionem
1980 2613 2099 2652 esse
2127 2598 2329 2654 factam
2365 2598 2535 2655 solum

539 2684 837 2740 secundum
892 2684 1342 2742 inhabitationem
1393 2686 1605 2757 gratiae,
1646 2686 1789 2740 sicut
1840 2685 2007 2741 etiam
2058 2686 2114 2740 in
2162 2686 2290 2742 aliis
2336 2690 2536 2744 sanctis

541 2773 684 2827 Deus
713 2772 914 2829 dicitur
941 2790 1060 2829 esse
1090 2789 1185 2844 per
1209 2773 1603 2831 inhabitantem
1632 2774 1885 2846 gratiam,
1916 2783 1975 2830 ut
1996 2775 2077 2829 sic
2100 2775 2281 2830 Dei-et
2307 2776 2535 2832 hominis

540 2860 612 2915 sit
639 2860 745 2915 alia
790 2868 846 2916 et
891 2861 997 2917 alia
1039 2878 1286 2931 persona,
1314 2871 1507 2919 contra
1548 2863 1603 2918 id
1652 2864 1794 2935 quod
1841 2865 2059 2931 Joann„
2089 2880 2129 2931 1,
2164 2867 2232 2919 ⁴4
2266 2882 2277 2918 ε
2314 2866 2534 2923 Verbum

540 2963 664 3002 caro
687 2946 890 3017 factum
914 2954 1008 3013 est,
1029 2947 1082 3003 id
1113 2958 1195 3005 est
1222 2949 1390 3006 Filius
1414 2952 1511 3005 Dei
1540 2951 1716 3009 sactus
1743 2959 1826 3007 est
1854 2952 2033 3018 homo,
2054 2939 2198 3025 quod
2228 2966 2333 3009 non
2362 2960 2535 3025 potest

539 3037 647 3092 dici
675 3037 744 3093 de
780 3036 902 3094 aliis
952 3052 1089 3109 quos
1138 3055 1234 3110 per
1267 3040 1509 3111 gratiam
1545 3041 1832 3111 inhabitat.
1870 3040 2145 3113 Eutyches
2192 3057 2320 3096 vero
2360 3044 2534 3113 posuit

539 3127 683 3200 quod
713 3125 860 3184 sacta
889 3135 973 3183 est
1003 3127 1130 3183 unio
1158 3127 1258 3183 Dei
1295 3135 1350 3183 et
1374 3129 1611 3185 hominis
1636 3129 1687 3183 in
1715 3144 1879 3185 unam
1908 3135 2181 3194 naturam,
2211 3130 2287 3185 ita
2330 3130 2533 3186 scilicet

538 3216 680 3289 quod
721 3215 995 3272 Christum
1025 3216 1304 3273 asserebat
1333 3231 1453 3273 esse
1496 3233 1563 3272 ex
1607 3216 1819 3274 duabus
1842 3218 2073 3285 naturiS,
2104 3234 2209 3273 non
2252 3224 2436 3274 autem
2480 3220 2533 3273 in

536 3302 765 3370 duabus,
794 3304 924 3376 quia
961 3303 1171 3359 scilicet
1201 3304 1537 3370 intendebat,
1572 3305 1717 3376 quod
1755 3312 1883 3361 ante
1911 3305 2347 3360 Incarnationem
2382 3312 2529 3361 erant

535 3390 660 3447 duae
687 3399 900 3447 naturae
925 3391 1022 3446 Dei
1047 3398 1102 3446 et
1125 3390 1378 3458 hominis,
1407 3392 1503 3446 sed
1532 3400 1655 3464 post
1685 3393 2121 3449 Incarnationem
2150 3392 2296 3449 facta
2322 3399 2405 3448 est
2432 3409 2529 3447 una

535 3487 758 3548 natura;
787 3481 928 3535 unde
962 3480 1030 3535 ad
1076 3488 1370 3553 utrumque
1400 3480 1797 3537 excludendum
1825 3481 1961 3537 dicit
1994 3498 2008 3535 z
2036 3501 2061 3531 «
2092 3482 2212 3537 Una
2242 3482 2297 3537 in
2326 3481 2529 3537 duabus

536 3567 742 3624 naturis
784 3584 1013 3641 persona
1047 3569 1194 3624 viam
1233 3569 1362 3625 vitae
1410 3568 1752 3625 manifestius
1789 3570 2209 3627 demonstravit.
2246 3590 2272 3623 n
2299 3570 2527 3626 Fuerunt

533 3658 675 3712 enim
706 3657 930 3729 quidam
957 3656 1217 3729 Eutychis
1244 3663 1567 3723 sectatore8‚
1596 3657 2159 3714 scilicetTheodosius
2188 3666 2243 3714 et
2270 3658 2522 3719 Galenus

533 3745 644 3813 qui,
671 3750 932 3815 ponentes
961 3760 1122 3799 unam
1151 3752 1405 3801 naturam
1432 3746 1486 3799 in
1511 3745 1746 3813 Christ0‚
1769 3748 1928 3819 quasi
1952 3762 2018 3802 ex
2048 3747 2341 3803 divinitate
2358 3756 2409 3803 et
2430 3746 2526 3800 hu·

532 3830 794 3885 manitate
845 3830 1167 3899 confectam,
1205 3832 1569 3891 diversimode
1616 3842 1957 3891 erraverunt.
2002 3835 2139 3891 Nam
2198 3835 2526 3891 Theodosius

533 3914 712 3983 posuit
752 3914 902 3975 illam
940 3924 1192 3979 naturam
1227 3934 1350 3979 esse
1389 3921 1800 3997 corruptibilem
1837 3928 1893 3979 et
1921 3922 2254 3996 passibilem,
2288 3922 2526 3981 Galenus
