<?xml version="1.0" encoding="UTF-8"?>
<!DOCTYPE html PUBLIC "-//W3C//DTD XHTML 1.0 Transitional//EN"
    "http://www.w3.org/TR/xhtml1/DTD/xhtml1-transitional.dtd">
<html xmlns="http://www.w3.org/1999/xhtml" xml:lang="en" lang="en">
 <head>
  <title>
</title>
<meta http-equiv="Content-Type" content="text/html;charset=utf-8" />
  <meta name='ocr-system' content='tesseract 3.04.00' />
  <meta name='ocr-capabilities' content='ocr_page ocr_carea ocr_par ocr_line ocrx_word'/>
</head>
<body>
  <div class='ocr_page' id='page_1' title='image "./sthomaquinatisd01thomgoog_0116.png"; bbox 0 0 2784 4392; ppageno 0'>
   <div class='ocr_carea' id='block_1_1' title="bbox 420 342 1945 412">
    <p class='ocr_par' dir='ltr' id='par_1_1' title="bbox 420 342 1945 412">
     <span class='ocr_line' id='line_1_1' title="bbox 420 342 1945 412; baseline 0.001 -7"><span class='ocrx_word' id='word_1_1' title='bbox 420 342 536 407; x_wconf 82' lang='lat'><strong>102</strong></span> <span class='ocrx_word' id='word_1_2' title='bbox 895 364 944 407; x_wconf 86' lang='lat' dir='ltr'><strong>s.</strong></span> <span class='ocrx_word' id='word_1_3' title='bbox 991 360 1225 407; x_wconf 73' lang='lat' dir='ltr'>THOMAE</span> <span class='ocrx_word' id='word_1_4' title='bbox 1265 358 1595 412; x_wconf 54' lang='lat' dir='ltr'><strong>neumis-‘ris</strong></span> <span class='ocrx_word' id='word_1_5' title='bbox 1636 358 1945 406; x_wconf 67' lang='lat' dir='ltr'><strong>opuscunA</strong></span> 
     </span>
    </p>
   </div>
   <div class='ocr_carea' id='block_1_2' title="bbox 424 474 2497 4010">
    <p class='ocr_par' dir='ltr' id='par_1_2' title="bbox 424 474 2427 1172">
     <span class='ocr_line' id='line_1_2' title="bbox 491 474 2415 551; baseline -0.002 -18"><span class='ocrx_word' id='word_1_6' title='bbox 491 480 713 535; x_wconf 87' lang='lat' dir='ltr'><strong>lterum.</strong></span> <span class='ocrx_word' id='word_1_7' title='bbox 722 479 915 538; x_wconf 85' lang='lat' dir='ltr'><strong>Omnia</strong></span> <span class='ocrx_word' id='word_1_8' title='bbox 934 494 1058 551; x_wconf 82' lang='lat' dir='ltr'><strong>quae</strong></span> <span class='ocrx_word' id='word_1_9' title='bbox 1075 479 1237 535; x_wconf 86' lang='lat' dir='ltr'><strong>licent</strong></span> <span class='ocrx_word' id='word_1_10' title='bbox 1258 476 1612 536; x_wconf 69' lang='lat' dir='ltr'><strong>saecularibus</strong></span> <span class='ocrx_word' id='word_1_11' title='bbox 1630 476 1865 548; x_wconf 81' lang='lat' dir='ltr'><strong>clericis,</strong></span> <span class='ocrx_word' id='word_1_12' title='bbox 1879 475 2047 533; x_wconf 88' lang='lat' dir='ltr'><strong>licent</strong></span> <span class='ocrx_word' id='word_1_13' title='bbox 2061 480 2117 532; x_wconf 90' lang='lat' dir='ltr'><strong>et</strong></span> <span class='ocrx_word' id='word_1_14' title='bbox 2132 474 2415 547; x_wconf 86' lang='lat' dir='ltr'><strong>religiosis,</strong></span> 
     </span>
     <span class='ocr_line' id='line_1_3' title="bbox 424 555 2417 641; baseline -0.003 -20"><span class='ocrx_word' id='word_1_15' title='bbox 424 555 667 640; x_wconf 73' lang='lat' dir='ltr'><strong>exceptis</strong></span> <span class='ocrx_word' id='word_1_16' title='bbox 691 569 895 641; x_wconf 84' lang='lat' dir='ltr'><strong>eisquae</strong></span> <span class='ocrx_word' id='word_1_17' title='bbox 919 568 972 623; x_wconf 89' lang='lat' dir='ltr'><strong>in</strong></span> <span class='ocrx_word' id='word_1_18' title='bbox 999 583 1096 624; x_wconf 86' lang='lat' dir='ltr'><strong>sua</strong></span> <span class='ocrx_word' id='word_1_19' title='bbox 1128 566 1314 639; x_wconf 84' lang='lat' dir='ltr'><strong>regula</strong></span> <span class='ocrx_word' id='word_1_20' title='bbox 1335 568 1415 623; x_wconf 89' lang='lat' dir='ltr'><strong>eis</strong></span> <span class='ocrx_word' id='word_1_21' title='bbox 1440 566 1814 639; x_wconf 86' lang='lat' dir='ltr'><strong>prohibentur.</strong></span> <span class='ocrx_word' id='word_1_22' title='bbox 1839 570 1971 637; x_wconf 87' lang='lat' dir='ltr'><strong>Arg.</strong></span> <span class='ocrx_word' id='word_1_23' title='bbox 1996 580 2115 633; x_wconf 81' lang='lat' dir='ltr'><strong>xvr,</strong></span> <span class='ocrx_word' id='word_1_24' title='bbox 2142 571 2338 639; x_wconf 65' lang='lat' dir='ltr'><strong>quaest.</strong></span> <span class='ocrx_word' id='word_1_25' title='bbox 2366 563 2417 617; x_wconf 75' lang='lat'><strong>⁴.</strong></span> 
     </span>
     <span class='ocr_line' id='line_1_4' title="bbox 425 649 2423 729; baseline -0.004 -16"><span class='ocrx_word' id='word_1_26' title='bbox 425 656 560 713; x_wconf 77' lang='lat' dir='ltr'><strong>Sunt</strong></span> <span class='ocrx_word' id='word_1_27' title='bbox 589 662 764 713; x_wconf 78' lang='lat' dir='ltr'><strong>tamen</strong></span> <span class='ocrx_word' id='word_1_28' title='bbox 808 656 1073 721; x_wconf 78' lang='lat' dir='ltr'><strong><em>nonnulli,</em></strong></span> <span class='ocrx_word' id='word_1_29' title='bbox 1103 656 1194 712; x_wconf 93' lang='lat' dir='ltr'><strong>ubi</strong></span> <span class='ocrx_word' id='word_1_30' title='bbox 1243 656 1465 723; x_wconf 89' lang='lat' dir='ltr'><strong>dicitur,</strong></span> <span class='ocrx_word' id='word_1_31' title='bbox 1498 656 1642 729; x_wconf 89' lang='lat' dir='ltr'><strong>quod</strong></span> <span class='ocrx_word' id='word_1_32' title='bbox 1675 674 1701 707; x_wconf 78' lang='grc' dir='ltr'><strong>α</strong></span> <span class='ocrx_word' id='word_1_33' title='bbox 1745 654 2029 721; x_wconf 86' lang='lat' dir='ltr'><strong>monachis</strong></span> <span class='ocrx_word' id='word_1_34' title='bbox 2067 654 2195 709; x_wconf 86' lang='lat' dir='ltr'><strong>licet</strong></span> <span class='ocrx_word' id='word_1_35' title='bbox 2242 649 2423 708; x_wconf 83' lang='lat' dir='ltr'><strong>absol-</strong></span> 
     </span>
     <span class='ocr_line' id='line_1_5' title="bbox 425 742 2423 818; baseline -0.002 -18"><span class='ocrx_word' id='word_1_36' title='bbox 425 758 569 812; x_wconf 85' lang='lat' dir='ltr'><strong>vere‚</strong></span> <span class='ocrx_word' id='word_1_37' title='bbox 600 751 654 801; x_wconf 91' lang='lat' dir='ltr'><strong>et</strong></span> <span class='ocrx_word' id='word_1_38' title='bbox 683 746 790 802; x_wconf 80' lang='lat' dir='ltr'><strong>alia</strong></span> <span class='ocrx_word' id='word_1_39' title='bbox 829 745 1139 817; x_wconf 87' lang='lat' dir='ltr'><strong>hujusmodi</strong></span> <span class='ocrx_word' id='word_1_40' title='bbox 1175 744 1374 801; x_wconf 77' lang='lat' dir='ltr'><strong>facere.</strong></span> <span class='ocrx_word' id='word_1_41' title='bbox 1408 762 1433 797; x_wconf 76' lang='lat' dir='ltr'><strong>n</strong></span> <span class='ocrx_word' id='word_1_42' title='bbox 1474 744 1665 818; x_wconf 80' lang='lat' dir='ltr'><strong>Neque</strong></span> <span class='ocrx_word' id='word_1_43' title='bbox 1690 744 1835 799; x_wconf 89' lang='lat' dir='ltr'><strong>enim</strong></span> <span class='ocrx_word' id='word_1_44' title='bbox 1873 744 2073 799; x_wconf 83' lang='lat' dir='ltr'>Beatus</span> <span class='ocrx_word' id='word_1_45' title='bbox 2100 742 2423 799; x_wconf 76' lang='lat' dir='ltr'><strong>Benedictus</strong></span> 
     </span>
     <span class='ocr_line' id='line_1_6' title="bbox 428 819 2424 910; baseline -0.002 -21"><span class='ocrx_word' id='word_1_46' title='bbox 428 834 816 891; x_wconf 84' lang='lat' dir='ltr'><strong>monachorum</strong></span> <span class='ocrx_word' id='word_1_47' title='bbox 852 839 1156 910; x_wconf 68' lang='lat' dir='ltr'><strong>praeceptor</strong></span> <span class='ocrx_word' id='word_1_48' title='bbox 1194 833 1462 891; x_wconf 82' lang='lat' dir='ltr'><strong>almificus</strong></span> <span class='ocrx_word' id='word_1_49' title='bbox 1504 832 1879 905; x_wconf 88' lang='lat' dir='ltr'><strong>hujuscemodi</strong></span> <span class='ocrx_word' id='word_1_50' title='bbox 1910 832 1990 888; x_wconf 89' lang='lat' dir='ltr'><strong>rei</strong></span> <span class='ocrx_word' id='word_1_51' title='bbox 2026 832 2130 889; x_wconf 80' lang='lat' dir='ltr'><strong>fuit</strong></span> <span class='ocrx_word' id='word_1_52' title='bbox 2160 819 2424 887; x_wconf 82' lang='lat' dir='ltr'><strong>interdic-</strong></span> 
     </span>
     <span class='ocr_line' id='line_1_7' title="bbox 426 919 2427 995; baseline -0.002 -18"><span class='ocrx_word' id='word_1_53' title='bbox 426 932 554 978; x_wconf 89' lang='lat' dir='ltr'><strong>tor:</strong></span> <span class='ocrx_word' id='word_1_54' title='bbox 587 924 680 979; x_wconf 89' lang='lat' dir='ltr'><strong>sed</strong></span> <span class='ocrx_word' id='word_1_55' title='bbox 730 924 1083 979; x_wconf 71' lang='lat' dir='ltr'><strong>saecularibus</strong></span> <span class='ocrx_word' id='word_1_56' title='bbox 1122 924 1249 980; x_wconf 88' lang='lat' dir='ltr'><strong>licet</strong></span> <span class='ocrx_word' id='word_1_57' title='bbox 1290 941 1358 979; x_wconf 85' lang='lat' dir='ltr'><strong>ex</strong></span> <span class='ocrx_word' id='word_1_58' title='bbox 1386 924 1768 979; x_wconf 82' lang='lat' dir='ltr'><strong>commissione</strong></span> <span class='ocrx_word' id='word_1_59' title='bbox 1796 922 2194 995; x_wconf 88' lang='lat' dir='ltr'><strong>Episcoporum</strong></span> <span class='ocrx_word' id='word_1_60' title='bbox 2223 919 2427 993; x_wconf 82' lang='lat' dir='ltr'><strong>praedi-</strong></span> 
     </span>
     <span class='ocr_line' id='line_1_8' title="bbox 424 997 2426 1083; baseline -0.002 -16"><span class='ocrx_word' id='word_1_61' title='bbox 424 1026 549 1068; x_wconf 86' lang='lat' dir='ltr'><strong>care</strong></span> <span class='ocrx_word' id='word_1_62' title='bbox 579 1020 634 1067; x_wconf 91' lang='lat' dir='ltr'><strong>et</strong></span> <span class='ocrx_word' id='word_1_63' title='bbox 663 1011 1028 1068; x_wconf 77' lang='lat' dir='ltr'><strong>confessiones</strong></span> <span class='ocrx_word' id='word_1_64' title='bbox 1052 1010 1268 1070; x_wconf 87' lang='lat' dir='ltr'><strong>audire.</strong></span> <span class='ocrx_word' id='word_1_65' title='bbox 1285 1010 1427 1083; x_wconf 85' lang='lat' dir='ltr'><strong>Ergo</strong></span> <span class='ocrx_word' id='word_1_66' title='bbox 1453 1018 1508 1067; x_wconf 89' lang='lat' dir='ltr'><strong>et</strong></span> <span class='ocrx_word' id='word_1_67' title='bbox 1536 1008 1806 1083; x_wconf 80' lang='lat' dir='ltr'><strong>religiosis</strong></span> <span class='ocrx_word' id='word_1_68' title='bbox 1832 1024 1957 1067; x_wconf 89' lang='lat' dir='ltr'><strong>cum</strong></span> <span class='ocrx_word' id='word_1_69' title='bbox 1988 1010 2043 1066; x_wconf 88' lang='lat' dir='ltr'><strong>in</strong></span> <span class='ocrx_word' id='word_1_70' title='bbox 2069 997 2231 1066; x_wconf 84' lang='lat' dir='ltr'><strong>nulla</strong></span> <span class='ocrx_word' id='word_1_71' title='bbox 2243 1007 2426 1081; x_wconf 87' lang='lat' dir='ltr'><strong>regula</strong></span> 
     </span>
     <span class='ocr_line' id='line_1_9' title="bbox 426 1098 1016 1172; baseline 0 -17"><span class='ocrx_word' id='word_1_72' title='bbox 426 1099 529 1155; x_wconf 88' lang='lat' dir='ltr'><strong>hoc</strong></span> <span class='ocrx_word' id='word_1_73' title='bbox 565 1098 639 1155; x_wconf 90' lang='lat' dir='ltr'><strong>sit</strong></span> <span class='ocrx_word' id='word_1_74' title='bbox 666 1099 1016 1172; x_wconf 87' lang='lat' dir='ltr'><strong>prohibitum.</strong></span> 
     </span>
    </p>

    <p class='ocr_par' dir='ltr' id='par_1_3' title="bbox 427 1161 2429 1707">
     <span class='ocr_line' id='line_1_10' title="bbox 495 1161 2425 1263; baseline -0.001 -19"><span class='ocrx_word' id='word_1_75' title='bbox 495 1190 652 1244; x_wconf 83' lang='lat' dir='ltr'><strong>Item.</strong></span> <span class='ocrx_word' id='word_1_76' title='bbox 687 1190 860 1259; x_wconf 87' lang='lat' dir='ltr'><strong>Majus</strong></span> <span class='ocrx_word' id='word_1_77' title='bbox 894 1198 976 1245; x_wconf 89' lang='lat' dir='ltr'><strong>est</strong></span> <span class='ocrx_word' id='word_1_78' title='bbox 1011 1161 1417 1261; x_wconf 74' lang='lat' dir='ltr'><strong>praedicationis</strong></span> <span class='ocrx_word' id='word_1_79' title='bbox 1460 1186 1698 1246; x_wconf 83' lang='lat' dir='ltr'><strong>officium</strong></span> <span class='ocrx_word' id='word_1_80' title='bbox 1730 1202 1798 1245; x_wconf 85' lang='lat' dir='ltr'><strong>ex</strong></span> <span class='ocrx_word' id='word_1_81' title='bbox 1838 1189 2056 1263; x_wconf 88' lang='lat' dir='ltr'><strong>propria</strong></span> <span class='ocrx_word' id='word_1_82' title='bbox 2097 1185 2425 1245; x_wconf 85' lang='lat' dir='ltr'><strong>auctoritate</strong></span> 
     </span>
     <span class='ocr_line' id='line_1_11' title="bbox 427 1274 2427 1350; baseline -0.002 -17"><span class='ocrx_word' id='word_1_83' title='bbox 427 1277 665 1350; x_wconf 80' lang='lat' dir='ltr'><strong>assequi,</strong></span> <span class='ocrx_word' id='word_1_84' title='bbox 699 1291 863 1349; x_wconf 84' lang='lat' dir='ltr'><strong>quam</strong></span> <span class='ocrx_word' id='word_1_85' title='bbox 888 1292 954 1333; x_wconf 85' lang='lat' dir='ltr'><strong>ex</strong></span> <span class='ocrx_word' id='word_1_86' title='bbox 995 1278 1374 1334; x_wconf 82' lang='lat' dir='ltr'><strong>commissione</strong></span> <span class='ocrx_word' id='word_1_87' title='bbox 1407 1277 1652 1348; x_wconf 85' lang='lat' dir='ltr'><strong>alterius,</strong></span> <span class='ocrx_word' id='word_1_88' title='bbox 1690 1279 1788 1333; x_wconf 86' lang='lat' dir='ltr'><strong>sed</strong></span> <span class='ocrx_word' id='word_1_89' title='bbox 1824 1274 2061 1349; x_wconf 81' lang='lat' dir='ltr'><strong>religiosi</strong></span> <span class='ocrx_word' id='word_1_90' title='bbox 2108 1282 2335 1349; x_wconf 79' lang='lat' dir='ltr'><strong>possunt</strong></span> <span class='ocrx_word' id='word_1_91' title='bbox 2360 1274 2427 1331; x_wconf 89' lang='lat' dir='ltr'><strong>ad</strong></span> 
     </span>
     <span class='ocr_line' id='line_1_12' title="bbox 432 1364 2428 1443; baseline -0.001 -23"><span class='ocrx_word' id='word_1_92' title='bbox 432 1364 765 1437; x_wconf 70' lang='lat' dir='ltr'><strong>praelationis</strong></span> <span class='ocrx_word' id='word_1_93' title='bbox 788 1366 990 1437; x_wconf 84' lang='lat' dir='ltr'><strong>gradus</strong></span> <span class='ocrx_word' id='word_1_94' title='bbox 1017 1364 1320 1433; x_wconf 86' lang='lat' dir='ltr'><strong>sublimari,</strong></span> <span class='ocrx_word' id='word_1_95' title='bbox 1349 1364 1403 1421; x_wconf 84' lang='lat' dir='ltr'><strong>in</strong></span> <span class='ocrx_word' id='word_1_96' title='bbox 1431 1382 1539 1443; x_wconf 89' lang='lat' dir='ltr'><strong>quo</strong></span> <span class='ocrx_word' id='word_1_97' title='bbox 1564 1368 1642 1423; x_wconf 88' lang='lat' dir='ltr'><strong>eis</strong></span> <span class='ocrx_word' id='word_1_98' title='bbox 1670 1366 1932 1439; x_wconf 86' lang='lat' dir='ltr'><strong>competit</strong></span> <span class='ocrx_word' id='word_1_99' title='bbox 1954 1371 2010 1422; x_wconf 91' lang='lat' dir='ltr'><strong>et</strong></span> <span class='ocrx_word' id='word_1_100' title='bbox 2033 1366 2355 1438; x_wconf 85' lang='lat' dir='ltr'><strong>praedicare,</strong></span> <span class='ocrx_word' id='word_1_101' title='bbox 2374 1371 2428 1419; x_wconf 93' lang='lat' dir='ltr'><strong>et</strong></span> 
     </span>
     <span class='ocr_line' id='line_1_13' title="bbox 431 1452 2429 1529; baseline -0.002 -18"><span class='ocrx_word' id='word_1_102' title='bbox 431 1453 537 1511; x_wconf 77' lang='lat' dir='ltr'><strong>alia</strong></span> <span class='ocrx_word' id='word_1_103' title='bbox 573 1454 792 1529; x_wconf 81' lang='lat' dir='ltr'><strong>propria</strong></span> <span class='ocrx_word' id='word_1_104' title='bbox 832 1454 1162 1512; x_wconf 84' lang='lat' dir='ltr'><strong>auctoritate</strong></span> <span class='ocrx_word' id='word_1_105' title='bbox 1204 1456 1420 1529; x_wconf 82' lang='lat' dir='ltr'><strong>exequi,</strong></span> <span class='ocrx_word' id='word_1_106' title='bbox 1460 1470 1585 1529; x_wconf 82' lang='lat' dir='ltr'><strong>quae</strong></span> <span class='ocrx_word' id='word_1_107' title='bbox 1633 1454 1702 1512; x_wconf 86' lang='lat' dir='ltr'><strong>ad</strong></span> <span class='ocrx_word' id='word_1_108' title='bbox 1744 1454 1976 1511; x_wconf 89' lang='lat' dir='ltr'><strong>salutem</strong></span> <span class='ocrx_word' id='word_1_109' title='bbox 2006 1454 2277 1527; x_wconf 76' lang='lat' dir='ltr'><strong>pertinent</strong></span> <span class='ocrx_word' id='word_1_110' title='bbox 2308 1452 2429 1508; x_wconf 88' lang='lat' dir='ltr'><strong>ani-</strong></span> 
     </span>
     <span class='ocr_line' id='line_1_14' title="bbox 431 1540 2429 1616; baseline -0.001 -18"><span class='ocrx_word' id='word_1_111' title='bbox 431 1558 661 1599; x_wconf 87' lang='lat' dir='ltr'><strong>marum.</strong></span> <span class='ocrx_word' id='word_1_112' title='bbox 681 1542 823 1616; x_wconf 86' lang='lat' dir='ltr'><strong>Ergo</strong></span> <span class='ocrx_word' id='word_1_113' title='bbox 845 1542 1014 1602; x_wconf 85' lang='lat' dir='ltr'><strong>multo</strong></span> <span class='ocrx_word' id='word_1_114' title='bbox 1041 1542 1216 1615; x_wconf 87' lang='lat' dir='ltr'><strong>magis</strong></span> <span class='ocrx_word' id='word_1_115' title='bbox 1233 1543 1434 1600; x_wconf 87' lang='lat' dir='ltr'><strong>dehent</strong></span> <span class='ocrx_word' id='word_1_116' title='bbox 1454 1544 1633 1601; x_wconf 90' lang='lat' dir='ltr'><strong>idonei</strong></span> <span class='ocrx_word' id='word_1_117' title='bbox 1657 1542 1916 1615; x_wconf 88' lang='lat' dir='ltr'><strong>reputari,</strong></span> <span class='ocrx_word' id='word_1_118' title='bbox 1938 1548 1999 1598; x_wconf 92' lang='lat' dir='ltr'><strong>ut</strong></span> <span class='ocrx_word' id='word_1_119' title='bbox 2024 1540 2429 1614; x_wconf 87' lang='lat' dir='ltr'><strong>praedicationis</strong></span> 
     </span>
     <span class='ocr_line' id='line_1_15' title="bbox 432 1633 2427 1707; baseline -0.001 -18"><span class='ocrx_word' id='word_1_120' title='bbox 432 1633 688 1700; x_wconf 86' lang='lat' dir='ltr'><strong>officium,</strong></span> <span class='ocrx_word' id='word_1_121' title='bbox 719 1642 773 1690; x_wconf 89' lang='lat' dir='ltr'><strong>et</strong></span> <span class='ocrx_word' id='word_1_122' title='bbox 795 1633 902 1690; x_wconf 85' lang='lat' dir='ltr'><strong>alia</strong></span> <span class='ocrx_word' id='word_1_123' title='bbox 931 1634 1241 1707; x_wconf 83' lang='lat' dir='ltr'><strong>hujusmodi</strong></span> <span class='ocrx_word' id='word_1_124' title='bbox 1268 1651 1334 1689; x_wconf 85' lang='lat' dir='ltr'><strong>ex</strong></span> <span class='ocrx_word' id='word_1_125' title='bbox 1371 1633 1753 1689; x_wconf 80' lang='lat' dir='ltr'><strong>commissione</strong></span> <span class='ocrx_word' id='word_1_126' title='bbox 1781 1633 2033 1705; x_wconf 87' lang='lat' dir='ltr'><strong>Episcopi</strong></span> <span class='ocrx_word' id='word_1_127' title='bbox 2065 1639 2427 1703; x_wconf 87' lang='lat' dir='ltr'><strong>exequantur.</strong></span> 
     </span>
    </p>

    <p class='ocr_par' dir='ltr' id='par_1_4' title="bbox 435 1716 2497 3302">
     <span class='ocr_line' id='line_1_16' title="bbox 502 1716 2433 1795; baseline -0.002 -17"><span class='ocrx_word' id='word_1_128' title='bbox 502 1723 660 1778; x_wconf 88' lang='lat' dir='ltr'><strong>Item.</strong></span> <span class='ocrx_word' id='word_1_129' title='bbox 692 1720 774 1777; x_wconf 82' lang='lat' dir='ltr'><strong>Ad</strong></span> <span class='ocrx_word' id='word_1_130' title='bbox 816 1722 948 1777; x_wconf 84' lang='lat' dir='ltr'><strong>illud</strong></span> <span class='ocrx_word' id='word_1_131' title='bbox 987 1722 1132 1794; x_wconf 85' lang='lat' dir='ltr'><strong>quod</strong></span> <span class='ocrx_word' id='word_1_132' title='bbox 1175 1722 1411 1778; x_wconf 80' lang='lat' dir='ltr'><strong>maxime</strong></span> <span class='ocrx_word' id='word_1_133' title='bbox 1452 1721 1713 1795; x_wconf 89' lang='lat' dir='ltr'><strong>competit</strong></span> <span class='ocrx_word' id='word_1_134' title='bbox 1745 1718 1998 1792; x_wconf 78' lang='lat' dir='ltr'><strong>perfectis</strong></span> <span class='ocrx_word' id='word_1_135' title='bbox 2039 1734 2145 1775; x_wconf 90' lang='lat' dir='ltr'><strong>non</strong></span> <span class='ocrx_word' id='word_1_136' title='bbox 2186 1716 2433 1776; x_wconf 82' lang='lat' dir='ltr'><strong>redditur</strong></span> 
     </span>
     <span class='ocr_line' id='line_1_17' title="bbox 435 1808 2429 1883; baseline 0 -18"><span class='ocrx_word' id='word_1_137' title='bbox 435 1810 632 1883; x_wconf 89' lang='lat' dir='ltr'><strong>aliquis</strong></span> <span class='ocrx_word' id='word_1_138' title='bbox 661 1809 840 1865; x_wconf 88' lang='lat' dir='ltr'><strong>minus</strong></span> <span class='ocrx_word' id='word_1_139' title='bbox 866 1810 1091 1867; x_wconf 88' lang='lat' dir='ltr'><strong>idoneus</strong></span> <span class='ocrx_word' id='word_1_140' title='bbox 1110 1827 1177 1866; x_wconf 87' lang='lat' dir='ltr'><strong>ex</strong></span> <span class='ocrx_word' id='word_1_141' title='bbox 1202 1810 1322 1878; x_wconf 89' lang='lat' dir='ltr'><strong>hoc,</strong></span> <span class='ocrx_word' id='word_1_142' title='bbox 1353 1810 1499 1883; x_wconf 77' lang='lat' dir='ltr'><strong>quod</strong></span> <span class='ocrx_word' id='word_1_143' title='bbox 1529 1812 1585 1865; x_wconf 90' lang='lat' dir='ltr'><strong>in</strong></span> <span class='ocrx_word' id='word_1_144' title='bbox 1608 1815 1756 1866; x_wconf 84' lang='lat' dir='ltr'><strong>statu</strong></span> <span class='ocrx_word' id='word_1_145' title='bbox 1789 1808 2133 1883; x_wconf 81' lang='lat' dir='ltr'><strong>perfectionis</strong></span> <span class='ocrx_word' id='word_1_146' title='bbox 2152 1826 2210 1865; x_wconf 89' lang='lat' dir='ltr'><strong>se</strong></span> <span class='ocrx_word' id='word_1_147' title='bbox 2241 1810 2429 1883; x_wconf 84' lang='lat' dir='ltr'><strong>ponit:</strong></span> 
     </span>
     <span class='ocr_line' id='line_1_18' title="bbox 435 1896 2432 1971; baseline 0 -18"><span class='ocrx_word' id='word_1_148' title='bbox 435 1896 529 1953; x_wconf 85' lang='lat' dir='ltr'><strong>sed</strong></span> <span class='ocrx_word' id='word_1_149' title='bbox 581 1896 986 1970; x_wconf 63' lang='lat' dir='ltr'><strong>praedicationis</strong></span> <span class='ocrx_word' id='word_1_150' title='bbox 1043 1898 1280 1953; x_wconf 89' lang='lat' dir='ltr'><strong>officium</strong></span> <span class='ocrx_word' id='word_1_151' title='bbox 1335 1899 1597 1971; x_wconf 89' lang='lat' dir='ltr'><strong>competit</strong></span> <span class='ocrx_word' id='word_1_152' title='bbox 1650 1896 1883 1954; x_wconf 87' lang='lat' dir='ltr'><strong>maxime</strong></span> <span class='ocrx_word' id='word_1_153' title='bbox 1939 1896 2211 1970; x_wconf 84' lang='lat' dir='ltr'><strong>perfectis,</strong></span> <span class='ocrx_word' id='word_1_154' title='bbox 2272 1914 2432 1971; x_wconf 88' lang='lat' dir='ltr'><strong>quem</strong></span> 
     </span>
     <span class='ocr_line' id='line_1_19' title="bbox 435 1978 2434 2060; baseline 0.001 -21"><span class='ocrx_word' id='word_1_155' title='bbox 435 1990 638 2041; x_wconf 84' lang='lat' dir='ltr'><strong>statum</strong></span> <span class='ocrx_word' id='word_1_156' title='bbox 683 1984 920 2057; x_wconf 76' lang='lat' dir='ltr'><strong>religiosi</strong></span> <span class='ocrx_word' id='word_1_157' title='bbox 961 1978 1507 2042; x_wconf 77' lang='lat' dir='ltr'><strong>assumunt.&#39;Unde1</strong></span> <span class='ocrx_word' id='word_1_158' title='bbox 1544 1986 1749 2055; x_wconf 83' lang='lat' dir='ltr'><strong>Esdrae‚</strong></span> <span class='ocrx_word' id='word_1_159' title='bbox 1784 2002 1821 2053; x_wconf 89' lang='lat'><strong>1,</strong></span> <span class='ocrx_word' id='word_1_160' title='bbox 1856 2000 2019 2060; x_wconf 89' lang='lat' dir='ltr'><strong>super</strong></span> <span class='ocrx_word' id='word_1_161' title='bbox 2061 1986 2213 2053; x_wconf 89' lang='lat' dir='ltr'><strong>illud,</strong></span> <span class='ocrx_word' id='word_1_162' title='bbox 2248 1986 2434 2043; x_wconf 83' lang='lat' dir='ltr'><strong>Omnes</strong></span> 
     </span>
     <span class='ocr_line' id='line_1_20' title="bbox 437 2072 2434 2149; baseline 0.002 -21"><span class='ocrx_word' id='word_1_163' title='bbox 437 2072 652 2145; x_wconf 79' lang='lat' dir='ltr'><strong>reliqui,</strong></span> <span class='ocrx_word' id='word_1_164' title='bbox 681 2080 811 2143; x_wconf 87' lang='lat' dir='ltr'><strong>etc.,</strong></span> <span class='ocrx_word' id='word_1_165' title='bbox 843 2074 976 2129; x_wconf 89' lang='lat' dir='ltr'><strong>dicit</strong></span> <span class='ocrx_word' id='word_1_166' title='bbox 1005 2073 1196 2131; x_wconf 85' lang='lat' dir='ltr'><strong>Glossa</strong></span> <span class='ocrx_word' id='word_1_167' title='bbox 1234 2090 1246 2129; x_wconf 71' lang='grc' dir='ltr'><em>τ</em></span> <span class='ocrx_word' id='word_1_168' title='bbox 1283 2092 1306 2127; x_wconf 72' lang='grc' dir='ltr'><strong>ιι</strong></span> <span class='ocrx_word' id='word_1_169' title='bbox 1341 2072 1544 2130; x_wconf 89' lang='lat' dir='ltr'><strong>Omnes</strong></span> <span class='ocrx_word' id='word_1_170' title='bbox 1576 2074 1737 2131; x_wconf 88' lang='lat' dir='ltr'><strong>electi</strong></span> <span class='ocrx_word' id='word_1_171' title='bbox 1768 2075 1835 2131; x_wconf 92' lang='lat' dir='ltr'><strong>de</strong></span> <span class='ocrx_word' id='word_1_172' title='bbox 1871 2080 2145 2149; x_wconf 83' lang='lat' dir='ltr'><strong>potestate</strong></span> <span class='ocrx_word' id='word_1_173' title='bbox 2177 2074 2434 2131; x_wconf 86' lang='lat' dir='ltr'><strong>tenebra-</strong></span> 
     </span>
     <span class='ocr_line' id='line_1_21' title="bbox 441 2162 2435 2237; baseline 0.002 -21"><span class='ocrx_word' id='word_1_174' title='bbox 441 2178 558 2217; x_wconf 88' lang='lat' dir='ltr'><strong>rum</strong></span> <span class='ocrx_word' id='word_1_175' title='bbox 583 2163 724 2217; x_wconf 89' lang='lat' dir='ltr'><strong>eruti</strong></span> <span class='ocrx_word' id='word_1_176' title='bbox 754 2163 822 2218; x_wconf 84' lang='lat' dir='ltr'><strong>ad</strong></span> <span class='ocrx_word' id='word_1_177' title='bbox 855 2163 1160 2219; x_wconf 85' lang='lat' dir='ltr'><strong>libertatem</strong></span> <span class='ocrx_word' id='word_1_178' title='bbox 1209 2164 1483 2237; x_wconf 81' lang='lat' dir='ltr'><strong>pertinent</strong></span> <span class='ocrx_word' id='word_1_179' title='bbox 1507 2162 1695 2235; x_wconf 84' lang='lat' dir='ltr'><strong>gloriae</strong></span> <span class='ocrx_word' id='word_1_180' title='bbox 1742 2163 1973 2221; x_wconf 85' lang='lat' dir='ltr'><strong>filiorum</strong></span> <span class='ocrx_word' id='word_1_181' title='bbox 2012 2164 2130 2230; x_wconf 90' lang='lat' dir='ltr'><strong>Dei,</strong></span> <span class='ocrx_word' id='word_1_182' title='bbox 2157 2171 2219 2220; x_wconf 79' lang='lat' dir='ltr'><strong>‘et</strong></span> <span class='ocrx_word' id='word_1_183' title='bbox 2249 2162 2435 2236; x_wconf 80' lang='lat' dir='ltr'><strong>gloriae</strong></span> 
     </span>
     <span class='ocr_line' id='line_1_22' title="bbox 437 2248 2432 2319; baseline 0.002 -14"><span class='ocrx_word' id='word_1_184' title='bbox 437 2266 626 2306; x_wconf 88' lang='lat' dir='ltr'><strong>omnes</strong></span> <span class='ocrx_word' id='word_1_185' title='bbox 673 2251 922 2308; x_wconf 86' lang='lat' dir='ltr'><strong>societati</strong></span> <span class='ocrx_word' id='word_1_186' title='bbox 969 2258 1173 2309; x_wconf 84' lang='lat' dir='ltr'><strong>sanctae</strong></span> <span class='ocrx_word' id='word_1_187' title='bbox 1219 2252 1430 2309; x_wconf 87' lang='lat' dir='ltr'><strong>civitati</strong></span> <span class='ocrx_word' id='word_1_188' title='bbox 1477 2270 1503 2305; x_wconf 66' lang='grc' dir='ltr'><strong>ι)</strong></span> <span class='ocrx_word' id='word_1_189' title='bbox 1560 2253 1614 2309; x_wconf 94' lang='lat' dir='ltr'><strong>id</strong></span> <span class='ocrx_word' id='word_1_190' title='bbox 1664 2260 1766 2319; x_wconf 87' lang='lat' dir='ltr'><strong>est,</strong></span> <span class='ocrx_word' id='word_1_191' title='bbox 1802 2248 2075 2310; x_wconf 67' lang='lat' dir='ltr'><strong>Ecclesiae</strong></span> <span class='ocrx_word' id='word_1_192' title='bbox 2122 2254 2432 2309; x_wconf 72' lang='lat' dir='ltr'><strong>annuntiari</strong></span> 
     </span>
     <span class='ocr_line' id='line_1_23' title="bbox 441 2338 2435 2414; baseline 0.002 -20"><span class='ocrx_word' id='word_1_193' title='bbox 441 2338 715 2408; x_wconf 81' lang='lat' dir='ltr'><strong>laetantur,</strong></span> <span class='ocrx_word' id='word_1_194' title='bbox 747 2341 844 2398; x_wconf 91' lang='lat' dir='ltr'><strong>sed</strong></span> <span class='ocrx_word' id='word_1_195' title='bbox 892 2348 1106 2397; x_wconf 85' lang='lat' dir='ltr'><strong>tantum</strong></span> <span class='ocrx_word' id='word_1_196' title='bbox 1153 2342 1513 2414; x_wconf 84' lang='lat' dir='ltr'><strong>perfectorum</strong></span> <span class='ocrx_word' id='word_1_197' title='bbox 1564 2348 1647 2398; x_wconf 92' lang='lat' dir='ltr'><strong>est</strong></span> <span class='ocrx_word' id='word_1_198' title='bbox 1688 2340 1743 2397; x_wconf 90' lang='lat' dir='ltr'><strong>in</strong></span> <span class='ocrx_word' id='word_1_199' title='bbox 1792 2343 2155 2399; x_wconf 84' lang='lat' dir='ltr'><strong>aedificatione</strong></span> <span class='ocrx_word' id='word_1_200' title='bbox 2190 2342 2435 2413; x_wconf 88' lang='lat' dir='ltr'><strong>ejusdem</strong></span> 
     </span>
     <span class='ocr_line' id='line_1_24' title="bbox 443 2412 2437 2504; baseline 0.001 -20"><span class='ocrx_word' id='word_1_201' title='bbox 443 2412 700 2486; x_wconf 78' lang='lat' dir='ltr'><strong>Ecclesiae</strong></span> <span class='ocrx_word' id='word_1_202' title='bbox 725 2430 891 2487; x_wconf 87' lang='lat' dir='ltr'><strong>etiam</strong></span> <span class='ocrx_word' id='word_1_203' title='bbox 921 2428 1042 2487; x_wconf 86' lang='lat' dir='ltr'><strong>aliis</strong></span> <span class='ocrx_word' id='word_1_204' title='bbox 1073 2428 1421 2503; x_wconf 78' lang='lat' dir='ltr'><strong>praedicando</strong></span> <span class='ocrx_word' id='word_1_205' title='bbox 1452 2429 1777 2489; x_wconf 78' lang='lat' dir='ltr'><strong>laborare.»</strong></span> <span class='ocrx_word' id='word_1_206' title='bbox 1808 2430 1875 2485; x_wconf 82' lang='grc' dir='ltr'><strong>Ει</strong></span> <span class='ocrx_word' id='word_1_207' title='bbox 1900 2430 2045 2504; x_wconf 88' lang='lat' dir='ltr'><strong>quod</strong></span> <span class='ocrx_word' id='word_1_208' title='bbox 2072 2430 2338 2502; x_wconf 86' lang='lat' dir='ltr'><strong>intelligat</strong></span> <span class='ocrx_word' id='word_1_209' title='bbox 2368 2431 2437 2486; x_wconf 90' lang='lat' dir='ltr'><strong>de</strong></span> 
     </span>
     <span class='ocr_line' id='line_1_25' title="bbox 443 2518 2497 2593; baseline 0 -18"><span class='ocrx_word' id='word_1_210' title='bbox 443 2518 772 2591; x_wconf 85' lang='lat' dir='ltr'><strong>perfectione</strong></span> <span class='ocrx_word' id='word_1_211' title='bbox 822 2518 1118 2593; x_wconf 84' lang='lat' dir='ltr'><strong>religionis</strong></span> <span class='ocrx_word' id='word_1_212' title='bbox 1162 2525 1313 2592; x_wconf 84' lang='lat' dir='ltr'><strong>patet</strong></span> <span class='ocrx_word' id='word_1_213' title='bbox 1357 2536 1425 2575; x_wconf 86' lang='lat' dir='ltr'><strong>ex</strong></span> <span class='ocrx_word' id='word_1_214' title='bbox 1466 2520 1567 2577; x_wconf 89' lang='lat' dir='ltr'><strong>hoc</strong></span> <span class='ocrx_word' id='word_1_215' title='bbox 1608 2520 1751 2592; x_wconf 89' lang='lat' dir='ltr'><strong>quod</strong></span> <span class='ocrx_word' id='word_1_216' title='bbox 1802 2520 2070 2593; x_wconf 87' lang='lat' dir='ltr'><strong>sequitur.</strong></span> <span class='ocrx_word' id='word_1_217' title='bbox 2119 2520 2435 2575; x_wconf 89' lang='lat' dir='ltr'><strong>Eruditores</strong></span> <span class='ocrx_word' id='word_1_218' title='bbox 2490 2526 2497 2531; x_wconf 86' lang='grc'><strong>“</strong></span> 
     </span>
     <span class='ocr_line' id='line_1_26' title="bbox 443 2606 2430 2681; baseline -0.002 -17"><span class='ocrx_word' id='word_1_219' title='bbox 443 2609 736 2665; x_wconf 88' lang='lat' dir='ltr'><strong>multorum</strong></span> <span class='ocrx_word' id='word_1_220' title='bbox 764 2622 889 2664; x_wconf 88' lang='lat' dir='ltr'><strong>cum</strong></span> <span class='ocrx_word' id='word_1_221' title='bbox 918 2607 1090 2681; x_wconf 85' lang='lat' dir='ltr'><strong>magis</strong></span> <span class='ocrx_word' id='word_1_222' title='bbox 1120 2608 1189 2664; x_wconf 85' lang='lat' dir='ltr'><strong>ad</strong></span> <span class='ocrx_word' id='word_1_223' title='bbox 1227 2608 1473 2664; x_wconf 86' lang='lat' dir='ltr'><strong>coelestia</strong></span> <span class='ocrx_word' id='word_1_224' title='bbox 1510 2606 1782 2679; x_wconf 85' lang='lat' dir='ltr'><strong>diligenda</strong></span> <span class='ocrx_word' id='word_1_225' title='bbox 1812 2607 2090 2664; x_wconf 86' lang='lat' dir='ltr'><strong>auditores</strong></span> <span class='ocrx_word' id='word_1_226' title='bbox 2120 2606 2430 2674; x_wconf 85' lang='lat' dir='ltr'><strong>instituunt,</strong></span> 
     </span>
     <span class='ocr_line' id='line_1_27' title="bbox 443 2696 2437 2769; baseline -0.001 -17"><span class='ocrx_word' id='word_1_227' title='bbox 443 2697 622 2753; x_wconf 87' lang='lat' dir='ltr'><strong>minus</strong></span> <span class='ocrx_word' id='word_1_228' title='bbox 663 2710 758 2768; x_wconf 88' lang='lat' dir='ltr'><strong>pro</strong></span> <span class='ocrx_word' id='word_1_229' title='bbox 800 2697 1032 2752; x_wconf 87' lang='lat' dir='ltr'><strong>terrenis</strong></span> <span class='ocrx_word' id='word_1_230' title='bbox 1060 2710 1249 2751; x_wconf 87' lang='lat' dir='ltr'><strong>curam</strong></span> <span class='ocrx_word' id='word_1_231' title='bbox 1275 2702 1492 2767; x_wconf 85' lang='lat' dir='ltr'><strong>gerunt,</strong></span> <span class='ocrx_word' id='word_1_232' title='bbox 1525 2696 1690 2752; x_wconf 87' lang='lat' dir='ltr'><strong>immo</strong></span> <span class='ocrx_word' id='word_1_233' title='bbox 1716 2696 1985 2769; x_wconf 85' lang='lat' dir='ltr'><strong>acquisita</strong></span> <span class='ocrx_word' id='word_1_234' title='bbox 2026 2712 2120 2769; x_wconf 90' lang='lat' dir='ltr'><strong>pro</strong></span> <span class='ocrx_word' id='word_1_235' title='bbox 2152 2712 2246 2767; x_wconf 87' lang='lat' dir='ltr'><strong>spe</strong></span> <span class='ocrx_word' id='word_1_236' title='bbox 2269 2703 2437 2752; x_wconf 83' lang='lat' dir='ltr'><strong>aeter-</strong></span> 
     </span>
     <span class='ocr_line' id='line_1_28' title="bbox 443 2782 2433 2859; baseline -0.001 -19"><span class='ocrx_word' id='word_1_237' title='bbox 443 2799 636 2841; x_wconf 87' lang='lat' dir='ltr'><strong>norum</strong></span> <span class='ocrx_word' id='word_1_238' title='bbox 662 2782 993 2856; x_wconf 87' lang='lat' dir='ltr'><strong>relinquunt.</strong></span> <span class='ocrx_word' id='word_1_239' title='bbox 1021 2784 1135 2839; x_wconf 92' lang='lat' dir='ltr'><strong>Hoc</strong></span> <span class='ocrx_word' id='word_1_240' title='bbox 1160 2783 1323 2840; x_wconf 88' lang='lat' dir='ltr'><strong>etiam</strong></span> <span class='ocrx_word' id='word_1_241' title='bbox 1351 2792 1503 2857; x_wconf 90' lang='lat' dir='ltr'><strong>patet</strong></span> <span class='ocrx_word' id='word_1_242' title='bbox 1532 2802 1627 2857; x_wconf 86' lang='lat' dir='ltr'><strong>per</strong></span> <span class='ocrx_word' id='word_1_243' title='bbox 1650 2784 2082 2851; x_wconf 87' lang='lat' dir='ltr'><strong>Interlinearum,</strong></span> <span class='ocrx_word' id='word_1_244' title='bbox 2113 2800 2236 2859; x_wconf 85' lang='lat' dir='ltr'><strong>quae</strong></span> <span class='ocrx_word' id='word_1_245' title='bbox 2262 2784 2433 2841; x_wconf 83' lang='lat' dir='ltr'><strong>dicit:</strong></span> 
     </span>
     <span class='ocr_line' id='line_1_29' title="bbox 445 2870 2434 2948; baseline 0.002 -23"><span class='ocrx_word' id='word_1_246' title='bbox 445 2894 471 2925; x_wconf 73' lang='grc' dir='ltr'><strong>α</strong></span> <span class='ocrx_word' id='word_1_247' title='bbox 501 2872 692 2929; x_wconf 79' lang='lat' dir='ltr'><strong>Omnes</strong></span> <span class='ocrx_word' id='word_1_248' title='bbox 709 2872 922 2944; x_wconf 79' lang='lat' dir='ltr'><strong>reliqui,</strong></span> <span class='ocrx_word' id='word_1_249' title='bbox 942 2872 996 2928; x_wconf 89' lang='lat' dir='ltr'><strong>id</strong></span> <span class='ocrx_word' id='word_1_250' title='bbox 1027 2876 1128 2940; x_wconf 86' lang='lat' dir='ltr'><strong>est,</strong></span> <span class='ocrx_word' id='word_1_251' title='bbox 1156 2870 1354 2929; x_wconf 89' lang='lat' dir='ltr'><strong>divites</strong></span> <span class='ocrx_word' id='word_1_252' title='bbox 1374 2873 1467 2947; x_wconf 85' lang='lat' dir='ltr'><strong>qui</strong></span> <span class='ocrx_word' id='word_1_253' title='bbox 1502 2875 1799 2947; x_wconf 84' lang='lat' dir='ltr'><strong>praedicare</strong></span> <span class='ocrx_word' id='word_1_254' title='bbox 1828 2891 1931 2930; x_wconf 89' lang='lat' dir='ltr'><strong>non</strong></span> <span class='ocrx_word' id='word_1_255' title='bbox 1962 2882 2207 2948; x_wconf 87' lang='lat' dir='ltr'><strong>possunt.</strong></span> <span class='ocrx_word' id='word_1_256' title='bbox 2240 2894 2266 2927; x_wconf 75' lang='lat'><strong>&gt;2</strong></span> <span class='ocrx_word' id='word_1_257' title='bbox 2295 2874 2434 2946; x_wconf 87' lang='lat' dir='ltr'><strong>Ergo</strong></span> 
     </span>
     <span class='ocr_line' id='line_1_30' title="bbox 445 2961 2437 3039; baseline 0.001 -22"><span class='ocrx_word' id='word_1_258' title='bbox 445 2961 681 3033; x_wconf 87' lang='lat' dir='ltr'><strong>religiosi</strong></span> <span class='ocrx_word' id='word_1_259' title='bbox 712 2976 816 3017; x_wconf 90' lang='lat' dir='ltr'><strong>non</strong></span> <span class='ocrx_word' id='word_1_260' title='bbox 849 2962 1148 3039; x_wconf 87' lang='lat' dir='ltr'><strong>redduntur</strong></span> <span class='ocrx_word' id='word_1_261' title='bbox 1174 2961 1352 3019; x_wconf 89' lang='lat' dir='ltr'><strong>minus</strong></span> <span class='ocrx_word' id='word_1_262' title='bbox 1376 2962 1556 3019; x_wconf 89' lang='lat' dir='ltr'><strong>idonei</strong></span> <span class='ocrx_word' id='word_1_263' title='bbox 1587 2964 1655 3019; x_wconf 91' lang='lat' dir='ltr'><strong>ad</strong></span> <span class='ocrx_word' id='word_1_264' title='bbox 1685 2963 2061 3036; x_wconf 87' lang='lat' dir='ltr'><strong>exequendum</strong></span> <span class='ocrx_word' id='word_1_265' title='bbox 2083 2962 2437 3034; x_wconf 79' lang='lat' dir='ltr'><strong>praedicatio-</strong></span> 
     </span>
     <span class='ocr_line' id='line_1_31' title="bbox 447 3048 2435 3125; baseline 0.001 -19"><span class='ocrx_word' id='word_1_266' title='bbox 447 3052 527 3107; x_wconf 88' lang='lat' dir='ltr'><strong>nis</strong></span> <span class='ocrx_word' id='word_1_267' title='bbox 567 3048 808 3107; x_wconf 81' lang='lat' dir='ltr'><strong>&#39;officium</strong></span> <span class='ocrx_word' id='word_1_268' title='bbox 855 3066 1018 3123; x_wconf 89' lang='lat' dir='ltr'><strong>quam</strong></span> <span class='ocrx_word' id='word_1_269' title='bbox 1067 3050 1178 3119; x_wconf 89' lang='lat' dir='ltr'><strong>alii,</strong></span> <span class='ocrx_word' id='word_1_270' title='bbox 1207 3058 1262 3107; x_wconf 91' lang='lat' dir='ltr'><strong>et</strong></span> <span class='ocrx_word' id='word_1_271' title='bbox 1309 3052 1385 3107; x_wconf 87' lang='lat' dir='ltr'><strong>ita</strong></span> <span class='ocrx_word' id='word_1_272' title='bbox 1428 3066 1551 3107; x_wconf 88' lang='lat' dir='ltr'><strong>cum</strong></span> <span class='ocrx_word' id='word_1_273' title='bbox 1580 3051 1674 3107; x_wconf 88' lang='lat' dir='ltr'><strong>alii</strong></span> <span class='ocrx_word' id='word_1_274' title='bbox 1716 3052 1925 3125; x_wconf 89' lang='lat' dir='ltr'><strong>possint</strong></span> <span class='ocrx_word' id='word_1_275' title='bbox 1953 3066 2020 3106; x_wconf 85' lang='lat' dir='ltr'><strong>ex</strong></span> <span class='ocrx_word' id='word_1_276' title='bbox 2057 3052 2435 3107; x_wconf 88' lang='lat' dir='ltr'><strong>commissione</strong></span> 
     </span>
     <span class='ocr_line' id='line_1_32' title="bbox 445 3127 2430 3213; baseline -0.001 -17"><span class='ocrx_word' id='word_1_277' title='bbox 445 3127 833 3213; x_wconf 82' lang='lat' dir='ltr'><strong>Episcoporum</strong></span> <span class='ocrx_word' id='word_1_278' title='bbox 864 3140 1181 3211; x_wconf 88' lang='lat' dir='ltr'><strong>praedicare,</strong></span> <span class='ocrx_word' id='word_1_279' title='bbox 1215 3147 1270 3196; x_wconf 93' lang='lat' dir='ltr'><strong>et</strong></span> <span class='ocrx_word' id='word_1_280' title='bbox 1295 3138 1661 3197; x_wconf 84' lang='lat' dir='ltr'><strong>consessiones</strong></span> <span class='ocrx_word' id='word_1_281' title='bbox 1686 3139 1895 3208; x_wconf 89' lang='lat' dir='ltr'><strong>audire,</strong></span> <span class='ocrx_word' id='word_1_282' title='bbox 1930 3146 1989 3196; x_wconf 90' lang='lat' dir='ltr'><strong>ut</strong></span> <span class='ocrx_word' id='word_1_283' title='bbox 2017 3140 2306 3213; x_wconf 88' lang='lat' dir='ltr'><strong>probatum</strong></span> <span class='ocrx_word' id='word_1_284' title='bbox 2330 3148 2430 3210; x_wconf 89' lang='lat' dir='ltr'><strong>est,</strong></span> 
     </span>
     <span class='ocr_line' id='line_1_33' title="bbox 444 3228 1517 3302; baseline 0.003 -19"><span class='ocrx_word' id='word_1_285' title='bbox 444 3236 498 3283; x_wconf 86' lang='lat' dir='ltr'><strong>et</strong></span> <span class='ocrx_word' id='word_1_286' title='bbox 523 3228 758 3300; x_wconf 88' lang='lat' dir='ltr'><strong>religiosi</strong></span> <span class='ocrx_word' id='word_1_287' title='bbox 790 3236 1015 3302; x_wconf 88' lang='lat' dir='ltr'><strong>possunt</strong></span> <span class='ocrx_word' id='word_1_288' title='bbox 1043 3228 1144 3285; x_wconf 86' lang='lat' dir='ltr'><strong>hoc</strong></span> <span class='ocrx_word' id='word_1_289' title='bbox 1171 3229 1337 3285; x_wconf 90' lang='lat' dir='ltr'><strong>idem.</strong></span> <span class='ocrx_word' id='word_1_290' title='bbox 1510 3280 1517 3286; x_wconf 95' lang='lat'>.</span> 
     </span>
    </p>

    <p class='ocr_par' dir='ltr' id='par_1_5' title="bbox 442 3316 2442 3835">
     <span class='ocr_line' id='line_1_34' title="bbox 511 3316 2442 3393; baseline 0.003 -20"><span class='ocrx_word' id='word_1_291' title='bbox 511 3320 669 3375; x_wconf 85' lang='lat' dir='ltr'><strong>Item.</strong></span> <span class='ocrx_word' id='word_1_292' title='bbox 698 3318 720 3373; x_wconf 93' lang='lat'>1</span> <span class='ocrx_word' id='word_1_293' title='bbox 761 3318 967 3381; x_wconf 86' lang='lat' dir='ltr'><strong>Esdrae,</strong></span> <span class='ocrx_word' id='word_1_294' title='bbox 999 3335 1124 3384; x_wconf 84' lang='lat' dir='ltr'><strong>vm,</strong></span> <span class='ocrx_word' id='word_1_295' title='bbox 1173 3321 1258 3387; x_wconf 73' lang='lat'><strong>3⁴,</strong></span> <span class='ocrx_word' id='word_1_296' title='bbox 1292 3334 1453 3393; x_wconf 87' lang='lat' dir='ltr'><strong>super</strong></span> <span class='ocrx_word' id='word_1_297' title='bbox 1486 3318 1613 3375; x_wconf 92' lang='lat' dir='ltr'><strong>illud</strong></span> <span class='ocrx_word' id='word_1_298' title='bbox 1648 3334 1661 3373; x_wconf 74' lang='grc' dir='ltr'><strong><em>ε</em></strong></span> <span class='ocrx_word' id='word_1_299' title='bbox 1701 3316 2067 3375; x_wconf 74' lang='lat' dir='ltr'><strong>Promovimus</strong></span> <span class='ocrx_word' id='word_1_300' title='bbox 2107 3334 2231 3393; x_wconf 73' lang='lat' dir='ltr'><strong>erqo</strong></span> <span class='ocrx_word' id='word_1_301' title='bbox 2272 3338 2307 3377; x_wconf 82' lang='lat' dir='ltr'><em>a</em></span> <span class='ocrx_word' id='word_1_302' title='bbox 2330 3322 2442 3393; x_wconf 74' lang='lat' dir='ltr'><strong>flu·</strong></span> 
     </span>
     <span class='ocr_line' id='line_1_35' title="bbox 443 3406 2439 3481; baseline 0.002 -19"><span class='ocrx_word' id='word_1_303' title='bbox 443 3407 602 3473; x_wconf 81' lang='lat' dir='ltr'><strong>mine,</strong></span> <span class='ocrx_word' id='word_1_304' title='bbox 632 3414 762 3475; x_wconf 88' lang='lat' dir='ltr'><strong>etc.‚</strong></span> <span class='ocrx_word' id='word_1_305' title='bbox 790 3406 926 3465; x_wconf 90' lang='lat' dir='ltr'><strong>dicit</strong></span> <span class='ocrx_word' id='word_1_306' title='bbox 954 3407 1149 3464; x_wconf 86' lang='lat' dir='ltr'><strong>Glossa</strong></span> <span class='ocrx_word' id='word_1_307' title='bbox 1178 3422 1191 3462; x_wconf 77' lang='lat' dir='ltr'><em>z</em></span> <span class='ocrx_word' id='word_1_308' title='bbox 1223 3427 1248 3459; x_wconf 79' lang='grc' dir='ltr'><strong>α</strong></span> <span class='ocrx_word' id='word_1_309' title='bbox 1279 3406 1533 3463; x_wconf 84' lang='lat' dir='ltr'><strong>Fratrum</strong></span> <span class='ocrx_word' id='word_1_310' title='bbox 1571 3422 1787 3481; x_wconf 90' lang='lat' dir='ltr'><strong>quoque</strong></span> <span class='ocrx_word' id='word_1_311' title='bbox 1820 3407 2098 3464; x_wconf 87' lang='lat' dir='ltr'><strong>cohortem</strong></span> <span class='ocrx_word' id='word_1_312' title='bbox 2129 3408 2439 3481; x_wconf 82' lang='lat' dir='ltr'><strong>religiosam</strong></span> 
     </span>
     <span class='ocr_line' id='line_1_36' title="bbox 443 3494 2440 3570; baseline 0.002 -20"><span class='ocrx_word' id='word_1_313' title='bbox 443 3496 598 3553; x_wconf 87' lang='lat' dir='ltr'><strong>nobis</strong></span> <span class='ocrx_word' id='word_1_314' title='bbox 624 3494 680 3551; x_wconf 88' lang='lat' dir='ltr'><strong>in</strong></span> <span class='ocrx_word' id='word_1_315' title='bbox 710 3495 972 3570; x_wconf 80' lang='lat' dir='ltr'><strong>auxilium</strong></span> <span class='ocrx_word' id='word_1_316' title='bbox 992 3510 1268 3563; x_wconf 77' lang='lat' dir='ltr'><strong>vocamu3‚</strong></span> <span class='ocrx_word' id='word_1_317' title='bbox 1301 3511 1410 3569; x_wconf 87' lang='lat' dir='ltr'><strong>qua</strong></span> <span class='ocrx_word' id='word_1_318' title='bbox 1440 3496 1610 3569; x_wconf 89' lang='lat' dir='ltr'><strong>adjuti</strong></span> <span class='ocrx_word' id='word_1_319' title='bbox 1639 3496 1849 3553; x_wconf 87' lang='lat' dir='ltr'><strong>animas</strong></span> <span class='ocrx_word' id='word_1_320' title='bbox 1879 3495 2117 3553; x_wconf 89' lang='lat' dir='ltr'><strong>fidelium</strong></span> <span class='ocrx_word' id='word_1_321' title='bbox 2148 3496 2217 3553; x_wconf 89' lang='lat' dir='ltr'><strong>ad</strong></span> <span class='ocrx_word' id='word_1_322' title='bbox 2258 3500 2440 3555; x_wconf 90' lang='lat' dir='ltr'><strong>socie-</strong></span> 
     </span>
     <span class='ocr_line' id='line_1_37' title="bbox 443 3584 2435 3657; baseline 0.002 -18"><span class='ocrx_word' id='word_1_323' title='bbox 443 3593 612 3641; x_wconf 84' lang='lat' dir='ltr'><strong>tatem</strong></span> <span class='ocrx_word' id='word_1_324' title='bbox 643 3584 958 3653; x_wconf 81' lang='lat' dir='ltr'><strong>ele‘ctorum‚</strong></span> <span class='ocrx_word' id='word_1_325' title='bbox 991 3593 1046 3641; x_wconf 90' lang='lat' dir='ltr'><strong>et</strong></span> <span class='ocrx_word' id='word_1_326' title='bbox 1077 3600 1258 3641; x_wconf 84' lang='lat' dir='ltr'><strong>arcem</strong></span> <span class='ocrx_word' id='word_1_327' title='bbox 1281 3586 1412 3642; x_wconf 81' lang='lat' dir='ltr'><strong>vitae</strong></span> <span class='ocrx_word' id='word_1_328' title='bbox 1436 3584 1775 3657; x_wconf 76' lang='lat' dir='ltr'><strong>perfectioris</strong></span> <span class='ocrx_word' id='word_1_329' title='bbox 1802 3586 1959 3657; x_wconf 83' lang='lat' dir='ltr'><strong>quasi</strong></span> <span class='ocrx_word' id='word_1_330' title='bbox 1988 3600 2122 3642; x_wconf 88' lang='lat' dir='ltr'><strong>vasa</strong></span> <span class='ocrx_word' id='word_1_331' title='bbox 2150 3594 2341 3644; x_wconf 82' lang='lat' dir='ltr'><strong>sancta</strong></span> <span class='ocrx_word' id='word_1_332' title='bbox 2370 3588 2435 3644; x_wconf 88' lang='lat' dir='ltr'><strong>ad</strong></span> 
     </span>
     <span class='ocr_line' id='line_1_38' title="bbox 445 3672 2440 3748; baseline 0.004 -21"><span class='ocrx_word' id='word_1_333' title='bbox 445 3672 706 3745; x_wconf 86' lang='lat' dir='ltr'><strong>templum</strong></span> <span class='ocrx_word' id='word_1_334' title='bbox 748 3674 962 3731; x_wconf 88' lang='lat' dir='ltr'><strong>Domini</strong></span> <span class='ocrx_word' id='word_1_335' title='bbox 1006 3672 1280 3731; x_wconf 85' lang='lat' dir='ltr'><strong>efficacius</strong></span> <span class='ocrx_word' id='word_1_336' title='bbox 1327 3674 1736 3731; x_wconf 75' lang='lat' dir='ltr'><strong>transferamus,</strong></span> <span class='ocrx_word' id='word_1_337' title='bbox 1784 3692 1811 3727; x_wconf 70' lang='lat'><strong>³&gt;</strong></span> <span class='ocrx_word' id='word_1_338' title='bbox 1854 3674 1933 3730; x_wconf 85' lang='lat' dir='ltr'><strong>Ex</strong></span> <span class='ocrx_word' id='word_1_339' title='bbox 1979 3690 2086 3747; x_wconf 91' lang='lat' dir='ltr'><strong>quo</strong></span> <span class='ocrx_word' id='word_1_340' title='bbox 2118 3682 2268 3748; x_wconf 89' lang='lat' dir='ltr'><strong>patet</strong></span> <span class='ocrx_word' id='word_1_341' title='bbox 2296 3676 2440 3733; x_wconf 90' lang='lat' dir='ltr'><strong>idem</strong></span> 
     </span>
     <span class='ocr_line' id='line_1_39' title="bbox 442 3760 788 3835; baseline 0.006 -18"><span class='ocrx_word' id='word_1_342' title='bbox 442 3763 586 3835; x_wconf 89' lang='lat' dir='ltr'><strong>quod</strong></span> <span class='ocrx_word' id='word_1_343' title='bbox 618 3760 788 3834; x_wconf 87' lang='lat' dir='ltr'><strong>prius.</strong></span> 
     </span>
    </p>

    <p class='ocr_par' dir='ltr' id='par_1_6' title="bbox 441 3850 2441 4010">
     <span class='ocr_line' id='line_1_40' title="bbox 511 3850 2441 3925; baseline 0.005 -20"><span class='ocrx_word' id='word_1_344' title='bbox 511 3850 671 3907; x_wconf 87' lang='lat' dir='ltr'><strong>Item.</strong></span> <span class='ocrx_word' id='word_1_345' title='bbox 698 3850 767 3904; x_wconf 87' lang='lat' dir='ltr'><strong>Et</strong></span> <span class='ocrx_word' id='word_1_346' title='bbox 789 3850 893 3907; x_wconf 89' lang='lat' dir='ltr'><strong>hoc</strong></span> <span class='ocrx_word' id='word_1_347' title='bbox 917 3858 1144 3925; x_wconf 81' lang='lat' dir='ltr'><strong>apparet</strong></span> <span class='ocrx_word' id='word_1_348' title='bbox 1163 3868 1229 3908; x_wconf 86' lang='lat' dir='ltr'><strong>ex</strong></span> <span class='ocrx_word' id='word_1_349' title='bbox 1249 3853 1523 3909; x_wconf 88' lang='lat' dir='ltr'><strong>communi</strong></span> <span class='ocrx_word' id='word_1_350' title='bbox 1543 3852 1937 3910; x_wconf 86' lang='lat' dir='ltr'><strong>consuetudine</strong></span> <span class='ocrx_word' id='word_1_351' title='bbox 1961 3854 2243 3913; x_wconf 86' lang='lat' dir='ltr'><strong>orientalis</strong></span> <span class='ocrx_word' id='word_1_352' title='bbox 2265 3855 2441 3914; x_wconf 89' lang='lat' dir='ltr'><strong>Eccle-</strong></span> 
     </span>
     <span class='ocr_line' id='line_1_41' title="bbox 441 3938 2117 4010; baseline 0.003 -14"><span class='ocrx_word' id='word_1_353' title='bbox 441 3938 558 4008; x_wconf 85' lang='lat' dir='ltr'><strong>siae,</strong></span> <span class='ocrx_word' id='word_1_354' title='bbox 590 3938 888 3994; x_wconf 88' lang='lat' dir='ltr'><strong>secundum</strong></span> <span class='ocrx_word' id='word_1_355' title='bbox 916 3954 1082 4010; x_wconf 83' lang='lat' dir='ltr'><strong>quam</strong></span> <span class='ocrx_word' id='word_1_356' title='bbox 1110 3939 1222 3996; x_wconf 81' lang='lat' dir='ltr'><strong>fere</strong></span> <span class='ocrx_word' id='word_1_357' title='bbox 1250 3954 1439 3998; x_wconf 89' lang='lat' dir='ltr'><strong>omnes</strong></span> <span class='ocrx_word' id='word_1_358' title='bbox 1462 3941 1741 3999; x_wconf 86' lang='lat' dir='ltr'><strong>manachis</strong></span> <span class='ocrx_word' id='word_1_359' title='bbox 1769 3940 2117 4001; x_wconf 82' lang='lat' dir='ltr'><strong>confitentur.</strong></span> 
     </span>
    </p>
   </div>
   <div class='ocr_carea' id='block_1_3' title="bbox 2756 2504 2765 4362">
    <p class='ocr_par' dir='ltr' id='par_1_7' title="bbox 2756 2504 2765 4362">
     <span class='ocr_line' id='line_1_42' title="bbox 2756 2504 2765 4362; baseline 0 0"><span class='ocrx_word' id='word_1_360' title='bbox 2756 2504 2765 4362; x_wconf 95' lang='lat' dir='ltr'><strong> </strong></span> 
     </span>
    </p>
   </div>
  </div>
 </body>
</html>
