2784 4392
506 344 644 399 xm.
675 366 755 383 —
780 342 1020 398 eoum
1059 344 1244 399 nere.
1288 338 1442 399 uon.
1487 342 1571 400 ie
1608 344 1853 400 menes.
1899 352 2107 399 neue.
2231 326 2313 401 15

305 464 407 535 dcc,-
445 464 698 544 ineiqilat
725 468 903 527 omnis
934 468 1182 528 intentio.
1207 466 1277 528 Et
1315 467 1519 527 ibidem
1546 469 1681 528 dicit
1710 485 1727 526 ε
1756 466 2011 528 Charitas
2040 464 2311 545 proecipue

305 556 627 627 custoditur,
665 556 1167 627 charitati-virtus,
1203 556 1465 617 charitati
1522 572 1729 626 semo,
1767 558 2028 618 charitati
2074 556 2307 625 habitus,

307 646 567 707 charitati
607 646 786 706 vultus
830 652 1073 722 optatur.
1122 646 1191 705 Et
1219 648 1274 705 in
1329 646 1630 707 collatione
1676 654 1893 723 patrum
1950 646 2085 706 dicit
2137 646 2309 705 abbas

304 732 516 810 Moyses
549 752 562 791 ε
593 732 706 793 Pro
741 734 859 804 hac,
897 737 1110 795 scilicet
1151 734 1392 811 puritate
1420 734 1602 794 cordis
1638 742 1695 793 et
1733 735 2022 804 charitate,
2052 736 2307 792 universa

305 826 514 898 aqimus
545 832 704 899 atque
739 825 1024 884 toleremus
1041 843 1062 895 ‚·
1084 840 1185 899 pro
1216 824 1312 882 hnc
1337 826 1610 899 parentes,
1633 824 1847 899 putria,
1871 824 2179 899 diqnitates,
2216 824 2342 893 αὑ,

302 912 469 983 vicioe,
495 914 700 972 delicia·
725 914 912 972 muntii
939 916 1118 989 hujus,
1144 918 1195 972 et
1231 914 1474 989 voluptas
1503 916 1757 973 universa
1794 916 2173 981 contemnitur,
2198 926 2307 988 pro

304 998 403 1059 hac
435 992 784 1077 ‘jejuniorum
824 1002 1079 1071 inediam,
1131 1003 1366 1079 vipilias,
1420 1002 1643 1073 labores,
1695 1004 1937 1079 corporis
1980 1000 2302 1071 nuditatem,

303 1089 556 1151 lectiones
586 1103 900 1167 coeteroesque
925 1096 1156 1151 virtutes
1182 1093 1512 1168 suscipimus,
1539 1100 1601 1151 ut
1640 1110 1743 1169 per
1786 1092 1891 1151 ista
1932 1092 1997 1151 ab
2034 1092 2305 1151 universis

304 1179 710 1255 capitationibus
733 1180 912 1239 noxiis
939 1181 1163 1241 ilicesum
1188 1198 1511 1257 prceparare
1538 1200 1631 1241 cor
1652 1190 1891 1241 nostrum
1916 1189 1966 1240 et
1989 1197 2307 1240 conservare

296 1272 580 1345 possimus,
623 1280 673 1329 et
710 1271 782 1329 ad
820 1270 1200 1347 perfectionem
1241 1274 1527 1331 charitatis
1564 1273 1683 1330 istis
1730 1274 1984 1347 praelibas
2024 1270 2305 1331 innitendo

303 1358 658 1417 conscendere.
676 1358 948 1435 sicigitur
973 1376 1099 1419 cum
1127 1360 1326 1436 duplex
1341 1364 1414 1419 sit
1437 1364 1631 1420 modus
1650 1362 1972 1421 observandi
2004 1369 2305 1435 praecepta,

302 1449 576 1523 perfectus
621 1448 830 1509 scilicet
877 1456 933 1509 et
981 1452 1349 1525 imperfectuS,
1397 1459 1479 1509 est
1526 1452 1691 1510 etiam
1730 1452 1933 1526 duplex
1982 1454 2304 1509 exercitium

301 1547 700 1614 praeceptorum
729 1558 742 1597 ε
774 1558 942 1598 unum
971 1543 1213 1616 quidem,
1243 1556 1350 1615 quo
1388 1542 1588 1615 aliquis
1624 1542 1956 1599 exercitatur
1980 1542 2035 1597 in
2060 1543 2305 1615 perfecta

302 1626 648 1687 observantia
678 1638 1096 1704 praeceptorum,
1124 1634 1179 1688 et
1207 1631 1311 1689 hoc
1339 1630 1485 1688 idem
1506 1631 1823 1688 exercitium
1861 1632 1921 1687 fit
1954 1644 2051 1703 per
2076 1628 2303 1686 consilia

302 1718 446 1777 sicut
470 1732 537 1775 ex
559 1721 860 1793 praemissis
887 1724 1072 1794 patet:
1106 1718 1291 1777 eliund
1317 1726 1503 1777 autem
1530 1726 1613 1776 est
1641 1718 1963 1776 exercitium
1988 1720 2043 1774 in
2060 1718 2302 1792 perfecta

301 1804 648 1863 observantia
681 1818 1094 1881 praeceptorum,
1127 1807 1271 1882 quod
1310 1808 1371 1865 fit
1401 1808 1455 1863 in
1488 1808 1604 1865 vita
1640 1806 1888 1865 saeculeri
1919 1807 2125 1881 absque
2162 1822 2301 1863 con-

300 1893 458 1952 siliis,
485 1894 618 1953 Cum
645 1908 776 1968 ergo
803 1896 1020 1966 dicitur,
1051 1896 1197 1971 quod
1229 1903 1447 1970 oportet
1483 1896 1722 1971 aliquem
1749 1892 1899 1969 prius
1924 1894 2214 1953 exercitari
2245 1896 2303 1953 in

299 1984 609 2057 praeceptis,
656 1998 822 2059 quem
865 1984 934 2043 ed
975 1986 1204 2044 consilia
1251 1991 1514 2055 transeat,
1565 1986 1711 2043 idem
1746 1992 1850 2053 est,
1883 2000 1949 2043 ec
1984 1986 2029 2042 si
2062 1984 2301 2055 dicutur,

301 2079 517 2144 oportet
543 2072 696 2146 prius
719 2072 993 2131 hominem
1022 2074 1311 2133 exercitari
1348 2076 1404 2131 in
1435 2076 1753 2149 imperfecta
1782 2075 2127 2132 observantia
2152 2090 2302 2150 proe-

301 2170 599 2236 ceptorum,
633 2178 798 2238 quam
838 2152 1148 2233 exercitari,
1190 2165 1245 2221 in
1284 2162 1526 2239 perfecta
1569 2165 1917 2222 observantia
1959 2166 2298 2254 eorumdem,

299 2250 445 2325 quod
475 2248 633 2309 valde
657 2250 840 2325 inepte
868 2254 1068 2311 dicitur
1091 2254 1208 2311 sive
1233 2254 1341 2311 ed
1329 2268 1445 2329 ipsa
1473 2262 1748 2328 praecepta
1778 2246 2152 2328 respiciamuS,
2185 2255 2302 2312 eive

299 2340 414 2398 ud
398 2356 518 2413 ipsa
545 2338 828 2399 exercitia.
859 2338 1002 2413 Quis
1021 2344 1168 2399 enim
1193 2350 1308 2401 tam
1348 2344 1555 2401 insanae
1584 2344 1781 2400 mentis
1808 2356 1929 2401 esse
1956 2344 2173 2417 poterit,
2206 2318 2302 2419 qui

297 2428 536 2533 aliquem
560 2430 833 2489 volentem
869 2432 1111 2505 perfecte
1144 2430 1371 2505 diligere
1401 2434 1574 2488 Deum
1609 2439 1664 2488 et
1696 2433 2023 2506 proximum,
2054 2432 2301 2491 retrabat

295 2530 498 2593 cogens
520 2517 697 2594 ipsum
728 2522 878 2594 prius
913 2519 1142 2593 diligere
1170 2518 1533 2595 imperfecte?
1558 2520 1749 2578 Nonne
1778 2520 1882 2578 hoc
1909 2520 2100 2578 formae
2124 2520 2301 2578 dilec-

297 2610 464 2667 tionis
486 2608 833 2678 contradicit,
863 2624 987 2685 quae
1011 2608 1166 2667 nobis
1192 2610 1427 2668 traditur
1452 2609 1506 2666 in
1531 2606 1820 2686 praeceptis
1842 2606 2129 2667 charitatis
2153 2606 2303 2665 divi-

295 2714 401 2767 nae,
433 2715 560 2756 oum
583 2699 787 2755 dicitur
808 2717 822 2755 ε
847 2700 1049 2773 Diliqes
1071 2699 1360 2757 Dominum
1385 2702 1555 2759 Deum
1576 2717 1641 2756 ex
1660 2706 1770 2756 toto
1799 2700 1951 2756 corde
1982 2705 2093 2755 tuo.
2123 2701 2303 2756 Num-

296 2788 427 2862 quid
459 2788 760 2845 timendum
801 2798 905 2857 est,
934 2805 1002 2845 ne
1041 2788 1199 2845 nimis
1245 2790 1358 2847 cito
1397 2786 1557 2846 homo
1599 2787 1825 2861 incipiet
1861 2790 2029 2845 Deum
2057 2789 2300 2861 perfecte

294 2878 541 2950 diligere,
575 2879 732 2951 quusi
760 2877 936 2951 possit
964 2876 1020 2933 in
1053 2878 1328 2951 diligendo
1362 2880 1535 2935 Deum
1564 2878 1727 2935 modo
1754 2878 2073 2950 proeterire‘?
2098 2879 2301 2934 dicitur

293 2962 504 3023 EccleS.
537 2976 706 3028 xmn,
739 2970 807 3025 32
837 2984 850 3022 ε
878 2966 1247 3040 Glorificantes
1290 2967 1578 3025 Dominum
1606 2974 2085 3042 quantumcumque
2104 2972 2301 3041 potue·
2406 2998 2427 3020 .

294 3056 444 3131 rius,
474 3052 832 3129 supervalebit
874 3053 1060 3123 adlatae,
1091 3066 1196 3115 etc.
1241 3054 1394 3115 Unde
1438 3061 1629 3130 Apost.
1674 3070 1713 3123 ι,
1744 3056 1811 3113 ad
1842 3054 2049 3114 Corint.
2088 3066 2171 3124 tx,
2207 3059 2297 3125 24,

291 3153 477 3203 monet
509 3161 524 3201 ε
553 3142 638 3201 Sic
665 3144 893 3211 currite,
929 3150 992 3203 ut
1027 3144 1498 3219 comprehendatis.
1530 3142 1598 3201 Et
1628 3146 1698 3202 ad
1722 3142 1857 3201 Heb.
1886 3155 1965 3213 tv,
1999 3142 2085 3211 Η,
2118 3143 2253 3203 dicit
2282 3162 2297 3201 ε

291 3228 929 3307 Festinemusinyrediin
955 3232 1103 3293 iilam
1131 3236 1369 3310 requiem
1401 3252 1414 3291 z
1444 3236 1575 3311 quia
1604 3240 2107 3310 quantumcumque
2136 3232 2298 3293 homo

292 3322 618 3397 tempestive
653 3324 802 3381 viam
839 3320 1188 3397 perfectionis
1234 3326 1481 3400 incipiat,
1522 3340 1737 3399 semper
1779 3323 1882 3382 sibi
1910 3330 2155 3381 remanet
2188 3338 2297 3398 quo

288 3415 466 3487 possit
513 3410 772 3486 perficere
819 3426 1104 3488 quousque
1151 3411 1399 3471 ultimam
1452 3412 1846 3489 perfectionem
1892 3412 2071 3469 homo·
2098 3424 2298 3469 conee-

289 3509 495 3576 quetur
539 3500 592 3557 in
623 3502 822 3576 putria.
861 3502 917 3561 Si
958 3517 1090 3560 vero
1130 3502 1198 3560 ad
1246 3504 1364 3577 ipsa
1412 3503 1675 3561 exercitia
1707 3503 2082 3576 inspiciemuS,
2124 3502 2298 3573 major

288 3591 578 3665 apparebit
603 3588 934 3651 absurditas.
965 3590 1101 3664 Quis
1153 3592 1296 3649 enim
1337 3594 1489 3651 dicat
1526 3592 1730 3649 volenti
1763 3588 2176 3659 continentiam,
2208 3588 2296 3647 vel

285 3681 664 3757 virginitatem
701 3696 941 3752 servare,
977 3690 1037 3741 ut
1077 3680 1231 3757 prius
1258 3678 1312 3737 in
1361 3682 1709 3738 matrimonio
1737 3687 1891 3739 caste
1933 3678 2131 3738 vivat?
2158 3680 2297 3753 Quis

285 3768 439 3828 dicat
469 3778 849 3846 paupertatem
877 3785 976 3847 pro
1013 3772 1229 3831 Christo
1261 3770 1464 3829 volenti
1490 3770 1694 3838 subire,
1720 3778 1778 3825 ut
1802 3768 1954 3846 prius
1987 3770 2041 3827 iu
2080 3770 2295 3828 divitiis

273 3858 434 3935 juste
470 3859 671 3919 vivat?
699 3862 856 3939 quasi
899 3876 996 3936 per
1034 3862 1257 3919 divitias
1298 3860 1515 3920 animus
1554 3860 1789 3919 hominis
1817 3858 1885 3919 ed
1916 3854 2293 3936 pauflrtatem

277 3958 650 4025 praeparetur,
701 3958 757 4010 et
798 3963 904 4009 non
957 3953 1133 4026 magis
1176 3950 1519 4027 propositum
1565 3952 1910 4029 >paupertatis
1950 3946 2295 4029 impedient?
