2784 4392
560 303 641 369 CO
1034 319 1093 371 s.
1133 321 1366 369 monae
1405 319 1731 373 Aeumxrrs
1770 317 2086 368 opusouns

562 438 777 511 publico
806 432 955 513 loqui
985 454 1091 497 non
1121 440 1438 498 formidant.
1459 437 1530 498 Ut
1553 436 1697 496 enim
1725 437 1860 496 dicit
1887 439 2086 496 Glossa
2106 435 2408 496 novissima
2438 440 2576 494 tem·

558 543 693 602 pora
720 528 1041 586 Antichristi
1071 528 1341 601 designat,
1378 527 1598 601 quando
1625 526 1682 584 hi
1725 527 1820 601 qui
1849 527 2013 584 modo
2044 533 2369 600 premuntur
2395 532 2569 592 metu,

560 618 615 672 in
647 617 874 676 liberam
898 634 1090 676 vocem
1117 625 1421 690 erumpent,
1449 633 1574 692 quae
1603 632 1706 674 vox
1735 617 1864 690 quia
1896 616 2232 674 irrationalis
2253 625 2359 685 est,
2393 617 2572 688 magis

560 721 726 764 sonus
742 724 905 780 quam
926 724 1032 766 vox
1054 706 1273 777 dicitur,
1304 722 1407 764 nee
1426 707 1599 764 solum
1628 722 1762 765 voce
1791 706 2110 764 inimicitias
2139 722 2270 764 suas
2286 711 2566 770 exercent,

558 797 655 852 sed
697 797 865 854 etiam
908 795 1087 863 fectis,
1128 795 1272 852 unde
1313 795 1566 870 sequitur
1591 813 1604 850 t
1632 796 1708 852 Et
1749 793 1842 869 qai
1877 794 2106 852 oderunt
2146 801 2216 862 te,
2258 795 2572 852 exultarunt

558 893 737 956 caput,
790 884 1001 942 scilicet
1042 884 1459 954 Antichristum,
1516 885 1816 942 secundum
1877 885 2149 952 Glossam,
2199 889 2258 940 et
2317 883 2570 941 membra

558 975 678 1044 ejus
706 988 830 1046 quae
856 973 957 1029 sub
985 973 1076 1030 illo
1113 972 1295 1046 capite
1322 979 1472 1042 sunt,
1503 979 1565 1030 ut
1593 973 1662 1030 ab
1684 989 1792 1033 uno
1825 973 2008 1046 eapite
2031 972 2346 1046 gubernati,
2371 972 2568 1030 effica-

560 1062 677 1118 cius
705 1068 923 1118 sanctos
962 1060 1065 1120 Dei
1100 1069 1524 1140 persequantur.
1554 1063 1826 1130 Secundo,
1855 1059 2094 1120 ostendit
2137 1060 2413 1135 quomodo
2461 1061 2564 1117 toti

560 1149 793 1207 humano
832 1151 1017 1222 generi
1048 1152 1430 1220 adversantur,
1475 1150 1806 1223 subjungens
1848 1166 1862 1206 ε
1903 1150 2076 1222 Super
2102 1151 2358 1223 populum
2410 1157 2565 1204 tuum

492 1257 501 1306 χ
557 1239 987 1309 muliynaverunt
1041 1239 1317 1296 consilium
1332 1277 1353 1306 ,
1403 1239 1491 1296 ve'l
1547 1244 1730 1296 astuto
1788 1239 2200 1310 cogitaverunt,
2259 1237 2566 1294 secundum

558 1326 724 1383 aliam
773 1327 1031 1393 litteram,
1071 1328 1140 1384 ad
1172 1343 1265 1384 eos
1307 1327 1711 1401 decipiendum,
1752 1328 2051 1385 secundum
2103 1326 2354 1384 Glossam
2395 1343 2564 1399 super

555 1415 688 1472 illud
712 1416 841 1472 lsai.
873 1431 940 1472 m
970 1416 1198 1488 :Popula
1218 1431 1381 1480 meus,
1413 1414 1508 1488 qui
1531 1415 1738 1473 beatum
1761 1423 1810 1471 te
1833 1417 2039 1481 dieunt,
2063 1416 2166 1489 ipsi
2188 1422 2236 1474 te
2264 1415 2558 1488 decipiunt.

558 1503 754 1561 Glossa
784 1523 811 1558 α
844 1503 1059 1562 blandis
1082 1495 1285 1562 verbis.
1310 1523 1337 1558 n
1363 1504 1569 1572 Terti0,
1592 1504 1831 1562 ostendit
1855 1504 2128 1580 quomodo
2152 1503 2436 1560 >ministros
2459 1503 2560 1560 Dei

557 1599 980 1669 persequuntur,
1020 1609 1146 1652 cum
1187 1592 1375 1652 subdit
1413 1609 1427 1649 ε
1467 1592 1852 1666 Goyitaverunt
1887 1593 2140 1650 adversus
2177 1598 2386 1651 sanctos
2421 1598 2558 1650 tuos.

554 1681 751 1742 Glossa
778 1700 791 1738 :
814 1703 838 1736 α
863 1699 973 1741 non
995 1683 1171 1742 solum
1196 1689 1385 1742 contra
1416 1684 1738 1750 medioeres,
1772 1683 1866 1742 sed
1894 1683 2060 1742 etiam
2088 1688 2280 1742 contra
2307 1681 2560 1740 coelestes

557 1768 722 1827 viros,
742 1789 768 1820 n
784 1770 938 1826 Unde
954 1771 1249 1841 Gregorius
1266 1771 1321 1826 in
1338 1771 1468 1828 XIII
1492 1770 1627 1828 libro
1651 1769 1962 1841 Moralium,
1987 1786 2262 1844 exponens
2280 1769 2554 1828 Job.xv1:

554 1857 903 1928 Aperuerunt
920 1873 1083 1930 super
1096 1875 1176 1916 me
1203 1874 1301 1914 ora
1324 1874 1444 1924 sua,
1461 1865 1511 1916 et
1537 1859 1906 1932 exprobantes,
1930 1865 2058 1926 eto„
2089 1860 2171 1914 sin
2187 1857 2355 1914 dicit:
2380 1879 2406 1911 α
2431 1859 2557 1916 Illos

554 1946 828 2018 praeoipue
869 1944 1085 2018 reprobi
1132 1945 1188 2001 in
1229 1950 1422 2002 sancta
1463 1945 1705 2004 Ecclesia
1744 1951 2164 2020 persequuntur,
2191 1963 2330 2020 quos
2372 1947 2558 2004 multis

554 2033 896 2104 conspiciunt
936 2046 1056 2089 esse
1098 2031 1442 2106 profuturos;
1486 2051 1513 2086 n
1559 2037 1615 2090 et
1661 2031 1850 2092 infra:
1897 2053 1924 2088 α
1969 2034 2206 2100 Reprobi
2249 2037 2460 2108 grande
2497 2051 2556 2094 se

554 2120 762 2196 aliquid
788 2121 979 2179 secisse
1002 2123 1301 2192 aestimant,
1324 2137 1451 2180 oum
1480 2122 1651 2180 vitam
1682 2121 2100 2195 praedicatorum
2130 2130 2346 2182 necant.
2382 2143 2409 2178 »ι
2436 2125 2557 2182 Duo

555 2217 737 2268 autem
764 2215 952 2268 eontra
976 2219 1197 2270 sanctos
1223 2211 1490 2286 cogitant.
1522 2211 1720 2280 Primo,
1739 2221 1799 2270 ut
1823 2213 1969 2286 ipsos
1997 2212 2318 2270 annihilent.
2335 2213 2552 2282 Esther,

555 2311 687 2364 xm,
721 2299 825 2354 ⁴5:
866 2297 1059 2358 Volunt
1092 2316 1187 2357 nos
1210 2299 1422 2358 inimici
1450 2301 1624 2360 nostri
1644 2300 1974 2376 perdere,.et
2006 2301 2372 2360 haereditatem
2408 2309 2556 2358 tuam

554 2385 747 2445 delere.
796 2387 1064 2458 Secundo,
1112 2396 1174 2446 ut
1210 2389 1257 2446 si
1307 2388 1413 2450 hoc
1455 2405 1562 2450 non
1609 2390 1842 2464 possint,
1887 2389 2084 2448 saltem
2121 2405 2308 2447 eorum
2350 2389 2556 2449 samam

553 2475 838 2536 destruant
880 2477 1024 2552 apud
1074 2475 1341 2551 homines,
1381 2479 1525 2538 utin
1564 2479 1644 2538 eis
1689 2479 2020 2538 fructificare
2060 2493 2170 2536 non
2201 2478 2432 2553 possint.
2457 2480 2556 2536 Ja-

556 2565 699 2630 cobi‚
728 2582 790 2637 n,
819 2569 851 2624 6
882 2582 894 2622 :
920 2566 1111 2628 Nonne
1140 2567 1331 2624 divites
1362 2583 1458 2639 per
1496 2566 1786 2642 potentium
1819 2566 2131 2642 opprimunt
2159 2569 2291 2626 vos?
2313 2582 2333 2626 .·
2357 2567 2556 2628 Nonne

554 2651 659 2724 ipsi
688 2653 1038 2728 blasphemant
1069 2653 1259 2710 bonu-m
1294 2669 1502 2722 nomen,
1535 2653 1672 2726 quod
1701 2654 2000 2712 invocatum
2038 2662 2116 2714 est
2150 2672 2310 2728 super
2339 2658 2472 2712 vos?
2499 2663 2557 2714 et

553 2738 677 2795 ideo
707 2748 972 2816 quantum
1000 2741 1068 2796 ad
1098 2741 1333 2816 primum
1362 2740 1554 2800 horum
1583 2741 1868 2801 Psalmista
1893 2742 2173 2816 subjungit
2202 2760 2216 2798 z
2242 2743 2512 2804 Dixerunt
2532 2759 2554 2802 .·

564 2823 763 2883 Venite.
796 2825 989 2886 Glossa
1021 2843 1037 2880 z
1067 2847 1093 2880 α
1139 2835 1448 2898 quaerentes
1484 2827 1587 2887 sibi
1629 2831 1806 2888 socios
1838 2847 1851 2886 ε
1889 2849 1916 2884 ιο
1950 2828 2331 2902 Disperdamue
2365 2846 2451 2888 eos
2493 2829 2556 2890 do

552 2920 724 2986 petite,
749 2915 829 2970 vel
860 2915 1121 2988 pentibus.
1164 2912 1360 2976 Glossa
1397 2916 1628 2985 seilicet,
1659 2937 1685 2970 α
1726 2934 1790 2974 ne
1819 2920 1930 2976 sint
1975 2917 2117 2976 inter
2147 2924 2355 2992 geuteS,
2388 2919 2550 2989 idest,

555 3000 808 3060 tollamus
836 3018 931 3064 eos
958 3002 1027 3064 de
1052 3004 1277 3073 mundo,
1310 3024 1337 3058 n
1366 3021 1495 3064 ecee
1519 3007 1824 3078 persecutio
1844 3007 2166 3066 Antichristi

624 3090 901 3162 Quantum
929 3091 997 3150 ad
1022 3093 1321 3152 secundum
1344 3093 1566 3154 subdit:
1592 3094 1670 3154 Et
1693 3111 1800 3153 non
1827 3103 2150 3154 memoretur
2171 3112 2358 3155 nomen
2383 3097 2556 3156 Israel

438 3179 441 3181 ’
551 3179 721 3246 ultra,
749 3185 808 3235 ut
836 3179 1047 3239 scilicet
1071 3195 1265 3240 nornen
1291 3197 1478 3240 eorum
1509 3183 1565 3242 in
1595 3182 1740 3242 sarna
1766 3199 1872 3240 non
1904 3183 2192 3252 habeatur,
2221 3200 2414 3242 eorum
2441 3187 2556 3243 sci-

552 3264 682 3324 licet
718 3266 811 3342 qui
842 3282 900 3324 se
926 3267 1116 3326 dicunt
1140 3269 1268 3324 v'ere
1304 3285 1426 3328 esse
1461 3269 1649 3342 Israel,
1682 3276 1742 3328 ut
1766 3271 1960 3328 Glossa
1985 3271 2143 3327 dicit.
2185 3272 2393 3328 Horum
2439 3273 2556 3345 pri-

551 3370 700 3412 mum
728 3353 1267 3414 scilicetsanctorum
1291 3357 1662 3434 expulsionem
1691 3359 1758 3416 de
1779 3359 1980 3418 mundo
2003 3359 2222 3434 tyranni
2247 3361 2558 3434 antiquitus

550 3460 647 3520 per
671 3443 987 3502 violentiam
1015 3459 1309 3520 procurare
1337 3447 1518 3506 conati
1551 3454 1696 3506 sunt.
1728 3447 1881 3506 Unde
1913 3447 2208 3526 Apostolus
2249 3448 2320 3506 ad
2347 3449 2556 3506 Roma-

552 3549 669 3600 noS,
698 3549 825 3602 vm,
860 3536 945 3600 36,
978 3549 1077 3590 suo
1119 3539 1363 3606 tempore
1394 3535 1528 3596 illud
1565 3536 1762 3595 Psalmi
1799 3537 2059 3610 compleri
2102 3537 2238 3594 dicit
2278 3554 2291 3592 ε
2321 3538 2554 3612 Propter

552 3622 1018 3694 te-mortificamur
1046 3629 1158 3680 tota
1186 3623 1291 3690 die,
1322 3624 1576 3684 oestimati
1603 3641 1786 3682 sunaus
1805 3625 1946 3685 sicut
1977 3643 2094 3682 oves
2123 3625 2417 3682 occisionis.
2449 3627 2554 3684 Sed

553 3724 697 3766 nuno
721 3711 863 3766 idem
888 3713 1127 3786 perversi
1152 3712 1415 3784 ‚homines
1459 3715 1658 3772 astutis
1697 3714 1938 3772 consiliis
1969 3721 2248 3774 attentant
2285 3722 2556 3788 quantum

553 3795 624 3855 ad
651 3796 934 3868 religiosos
952 3801 1283 3875 specialiter,
1315 3804 1410 3879 qui
1428 3802 1594 3864 verbo
1615 3807 1670 3860 et
1687 3803 1934 3880 exemplo
1967 3803 2301 3864 fructificare
2324 3814 2558 3880 possunt

552 3882 942 3960 perlectionem
994 3889 1333 3960 prolitentes,
1386 3889 1630 3948 volentes
1675 3890 1928 3965 quaedam
1973 3900 2240 3964 astruere,
2285 3909 2383 3970 per
2430 3909 2556 3970 quae
