2784 4392
383 586 428 633 V

490 232 616 303 348
975 246 1032 297 s.
1073 242 1310 293 moira
1350 246 1683 297 souma-ris
1720 244 2031 292 orusoum

497 370 726 437 propter
750 361 1019 423 malitiam
1047 360 1253 435 populi,
1284 360 1417 437 quia
1445 360 1607 430 aliter
1634 360 1737 418 nisi
1768 360 1825 417 in
1850 360 2007 433 virga
2036 359 2217 418 ferrea
2254 360 2371 435 regi
2404 375 2511 419 non

496 459 747 525 possunt.
777 452 838 510 ln
865 447 1067 511 talibus
1106 464 1240 523 ergo
1279 448 1595 522 regionibus
1633 450 1717 507 sic
1756 449 1998 523 dyscolis
2025 449 2384 507 'necessarius
2429 458 2514 507 est

496 541 719 613 regibus
763 540 1104 614 principatus
1125 537 1483 611 despoticns,
1514 552 1620 595 non
1644 537 1884 611 ‘quidem
1922 538 2084 610 juxta
2124 547 2379 596 naturam
2406 534 2514 595 're-

497 630 638 701 galis
682 629 932 695 dominii,
963 626 1063 685 sed
1105 625 1407 684 secundum
1449 626 1645 697 merita
1683 634 1741 682 et
1772 625 2107 699 pertinacius
2144 626 2509 683 subditorum.

499 717 569 774 Et
605 717 713 775 ista
769 724 853 773 est
905 715 1048 774 ratio
1085 713 1380 786 Augustini
1422 715 1477 772 in
1517 712 1787 787 praedicto
1826 715 1944 786 jam
2000 714 2126 770 libr.
2159 713 2515 788 Philosophus

495 805 669 862 etiam
716 804 771 860 in
811 803 886 861 111
939 801 1105 860 Polit.
1151 800 1243 857 ubi
1282 801 1573 873 distinguit
1610 816 1815 873 genera
1855 801 2030 875 regni,
2076 802 2319 859 ostendit
2368 805 2513 876 apud

499 892 767 965 quasdam
797 889 1060 948 barbaras
1082 889 1338 948 nationes
1367 890 1551 962 regale
1578 890 1882 947 dominium
1910 905 2031 946 esse
2062 891 2284 947 omnino
2310 889 2516 965 despo-

415 997 423 1007 ’
500 978 691 1047 ticum,
724 980 854 1053 quia
881 977 1044 1037 aliter
1067 978 1182 1050 regi
1212 993 1318 1035 non
1345 985 1589 1051 possent,
1616 978 1762 1052 quod
1787 977 2011 1051 quidem
2037 978 2342 1035 dominium
2365 992 2515 1053 prae-

501 1066 661 1140 cipue
680 1067 828 1138 viget
859 1067 912 1123 in
933 1064 1169 1133 Graecia,
1187 1074 1244 1123 et
1272 1066 1418 1139 apud
1446 1068 1639 1123 Persas
1656 1066 1854 1123 saltem
1877 1074 2146 1139 quantum
2170 1067 2240 1123 ad
2270 1064 2516 1138 regi-men-

499 1155 784 1229 populare.
818 1155 948 1213 Haec
974 1154 1144 1225 igitur
1170 1155 1242 1210 de
1258 1154 1504 1211 dominio
1532 1155 1587 1210 in
1616 1142 1835 1211 tantum
1863 1162 1974 1211 arnt
1998 1155 2167 1223 dicta,
2188 1164 2253 1211 et
2275 1156 2515 1228 qualiter

498 1244 841 1317 principatus
882 1241 1199 1315 despoticus
1248 1241 1318 1299 ad
1361 1242 1541 1315 ipsum
1580 1240 1882 1308 reducitur,
1925 1251 1985 1300 et
2043 1242 2217 1300 unde·
2247 1240 2515 1300 dividitur

499 1339 691 1389 contra
725 1328 1027 1403 politicum,
1075 1329 1224 1403 quod
1263 1330 1321 1385 in
1359 1328 1605 1403 capitulo
1644 1329 1715 1386 de
1758 1329 2004 1447 dominio
2050 1329 2281 1447 politico
2334 1331 2515 1390 adbuc

499 1420 705 1478 clarius
731 1420 1072 1477 ostendetur.

1245 1594 1531 1665 CAPUT
1606 1595 1759 1665 XII.

503 1730 632 1798 Hic
653 1734 901 1793 sanctus
928 1731 1160 1793 Doctor
1187 1727 1461 1791 declarat
1486 1727 1556 1789 de
1592 1726 1853 1809 dominio
1881 1726 2207 1807 imperiali,
2238 1727 2394 1793 unde
2422 1730 2511 1792 is·-

585 1819 700 1882 tud
725 1834 933 1880 nomen
972 1815 1186 1879 habuit
1215 1817 1529 1895 oriyinem,
1576 1820 1633 1879 et
1660 1816 1731 1877 dc
1756 1814 2115 1896 quibusdam
2142 1817 2289 1879 aliis
2314 1818 2515 1881 nomi-

579 1904 1260 2059 Ξῗνιῖιεὲθτὲπῠιιηῗισίιίθφιισφῖ
1273 1904 1747 1983 distinquuntur
1768 1905 2126 1969 monarchia
2143 1911 2202 1969 et
2218 1912 2515 1986 quantum
2612 1934 2617 1941 ·

575 2127 656 2181 De
697 2122 966 2196 imperiali
1010 2136 1139 2179 vero
1183 2128 1306 2195 post
1347 2120 1625 2195 praedicta.
1660 2122 1909 2183 'dominia
1953 2139 2255 2196 congruum
2297 2124 2517 2181 videtur

502 2227 624 2272 esse
671 2212 983 2280 dicendum,
1017 2210 1148 2285 quia
1193 2210 1434 2276 medium
1480 2215 1643 2268 tenet·
1678 2212 1821 2267 inter
1866 2211 2150 2285 politicum
2202 2221 2260 2270 et
2308 2212 2515 2283 regale,

505 2302 760 2374 quamvis
795 2299 1184 2369 universaliuS,
1211 2306 1268 2355 et
1307 2299 1431 2355 ideo
1460 2307 1727 2372 quantum
1758 2300 1826 2357 ad
1856 2300 1975 2357 boec
2006 2302 2258 2373 praeponi,
2290 2300 2522 2357 deberet

502 2389 674 2463 regali
695 2408 708 2459 ;
731 2390 827 2447 sed
857 2389 965 2446 alia
993 2395 1272 2447 causaest
1295 2403 1467 2461 quare
1498 2390 1863 2461 postponitur,
1894 2404 2061 2461 quam
2102 2404 2247 2445 nunc
2283 2396 2523 2461 proeter-

505 2479 798 2537 mittimus·
816 2478 973 2537 Circa
998 2477 1104 2534 hoc
1129 2478 1354 2551 quidem
1377 2476 1485 2533 tria
1516 2492 1613 2550 pro
1644 2493 1787 2533 nuuc
1804 2484 1930 2533 sunt
1956 2476 2311 2534 attendenda.
2336 2478 2525 2535 Unum

505 2568 575 2626 de
617 2568 854 2634 nomine,
887 2568 1020 2641 quia
1061 2581 1257 2622 nomen
1304 2564 1451 2621 istud
1499 2579 1530 2619 a
1572 2574 1827 2635 supremo
1856 2562 2111 2641 'dominio
2162 2562 2405 2620 fastuose
2466 2573 2527 2623 et

507 2654 650 2713 elate
680 2655 849 2711 trahit
878 2654 1164 2724 originem,
1193 2652 1348 2725 quasi
1395 2650 1639 2706 omnium
1680 2650 1933 2704 dominus
1964 2665 1977 2702 ε
2011 2647 2153 2704 unde
2198 2655 2255 2704 et
2294 2650 2389 2706 ille
2420 2668 2527 2709 su·

505 2741 706 2813 perbus
728 2742 987 2807 Nicanor,
1015 2756 1142 2795 cum
1175 2747 1459 2810 rogaretur
1485 2754 1520 2793 a
1545 2735 1754 2793 Judaeis
1779 2744 1842 2792 ut
1884 2735 2121 2793 deferret
2150 2738 2259 2794 diei
2302 2742 2525 2799 sancti-2

504 2828 795 2893 ficationiS‚
826 2827 931 2883 hoc
955 2833 1040 2881 est
1069 2826 1315 2889 sabbato,
1348 2840 1475 2880 cum
1503 2826 1816 2895 arrogantia
1846 2824 1917 2881 ab
1940 2825 2145 2883 eisdem
2175 2842 2427 2899 quaerens
2470 2832 2523 2887 si

505 2919 626 2973 erat
655 2919 848 2985 potens
873 2912 1118 2979 incisio,
1151 2910 1250 2985 qui
1276 2911 1685 2984 imperavit’agi
1732 2912 1880 2969 diem
1926 2912 2112 2979 talem,
2147 2930 2522 2989 responsoque

504 3009 732 3075 accepto
761 3002 910 3074 quod
939 3009 1060 3057 erat
1085 3001 1357 3075 potensin
1385 3000 1527 3057 coelo
1552 3001 1817 3057 Dominus
1847 3002 1993 3058 Deus
2020 3002 2085 3073 (Π
2106 3004 2281 3059 Maeli.
2305 3009 2399 3071 xv,
2418 3002 2473 3076 5)
2500 3023 2517 3062 z

507 3091 581 3149 Et
605 3090 918 3164 eqo,iuquit
941 3105 1067 3147 cum
1095 3089 1241 3147 fastu
1285 3104 1390 3145 non
1434 3090 1671 3157 modico,
1696 3105 1815 3146 sum
1855 3097 2044 3164 potens
2088 3108 2248 3164 super
2284 3095 2516 3162 terram,

507 3180 599 3254 qui
628 3180 833 3254 impero
857 3193 1014 3237 arma
1041 3178 1200 3235 sumi.
1224 3180 1453 3251 Propter
1466 3192 1633 3252 quam
1654 3193 1879 3234 causam
1900 3178 2015 3252 ipse
2044 3190 2231 3252 postea
2252 3178 2518 3238 divinitus

508 3270 744 3343 turpiter
769 3284 804 3326 a
843 3268 984 3327 luda
1021 3266 1352 3333 machabaeo,
1389 3272 1451 3322 ut
1486 3266 1746 3322 scribitur
1780 3268 1835 3321 in
1865 3267 1912 3322 ΙΙ
1939 3267 2208 3337 Machab„
2240 3275 2434 3342 captus
2458 3272 2518 3327 in

506 3356 671 3424 bello,
697 3356 1109 3429 amputatisque
1146 3354 1326 3427 capite
1369 3362 1427 3410 et
1464 3368 1645 3409 manu·
1660 3353 1906 3422 dextera,
1932 3370 2097 3427 quarn
2129 3361 2327 3412 contra
2370 3362 2515 3413 tem-

506 3444 657 3518 plum
705 3452 978 3514 erexerat,
1005 3442 1150 3501 mala
1193 3448 1370 3497 morte
1402 3441 1583 3501 sitam·
1632 3441 1827 3499 finivit.
1862 3442 2130 3512 Quasdam·-
2179 3449 2364 3499 autem
2406 3446 2513 3503 alia

433 3564 440 3569 ·
507 3533 728 3591 nomina
755 3533 912 3590 istius
960 3532 1167 3589 domini
1207 3534 1486 3603 assumpta
1516 3536 1649 3586 sunt
1684 3546 1717 3585 a
1757 3530 2085 3602 quibusdam
2124 3532 2517 3589 excellentibus

509 3621 645 3677 viris
670 3621 804 3677 dicti
843 3620 1181 3697 principatus
1213 3624 1435 3693 propter
1480 3618 1723 3691 aliquam
1750 3621 2172 3691 praerogativam
2208 3620 2263 3675 in
2302 3620 2385 3677 eis
2424 3636 2517 3677 re-

511 3724 592 3774 pe·
612 3714 740 3769 tam.
773 3716 834 3764 ut
857 3709 1041 3767 Caesar
1063 3724 1096 3765 a
1123 3707 1288 3773 lulio,
1331 3713 1391 3763 ut
1418 3705 1663 3764 histotiae
1690 3701 2042 3774 tradunt,'sit
2068 3706 2267 3774 dictus,
2300 3708 2431 3781 quia
2454 3717 2515 3765 ut

514 3794 702 3849 scribit
726 3794 965 3851 isidorus
993 3794 1089 3852 lib.
1110 3794 1411 3867 Etymoloy.
1428 3794 1527 3862 lx,
1546 3795 1677 3868 quia
1707 3810 1841 3852 casu
1868 3804 2102 3853 mortum
2130 3795 2325 3853 matris
2362 3796 2515 3855 utero
