2784 4392
830 232 940 316 xxi.
971 271 1156 341 -Jm
1197 269 1501 318 maxuma
1544 273 1883 323 rmuoxpuu
2240 265 2361 332 273

353 383 576 444 dicebat
605 385 804 444 Psalm.
823 399 1110 457 cxxxviii,
1130 389 1201 445 ⁴7
1218 405 1232 445 ε
1251 389 1435 450 Nimis
1456 391 1710 450 honorati
1731 403 1859 453 sunt
1879 397 2041 455 amici
2062 399 2169 467 tui,
2193 403 2355 460 Deus.

355 475 490 546 Quae
519 476 738 548 insuper
761 477 1013 535 humanas
1055 476 1234 535 laudis
1275 479 1449 552 gloria
1494 481 1622 538 huic
1668 487 1908 557 compari
1954 493 2156 562 potest,
2184 501 2349 565 quam

352 579 461 620 non
499 565 664 622 fallax
699 565 1096 624 blandientium
1143 568 1347 641 lingua,
1402 585 1514 626 non
1560 572 1791 646 decepta
1838 575 2117 634 hominum
2174 581 2355 654 opinio

350 653 576 725 profert,
607 655 704 710 sed
735 669 802 712 ex
837 653 1112 712 interioris
1140 657 1494 716 conscientias
1524 661 1835 720 testimonio
1867 667 2136 738 producit,
2168 677 2225 726 et
2258 671 2356 728 Dei

351 741 664 800 testimonio
700 743 1074 812 confirmatur,
1107 745 1204 819 qui
1244 747 1360 804 suis
1404 749 1807 810 confessoribus
1848 757 2182 828 repromittit
2209 761 2353 832 quod

347 831 676 889 confiteatur
703 847 799 889 eos
845 834 898 889 in
939 833 1114 906 gloria
1161 835 1338 893 Patris
1379 850 1567 903 coram
1592 841 1815 914 Angelis
1852 844 1997 900 Dei?
2024 846 2129 916 Qui
2171 855 2353 906 autem
2431 839 2437 847 ¹

347 919 488 976 hanc
515 920 746 992 gloriam
771 929 1046 995 quaerunt,
1075 937 1199 980 eam
1221 925 1525 996 inveniunt,
1552 935 1607 984 et
1626 944 1793 1002 quam
1822 945 1928 989 non
1953 944 2209 1008 quierunt
2231 939 2352 1010 glo·-

345 1008 484 1064 riam
509 1009 810 1077 hominum,
840 1019 1268 1086 consequuntur,
1290 1015 1537 1088 exemplo
1560 1017 1885 1088 Salomonis,
1914 1021 2009 1096 qui
2038 1038 2149 1081 non
2173 1027 2348 1086 solum

343 1097 672 1170 sapientiam
696 1113 862 1172 quam
885 1101 1142 1174 quaesivit
1170 1105 1386 1178 accepit
1413 1119 1447 1161 a
1475 1107 1724 1177 Domino,
1754 1109 1849 1168 sed
1872 1101 2053 1170 factus
2080 1120 2352 1191 estsuper

344 1199 500 1257 reges
525 1185 662 1244 alios
677 1183 966 1260 gloriosus.

1109 1371 1392 1442 CAPUT
1456 1375 1577 1447 IX.

339 1499 468 1564 Hie
495 1499 766 1564 declarat
784 1507 1034 1565 sanctus
1059 1501 1292 1568 Doctor
1325 1507 1489 1586 quod
1505 1507 1823 1588 preamium
1848 1530 2057 1594 requm
2082 1524 2141 1580 et
2157 1504 2351 1601 prin-q

421 1589 624 1668 cipum
663 1594 1186 1677 teneteupremum
1225 1592 1489 1673 aradum
1516 1597 1583 1658 in
1624 1597 1990 1666 beatitudine
2016 1604 2257 1683 coelesti,
2290 1617 2345 1673 et

419 1675 526 1740 hoc
547 1677 760 1740 multis
781 1677 1124 1742 rationibus
1153 1680 1491 1746 ostenditur
1516 1689 1574 1748 et
1594 1687 1893 1768 exemplis.

409 1809 873 1868 Considerandum
903 1818 1090 1870 autem
1111 1818 1284 1871 restat
1313 1815 1561 1885 ulterius,
1582 1821 1727 1890 quod
1758 1829 1813 1878 et
1839 1825 2167 1887 eminentem
2192 1831 2338 1892 obti-

335 1898 542 1955 nebunt
567 1899 810 1956 coelestis
853 1899 1213 1959 beatitudinis
1253 1905 1506 1976 gradum,
1546 1909 1642 1981 qul
1672 1909 1911 1968 officium
1943 1916 2149 1988 regium
2178 1920 2339 1995 digno

337 1993 392 2043 et
417 1985 766 2046 laudabiliter
805 1996 1173 2064 exequuntur.
1204 1993 1260 2050 Si
1304 1994 1449 2050 enim
1493 1995 1777 2056 beatitudo
1818 2001 2042 2061 virtutis
2083 2015 2339 2084 estprae-

247 2079 260 2092 ·
337 2077 528 2143 mium,
551 2091 890 2151 consequens
918 2085 1002 2135 est
1031 2086 1092 2134 ut
1116 2081 1312 2152 majori
1343 2081 1535 2140 virtuti
1563 2099 1735 2158 major
1756 2089 1959 2160 gradus
1981 2093 2340 2160 beatitudinis

336 2166 622 2222 debeatur.
653 2167 750 2222 Est
773 2171 958 2222 autem
983 2169 1260 2242 praecipua
1283 2170 1461 2228 virtus
1484 2185 1593 2246 qua
1619 2173 1779 2232 nomo
1804 2177 2004 2252 aliquis
2033 2196 2135 2242 non
2162 2189 2337 2248 solum

335 2239 618 2325 seipsum,
649 2253 744 2308 sed
775 2254 943 2310 etiam
967 2255 1103 2312 alios
1131 2257 1364 2328 dirigere
1398 2263 1609 2330 potest3
1641 2267 1696 2319 et
1727 2269 1880 2323 tanto
1909 2271 2100 2342 magis,
2130 2285 2337 2349 quanto

335 2341 574 2416 plurium
597 2345 682 2397 est
707 2342 936 2414 regitiva
952 2355 965 2412 ;
983 2343 1115 2416 quia
1141 2351 1196 2400 et
1215 2343 1459 2404 secundu
1482 2361 1515 2402 n
1536 2349 1796 2423 virtutem
1820 2361 2155 2430 corporalem
2186 2375 2337 2426 tamo

336 2429 536 2504 aliquis
576 2430 870 2488 virtuosior
915 2437 1220 2504 reputatur,
1266 2441 1473 2506 quanto
1519 2434 1703 2508 plures
1744 2443 1963 2502 vincere
2010 2457 2212 2524 potest,
2241 2468 2335 2514 aut

336 2521 576 2592 pondera
602 2515 803 2578 levare.
830 2521 920 2577 Sic
961 2519 1130 2593 igitur
1169 2522 1344 2593 majm·
1377 2523 1555 2581 virtus
1594 2525 1895 2600 requiritur
1932 2535 1999 2592 ad
2038 2542 2333 2612 regendum

336 2609 688 2666 domesticam
731 2609 996 2666 familiam
1047 2622 1214 2683 quatu
1260 2611 1330 2666 ad
1381 2614 1679 2686 regendum
1719 2619 2007 2694 seipsum,
2056 2631 2336 2708 multoque

337 2699 508 2770 major
537 2699 606 2754 ad
633 2697 874 2770 regimen
903 2698 1148 2756 civitatis
1183 2705 1240 2756 et
1267 2702 1443 2773 regni.
1469 2703 1537 2758 Et
1566 2703 1736 2784 igitur
1774 2709 2092 2774 excellentis
2117 2719 2336 2781 virtutis

335 2789 474 2844 bene
515 2788 724 2858 regium
773 2785 1012 2842 officium
1053 2802 1341 2859 εχει-ουτος
1387 2789 1619 2850 debetur
1658 2793 1827 2868 igitur
1868 2799 1919 2856 ei
1966 2805 2237 2868 excellens
2280 2810 2333 2869 in

335 2875 674 2932 beatitudine
699 2875 1005 2947 praemium.
1850 2954 1853 2957 Ι

406 2963 598 3020 Adbuc
627 2963 682 3018 in
707 2963 956 3020 omnibus
999 2965 1208 3022 artibus
1253 2974 1310 3024 et
1333 2971 1597 3040 potentiis
1639 2972 2026 3040 laudabiliores
2064 2997 2191 3044 sunt
2238 2995 2331 3064 qui

337 3051 474 3110 alios
500 3052 640 3106 bene
667 3058 881 3122 regunt,
905 3063 1069 3124 quam
1095 3055 1190 3126 qui
1219 3057 1521 3116 seeundum
1548 3058 1783 3121 alienam
1812 3067 2169 3132 directionem
2197 3078 2335 3135 beno

336 3155 396 3196 se
417 3139 638 3196 habent.
669 3139 728 3194 In
758 3139 1112 3210 speculativis
1135 3143 1280 3197 enim
1307 3147 1483 3216 majus
1506 3155 1594 3204 ‚est
1624 3152 1911 3210 veritatem
1938 3157 2061 3216 aliis
2084 3161 2331 3224 docendo

337 3229 572 3294 tradere,
603 3240 769 3300 quam
811 3227 956 3300 quod
997 3227 1069 3284 ab
1103 3227 1226 3284 aliis
1252 3229 1481 3289 docetur
1508 3247 1706 3307 capere
1754 3255 1932 3313 posse.
1983 3245 2042 3303 In
2087 3251 2337 3314 artificiis

335 3317 504 3373 etiarn
527 3317 704 3387 majus
732 3317 1095 3385 existimatur,
1127 3319 1433 3393 majorique
1456 3324 1781 3384 conducitur
1807 3333 1980 3402 pretio
2009 3337 2338 3400 architector

332 3405 429 3480 qui
455 3405 748 3462 aediflcium
785 3405 1043 3478 disponit,
1070 3421 1237 3480 quam
1274 3409 1475 3469 artifex
1505 3414 1600 3486 qui
1628 3419 1931 3502 secundum⁴
1951 3425 2071 3495 ejiis
2096 3426 2337 3502 disposi-

335 3498 542 3552 tionem
573 3493 897 3549 manualiter
921 3503 1212 3566 operatur-3
1237 3505 1292 3554 et
1316 3499 1374 3554 in
1399 3497 1565 3556 rebus
1586 3501 1795 3562 bellicis
1824 3511 2085 3582 majorem
2105 3515 2336 3588 glorian,

336 3585 405 3641 de
428 3581 660 3639 victoria
687 3581 937 3655 sequitur
965 3581 1252 3655 prudentia
1293 3584 1471 3654 ducis,
1507 3602 1671 3661 quam
1705 3591 1897 3652 mimis
1934 3597 2217 3662 fortitudo.
2248 3607 2339 3664 550

335 3681 523 3730 autem
546 3685 604 3728 se
623 3671 790 3727 habet
813 3677 992 3728 rector
1011 3671 1378 3730 multitudinis
1404 3673 1461 3732 iu
1482 3673 1566 3734 his
1588 3691 1715 3752 quas
1737 3695 1769 3738 a
1787 3684 2016 3758 singulis
2038 3695 2336 3754 secundum

336 3759 596 3819 virtutem
623 3766 753 3818 sunt
785 3754 1014 3831 agenda,
1044 3759 1188 3817 sicut
1233 3761 1429 3820 doctor
1455 3760 1511 3820 in
1540 3765 1862 3842 disciplinis,
1906 3781 1963 3831 et
2010 3781 2339 3844 architector

335 3847 392 3912 in
421 3847 687 3918 aedifioiis,
721 3857 776 3905 et
813 3847 926 3909 dux
955 3848 1010 3903 in
1041 3847 1216 3906 bellis.
1247 3849 1344 3915 Est
1375 3849 1544 3924 igitur
1572 3869 1669 3921 rex
1694 3859 1889 3933 majori
1915 3868 2091 3937 pretio
2118 3870 2334 3944 dignus,

835 3962 889 4014 S.
920 3963 1077 4020 Tuon.
1110 3965 1198 4022 Ao.
1222 3966 1489 4022 ornacum.
1510 3995 1573 4010 -
1590 3971 1671 4023 nt.
1697 3999 1760 4014 -
1785 3975 1845 4026 18
