2784 4392
528 235 538 239 ·
634 232 785 275 xvn.
821 247 897 257 —
927 230 988 271 m
1035 230 1439 271 mscnn‘rnnm
1484 230 1524 270 11
1570 228 1880 271 uxrosrrlo
2138 208 2250 266 451

249 350 372 400 stent
399 343 489 417 (l).
531 344 636 401 Sed
663 344 766 400 hoc
795 344 850 399 in
878 343 1026 400 veris
1064 342 1468 415 exemplaribus
1498 356 1601 398 non
1633 341 1885 406 habetur,
1917 340 2012 397 sed
2042 340 2095 395 in
2122 339 2251 413 qui-

250 433 478 489 busdam
515 432 669 488 libris
711 433 912 498 dicitur
958 446 1078 489 esse
1123 430 1434 503 appositum
1477 430 1549 485 ab
1582 429 1855 486 haereticis
1899 427 2137 485 Arianis,
2185 426 2253 481 ad

249 522 668 593 pervertendum
687 520 1023 577 intellectum
1051 534 1245 576 sanum
1260 518 1606 576 auctoritatis
1634 518 1931 588 praemissae
1947 516 2015 571 de
2040 516 2250 571 unitate

251 609 523 665 essentiali
553 611 1116 687 trium-personarum.
1145 607 1409 665 Similiter
1428 607 1594 663 etiam
1619 607 1804 662 Ariani
1838 604 2131 661 utebantur
2158 602 2250 657 illa

253 698 576 753 auctoritate
609 714 622 751 ε
654 698 727 755 Ut
767 698 878 754 sint
924 712 1089 753 uiuum
1137 697 1196 751 iu
1239 696 1407 761 nobis,
1435 696 1571 751 sicut
1608 700 1659 750 et
1696 710 1789 749 uos
1835 708 2003 749 unum
2046 707 2249 755 sumna,

248 785 314 840 ad
342 786 736 840 ostendendum
761 786 908 857 quod
938 787 1099 841 Pater
1127 792 1181 839 et
1209 784 1378 839 Filius
1404 800 1511 839 non
1540 780 1668 839 sunt
1694 798 1881 847 unum,
1916 780 2017 837 uisi
2050 796 2254 835 secun-

251 876 376 927 dum
405 888 730 930 consensum
761 873 989 939 amoriS,
1013 874 1156 929 sicut
1187 879 1244 928 et
1268 888 1383 938 n03,
1416 877 1475 927 ut
1501 877 1653 944 patet
1678 886 1772 943 per
1803 869 2167 941 Augustinum
2199 878 2252 923 et

253 962 533 1026 Hilarium,
575 963 668 1035 qui
701 962 888 1017 dicunt
918 962 1059 1017 hunc
1103 961 1280 1017 fuisse
1305 976 1626 1033 perversum
1654 974 1871 1015 sensum
1904 958 2249 1013 Ariauorum.

253 1050 400 1105 Unde
425 1051 774 1105 manifestum
802 1056 885 1105 est
910 1050 1054 1122 quod
1075 1050 1321 1105 Joachim
1344 1050 1399 1103 in
1420 1063 1661 1103 errorem
1683 1047 2009 1102 Arianorum
2034 1044 2250 1108 incidit,

252 1140 376 1194 licet
400 1154 506 1193 non
537 1139 910 1210 pertinaciter,
939 1139 1066 1210 quia
1094 1140 1208 1210 ipse
1235 1137 1441 1210 scripta
1466 1152 1564 1193 sua
1590 1134 1908 1207 apostolicae
1936 1134 2081 1191 sedis
2100 1133 2255 1205 judi·
2348 1164 2355 1169 -

251 1226 334 1280 cio
369 1226 622 1298 subjecit,
653 1236 712 1283 ut
737 1226 876 1281 infra
899 1226 1132 1291 dicetur,
1159 1233 1214 1280 et
1244 1226 1367 1281 ideo
1398 1230 1797 1297 consequenter
1821 1224 2041 1295 ponitur
2068 1222 2256 1277 deter-

255 1314 478 1370 minatio
507 1314 732 1371 Concilii
762 1329 860 1386 pro
885 1314 1137 1370 veritate.

318 1404 374 1457 In
405 1418 512 1475 qua
532 1402 752 1476 quidem
774 1396 1228 1457 determinatione
1253 1401 1497 1472 quinque
1526 1400 1683 1455 facit.
1712 1399 1894 1456 Primo
1920 1398 2066 1453 enim
2096 1412 2256 1451 asse-

251 1486 322 1537 rit
353 1488 642 1540 veritatem
667 1502 833 1557 quam
861 1488 1119 1557 magister
1147 1488 1335 1543 Petrus
1365 1487 1616 1561 docebat,
1647 1486 1857 1541 scilicet
1884 1485 2030 1558 quod
2068 1484 2253 1541 divina

251 1574 484 1628 essentia
513 1580 596 1627 est
639 1574 889 1645 quaedam
929 1590 1140 1630 summa
1177 1572 1864 1645 resincompreheusibilis
1900 1572 2164 1643 cogitatu,
2199 1584 2251 1626 et

251 1666 305 1714 et
346 1660 636 1716 ineffabilis
679 1662 872 1727 verbo,
916 1663 982 1716 de
1011 1678 1120 1734 qua
1166 1678 1296 1729 vere
1341 1662 1710 1734 praedicantur
1754 1667 1867 1716 tres
1912 1674 2162 1731 personae
2198 1668 2252 1711 et

253 1747 408 1803 simul
435 1755 490 1803 et
521 1748 856 1820 singillatim.
901 1751 1085 1805 Potest
1121 1750 1266 1804 enim
1299 1766 1431 1806 vero
1472 1750 1601 1819 dici,
1631 1749 1777 1821 quod
1803 1748 2043 1805 essentia
2067 1747 2252 1803 divina

253 1845 332 1892 est
364 1839 521 1892 Pater
548 1838 808 1895 et.Filius
837 1847 892 1894 et
930 1839 1164 1911 Spiritus
1203 1846 1446 1895 sauctuS.
1478 1840 1548 1895 Et
1590 1840 1787 1894 iterum
1828 1853 1957 1895 vere
2000 1838 2201 1893 dicitur
2236 1856 2247 1891 :

254 1947 279 1976 «
311 1926 556 1981 Essentia
578 1925 762 1982 divina
789 1936 872 1981 est
895 1927 1082 1993 Filius,
1111 1928 1298 1983 divina
1323 1928 1561 1984 essentia
1580 1934 1663 1983 est
1687 1926 1925 2003 Spiritus
1952 1934 2195 1985 sanctus.
2224 1946 2247 1977 i>

253 2013 404 2081 Quod
449 2013 671 2086 quidem
699 2014 753 2068 in
779 2014 932 2068 nobis
964 2030 1069 2070 non
1107 2017 1330 2071 accidit.
1355 2017 1477 2072 Non
1520 2016 1666 2071 enim
1710 2016 1947 2071 essentia
1986 2014 2130 2070 Petri
2168 2022 2249 2069 est

255 2103 460 2167 PetruS,
489 2102 584 2155 sed
610 2102 845 2156 essentia
871 2102 968 2155 Dei
1005 2102 1181 2157 Patris
1207 2110 1290 2157 est
1317 2104 1433 2173 ipse
1463 2104 1641 2169 Pater,
1680 2103 1810 2174 quia
1839 2104 2032 2157 Petrus
2070 2110 2153 2157 est
2184 2117 2248 2157 cx

252 2188 436 2244 multis
459 2190 811 2261 composituS,
833 2204 936 2244 non
963 2197 1147 2245 autem
1171 2205 1401 2265 persona
1423 2191 1619 2257 Patris,
1644 2205 1821 2263 neque
1844 2205 2073 2262 persona
2105 2190 2246 2253 Filii,

253 2291 351 2330 nec
373 2288 603 2347 persona
633 2274 866 2346 Spiritus
895 2276 1092 2331 sancti.

320 2361 568 2418 Secundo
588 2361 676 2416 ubi
704 2362 866 2417 dicit:
889 2383 913 2415 α
935 2362 1003 2417 Et
1018 2363 1140 2419 ideo
1157 2364 1211 2419 in
1235 2364 1368 2431 Deo,
1389 2370 1519 2431 etc.‚
1540 2382 1565 2416 >³
1584 2363 1749 2419 solvit
1774 2363 2060 2430 rationem,
2082 2379 2247 2435 quam

251 2466 346 2521 pro
375 2464 433 2505 se
471 2448 764 2505 inducebat
791 2450 1058 2506 Joachim.
1098 2451 1194 2507 Est
1227 2452 1370 2507 enim
1413 2441 1888 2518 considerandum,
1926 2451 2071 2524 quod
2116 2452 2247 2505 nihil

250 2543 674 2593 connumeratur
720 2538 860 2605 aliiS,
908 2539 1012 2595 nisi
1051 2539 1196 2613 quod
1240 2540 1311 2596 ab
1352 2530 1432 2596 eis
1479 2540 1857 2612 distinguitur.
1914 2539 2070 2596 Unde
2123 2556 2245 2595 cum

249 2625 448 2683 animal
479 2640 586 2683 non
609 2626 979 2699 distinguatur
1009 2628 1078 2684 ab
1103 2628 1338 2696 homine,
1371 2644 1513 2701 equo
1537 2636 1593 2685 et
1619 2628 1778 2697 bove,
1810 2642 2043 2701 quorum
2069 2629 2252 2701 quod-

250 2713 382 2769 libet
405 2720 488 2769 est
513 2715 736 2781 animal,
764 2716 886 2771 ideo
915 2732 1021 2773 non
1047 2732 1335 2789 possumus
1363 2716 1566 2783 dicere,
1596 2718 1743 2791 quod
1776 2716 1939 2772 homo
1962 2722 2019 2771 et
2044 2732 2243 2789 equus„

232 2806 304 2855 'et
329 2799 449 2867 bos,
464 2806 518 2853 et
543 2799 764 2865 animal,
793 2810 920 2856 sunt
945 2813 1198 2875 quatuor,
1235 2804 1330 2862 sed
1359 2813 1488 2861 sunt
1512 2805 1617 2862 tria
1646 2812 1881 2872 tantum,
1908 2804 2039 2879 quia
2068 2806 2249 2876 quod·

249 2888 381 2943 libet
403 2882 727 2941 illorumest
757 2888 976 2943 animal.
1005 2890 1088 2944 lta
1131 2893 1260 2962 quia
1290 2893 1550 2963 quaelibet
1580 2894 1745 2949 trium
1778 2905 2139 2966 ‘personarum
2166 2902 2249 2949 est

248 2976 341 3030 illa
371 2988 476 3041 res,
503 2972 712 3029 scilicet
735 2974 921 3031 divina
949 2978 1204 3043 essentia,
1231 2978 1317 3033 vel
1346 2985 1563 3055 natura,
1597 2996 1703 3035 non
1731 2988 1911 3051 potest
1939 2981 2069 3047 dici,
2102 2983 2246 3052 quod

246 3071 360 3119 tres
390 3076 636 3134 personae
664 3067 719 3117 et
738 3061 830 3118 illa
859 3078 946 3119 res
970 3069 1097 3119 sunt
1121 3069 1376 3136 quatuor,
1410 3066 1538 3137 quia
1566 3064 1657 3120 illa
1688 3080 1774 3121 res
1798 3081 1903 3123 non
1934 3074 2017 3123 est
2041 3067 2245 3139 aliquid

246 3150 395 3209 aliud
421 3166 452 3207 a
484 3150 656 3206 tribus
691 3151 952 3223 personis.
994 3150 1151 3222 Quod
1179 3151 1400 3225 quidem
1446 3152 1641 3224 probat
1666 3168 1761 3225 per
1806 3153 1909 3209 hoc
1946 3154 2089 3226 quod
2130 3156 2242 3211 sola

245 3240 433 3298 divina
461 3240 698 3297 essentia
740 3248 822 3296 est
866 3242 1191 3315 principium
1233 3256 1428 3297 creans
1466 3240 1757 3309 universa3
1804 3243 1880 3297 ita
1928 3242 2074 3315 quod
2112 3243 2243 3297 nihil

245 3334 426 3400 potest
468 3327 697 3384 inveniri
725 3334 924 3401 praeter
959 3330 1202 3387 divinam
1239 3330 1555 3396 essentiam,
1588 3329 1733 3402 quod
1772 3330 1984 3386 scilicet
2027 3345 2132 3386 non
2178 3333 2250 3386 sit

244 3416 392 3472 idem
419 3430 544 3471 cum
573 3416 811 3474 essentia
837 3417 1043 3485 divina,
1069 3416 1154 3473 vel
1184 3424 1290 3473 non
1319 3418 1392 3473 sit
1418 3425 1665 3473 creatum
1690 3416 1760 3473 ab
1787 3433 1874 3473 ea.
1900 3418 2035 3475 Tres
2058 3423 2242 3473 autem

242 3518 492 3577 personae
513 3508 627 3561 -non
655 3510 782 3561 sunt
809 3514 1010 3563 creatae
1039 3521 1071 3562 a
1094 3506 1281 3563 divina
1307 3506 1567 3573 essentia,
1600 3504 1728 3579 quia
1760 3495 2037 3563 increatus
2058 3506 2237 3571 Pater,

242 3596 522 3650 increatus
561 3592 748 3662 Filius,
781 3594 1056 3652 increatus
1098 3595 1332 3668 Spiritus
1377 3602 1622 3663 sanctus,
1670 3594 1917 3669 quinimo
1952 3608 2241 3667 possumus

305 3718 369 3782 (1)
394 3721 458 3767 De
483 3721 572 3767 hac
593 3718 839 3777 Aquinates
859 3723 1266 3771 animadversione
1285 3724 1475 3772 consulo
1499 3723 1627 3770 inter
1650 3723 1767 3771 alios
1789 3722 2099 3783 Auqustt’num
2126 3724 2247 3771 Cal-

241 3789 420 3830 mcum
446 3786 498 3831 in
515 3787 855 3831 commentario
883 3786 972 3831 loci·
999 3787 1147 3831 citati.
1710 3786 1715 3790 '
