2784 4392
483 274 605 335 388
960 288 1019 341 n.
1061 285 1297 335 ‘moiun
1334 286 1671 338 *numme
1708 284 2022 333 orueouu

1230 494 1517 565 CAPUT
1570 494 1751 563 VIII.

489 630 620 697 Hie
648 630 921 694 declarat
946 630 1161 693 melius
1187 644 1306 691 esse
1331 626 1401 691 in
1426 625 1652 707 politia
1677 642 1796 689 non
1820 631 2173 706 perpetuare
2211 633 2521 703 rectores:

569 724 629 784 et
648 718 963 801 respondet
991 720 1072 781 ad
1096 722 1332 797 partem
1355 716 1715 795 oppositam,
1740 714 1845 777 ubi
1861 717 2041 777 etiam
2060 717 2233 790 dicit,
2259 718 2513 780 nullum

566 810 636 873 in
653 808 1022 873 Lombardia
1040 806 1248 869 habere
1263 803 1618 878 dominium,
1643 804 1769 869 nisi
1784 822 1891 885 per
1908 805 2071 868 viam
2092 807 2510 884 tyrannicam,

566 899 712 962 duce
754 898 1130 966 Venetiarum
1154 899 1458 976 excepto.

559 1031 664 1088 Sed
695 1031 842 1105 quod
876 1046 976 1105 pro
1019 1046 1078 1086 se
1117 1029 1384 1093 inducunt
1411 1027 1481 1083 de
1522 1026 1746 1083 mineris
1771 1027 1984 1099 praefati
2026 1028 2353 1101 philosophi,
2395 1046 2507 1087 non

489 1120 656 1176 habet
685 1118 1096 1177 similitudinem
1127 1120 1242 1175 sive
1272 1110 1659 1173 necessitatem
1698 1115 1753 1169 in
1788 1116 2087 1187 arguend0‚
2116 1132 2182 1172 eo
2215 1118 2365 1190 quod
2394 1120 2508 1175 mi-

485 1224 638 1264 nerae
665 1209 782 1263 sive
807 1208 947 1274 auri,
975 1208 1093 1263 sive
1131 1206 1365 1276 argenti,
1398 1204 1517 1259 sive
1554 1205 1951 1275 cujuscumque
1993 1204 2200 1262 metalli
2228 1208 2506 1279 recipiunt

488 1296 900 1369 impressionem
930 1310 962 1351 a
999 1307 1228 1366 corpore
1255 1292 1487 1358 coelesti,
1521 1308 1648 1365 quae
1672 1300 1755 1347 est
1796 1290 1865 1347 ad
1897 1308 2063 1349 unum
2089 1294 2454 1353 determinata
2484 1316 2503 1353 ε

487 1385 642 1441 unde⁹
671 1385 816 1441 sicut
857 1380 1090 1439 ficulnea
1131 1396 1347 1453 semper
1389 1380 1525 1435 ficus
1552 1380 1807 1452 producit
1834 1386 1890 1435 et
1927 1394 2034 1439 non
2065 1376 2232 1437 alium
2262 1382 2501 1441 fructum

487 1481 713 1547 propter
737 1472 930 1529 eadem
959 1471 1224 1544 principia
1251 1484 1379 1543 quae
1406 1474 1535 1524 sunt
1571 1469 1628 1524 in
1658 1468 1796 1541 ipsa,
1828 1474 1884 1525 et
1898 1469 2188 1526 »mediante
2214 1471 2501 1531 influentia

493 1562 705 1621 coelesti
730 1578 744 1632 ;
776 1562 854 1617 ita
879 1570 934 1617 et
959 1560 1152 1617 eadem
1181 1574 1309 1631 pars
1329 1567 1493 1615 terrae
1512 1558 1592 1613 sic
1620 1558 1905 1630 disposita,
1934 1565 1995 1612 ut
2018 1558 2092 1613 sit
2118 1560 2327 1617 minei-a
2356 1564 2499 1633 auri,

491 1666 711 1725 semper
738 1650 904 1706 faciet
927 1665 1145 1706 aurum.
1173 1646 1279 1705 Sed
1312 1662 1421 1703 non
1446 1647 1528 1702 sie
1554 1651 1640 1703 est
1662 1644 1732 1700 de
1764 1642 2049 1703 voluntate
2084 1645 2340 1713 hnmana,
2374 1663 2501 1720 quae

493 1740 768 1797 sideribus
805 1755 913 1801 non
939 1737 1253 1810 subjicitur,
1277 1742 1340 1791 ut
1386 1734 1714 1791 Ptolomaeus
1744 1734 1944 1807 probat
1980 1736 2038 1789 in
2077 1734 2335 1808 Gemiloq.
2368 1738 2500 1809 quia

489 1828 750 1884 volubilis
773 1835 875 1895 est,
902 1820 1225 1883 unde-aetus
1248 1824 1474 1880 humani
1505 1831 1777 1895 ponuntur
1798 1838 1831 1879 a
1855 1823 2182 1896 philosopho
2210 1825 2264 1879 in
2295 1824 2501 1881 Ethicis

491 1917 561 1973 de
585 1916 922 1988 contingenti
945 1916 1196 1981 materia,
1224 1920 1280 1969 et
1311 1914 1436 1969 inde
1465 1911 1749 1967 variantur
1785 1911 1855 1968 de
1879 1911 2021 1968 bono
2054 1912 2111 1968 in
2136 1912 2359 1984 malum,
2388 1923 2443 1971 et
2467 1932 2501 1971 e

489 2021 774 2071 converso,
807 2010 863 2060 et
887 2001 1012 2059 ideo
1034 2000 1378 2077 perpetuatio
1404 2005 1490 2055 est
1512 1999 1840 2071 periculosa.

769 2091 835 2159 od
860 2097 1057 2164 postea
1090 2089 1292 2144 dicitur
1331 2088 1401 2144 de
1428 2089 1787 2160 experientia,
1800 2090 1919 2145 hoc
1957 2091 2190 2163 supponi
2225 2090 2407 2159 debet,
2440 2100 2497 2148 ut

491 2093 676 2253 eliges:d
665 2198 727 2236 ur
752 2185 1026 2279 expertae,
1055 2178 1150 2252 qui
1177 2152 1349 2250 pessit
1387 2183 1445 2233 et
1473 2178 1614 2233 sciat
1642 2193 1852 2249 regere,
1881 2186 1935 2235 et
1972 2180 2123 2236 cives
2155 2180 2393 2251 dirigere
2428 2182 2495 2237 ad

491 2272 774 2337 virtutem,
804 2269 942 2325 alias
964 2268 1012 2324 si
1037 2266 1256 2339 eligitur
1285 2282 1429 2321 unus
1461 2264 1795 2322 insufficiens
1826 2267 2003 2340 pretio
2040 2268 2127 2324 vel
2152 2284 2359 2337 amore,
2383 2272 2497 2342 jam

486 2360 686 2433 politia
740 2367 824 2415 est
874 2363 1153 2430 corrupta.
1193 2356 1449 2413 Formam
1497 2355 1645 2411 enim
1684 2353 1922 2427 eligendi
1963 2356 2135 2413 tradit
2177 2356 2267 2413 ille
2311 2359 2497 2415 Jethro

491 2450 664 2523 Moysi
706 2454 942 2521 cognato
974 2462 1093 2513 suo,
1125 2453 1187 2502 ut
1229 2446 1286 2501 in
1309 2444 1499 2520 -Exod9
1534 2459 1703 2510 xvm,
1748 2446 1841 2511 2⁴,
1870 2445 2130 2501 scribitur
2168 2446 2408 2518 loquensae
2430 2448 2497 2503 de

491 2538 830 2612 principibus
857 2542 915 2594 et
940 2529 1313 2593 assee'soribus'
1340 2531 1524 2605 populi
1550 2548 1569 2590 z
1597 2531 1850 2600 Provide,
1877 2534 2075 2606 inquit,
2100 2534 2249 2590 viros
2268 2543 2498 2608 potentes

489 2628 556 2683 de
577 2627 725 2684 omni
744 2628 959 2699 populo,
983 2624 1046 2681 in
1077 2622 1268 2695 quibus
1304 2621 1377 2678 sit
1404 2621 1626 2689 veritas,
1652 2628 1707 2678 et
1736 2621 1830 2693 qui
1850 2621 2069 2680 oderint
2104 2623 2421 2690 avaritiam,
2450 2634 2499 2684 et

491 2716 753 2772 constitue
771 2730 837 2769 ex
859 2715 934 2769 eis
954 2712 1217 2777 tribunos,
1239 2716 1287 2766 et
1315 2709 1675 2775 centuriones,
1694 2710 2179 2783 quinquaqenarios
2196 2720 2249 2769 et
2262 2713 2498 2781 decom,

492 2804 586 2874 qm·
609 2802 851 2873 judicent
876 2799 1154 2871 populum.
1185 2798 1543 2869 Philosophus
1583 2798 1772 2868 etiam,
1804 2798 1859 2855 in
1886 2799 1929 2855 V
1958 2800 2163 2865 Ethic„
2194 2801 2331 2857 dicit
2356 2806 2499 2875 quod

488 2902 526 2943 ἀ
563 2904 669 2943 ιιοιι
699 2887 928 2943 sinimus
958 2886 1192 2941 hominis
1217 2884 1535 2958 principari,
1562 2884 1619 2941 in
1643 2900 1753 2958 quo
1778 2894 1863 2942 est
1886 2896 2083 2943 natura
2111 2887 2352 2947 humana
2376 2898 2501 2947 tan-

390 3050 393 3057 ·
493 2984 636 3044 tum,
665 2976 760 3033 sed
804 2976 956 3031 illum
981 2974 1078 3048 qui
1119 2980 1205 3031 est
1244 2972 1521 3047 perfectus
1561 2975 1865 3031 secundum
1900 2977 2199 3047 rationem,
2224 2998 2252 3031 n
2297 2980 2429 3053 quia
2455 2980 2498 3035 si

493 3066 656 3124 aliter
682 3066 780 3124 fiat
827 3071 1140 3137 assumptus
1179 3062 1252 3119 ud
1275 3062 1667 3137 principatum,
1702 3062 1798 3163 dat
1840 3064 1948 3181 sibi
1954 3064 2107 3186 plus
2150 3066 2221 3121 de
2262 3066 2419 3125 bonis
2444 3074 2501 3125 et

495 3166 764 3231 tyrannus
791 3154 1086 3211 efficiturs
1850 3181 1855 3189 ·
1880 3176 1899 3209 ·.
2082 3179 2085 3185 ·

565 3245 724 3315 Quod
751 3249 934 3301 autem
965 3241 1240 3298 inducitur
1267 3198 1463 3297 ultimo
1471 3240 1553 3297 de
1577 3239 1933 3311 derogatione
1954 3242 2257 3314 regiminiS,
2286 3246 2334 3301 si
2364 3244 2502 3320 prin-

465 3334 713 3406 'eipatue
729 3334 1067 3398 immutetur,
1090 3329 1180 3385 hie
1204 3328 1599 3385 attendendum
1618 3338 1728 3401 est,
1743 3331 1890 3386 sicut
1911 3338 2123 3388 tactum
2146 3340 2233 3388 est
2256 3350 2423 3408 supra
2446 3337 2502 3393 in

491 3422 545 3479 ΙΙ
571 3422 728 3487 libro,
759 3420 905 3493 quod
929 3418 1178 3489 regiones
1201 3417 1640 3474 diversificantur
1668 3427 1937 3491 quantum
1977 3421 2047 3477 ad
2082 3422 2331 3479 homines
2370 3426 2501 3481 etin

494 3509 869 3583 complexione
892 3514 949 3563 et
977 3508 1034 3563 in
1062 3506 1224 3562 modo
1262 3505 1503 3572 vivendi,
1529 3504 1674 3563 sieut
1698 3514 1902 3565 caetera
1938 3509 2179 3567 viventia
2202 3511 2502 3569 seeundum

494 3605 778 3671 aspectum
797 3597 944 3663 eoeli,
973 3594 1374 3651 utPtolemaeus
1399 3593 1569 3651 tradit
1584 3594 1642 3649 in
1661 3594 2023 3669 Quadripart.
2046 3598 2102 3654 Si
2129 3600 2275 3659 enim
2303 3599 2503 3673 plantae

499 3687 901 3745 transferuntur
927 3684 997 3741 ad
1025 3682 1192 3741 aliam
1218 3684 1521 3755 regionem,
1551 3683 1623 3741 ad
1650 3685 1769 3755 eJus
1794 3692 2047 3743 naturam
2076 3696 2501 3759 convertamini-3

495 3774 675 3831 simile
703 3782 787 3831 est
809 3774 879 3829 de
905 3772 1146 3845 piscibus
1173 3778 1231 3829 et
1259 3771 1607 3833 animalibus.
1639 3772 1793 3829 Siout
1818 3790 1947 3845 ergo
1976 3774 2046 3831 de
2072 3774 2403 3845 viventibuS,
2426 3780 2507 3835 ita

499 3867 560 3915 et
579 3862 650 3916 de
675 3860 1240 3921 hominibue..Gallici
1266 3862 1434 3929 enim,
1460 3861 1640 3931 quise
1679 3862 2013 3923 transferunt
2041 3863 2099 3919 in
2133 3864 2403 3941 Siciliam,
2434 3867 2507 3925 ad

2730 386 2761 835 xj
