2784 4392
443 304 526 373 66
921 324 974 374 s.
1019 320 1252 373 moun
1291 322 1622 379 neumam
1662 318 1973 371 oruscum

446 443 708 517 upliciter
733 443 1022 501 excludere
1048 444 1314 501 nituntur.
1359 442 1560 513 Primo,
1608 442 1938 500 auctoritate
1966 436 2185 497 Domini
2224 434 2471 497 dicentis

447 534 638 596 nauh.
670 548 842 601 xxm,
871 538 904 591 8
943 552 957 590 t
995 532 1095 595 Vos
1122 542 1297 590 autem
1322 534 1486 591 nolite
1518 532 1701 589 vocari
1733 531 1905 588 Rabbi
1939 548 1956 589 .·
1988 530 2136 606 quod
2166 530 2469 587 consilium

448 624 672 697 quidam
707 624 896 681 dicunt
940 640 972 681 a
1011 622 1270 697 perfectis
1308 638 1429 679 esse
1472 622 1889 689 observandum,
1926 622 2068 677 unde
2101 636 2229 677 cum
2270 636 2465 677 omnes

449 713 683 785 religiosi
713 713 1099 786 perfectionem
1126 713 1503 786 profiteantur,
1535 728 1565 767 a
1597 712 1911 783 magisterio
1936 710 2208 765 abstinere
2234 709 2459 765 debent.

448 802 715 867 secundm
745 802 1072 857 auctoritate
1095 800 1433 874 Hieronymi,
1463 800 1515 855 in
1543 800 1703 873 epist.
1740 800 1805 855 ad
1838 799 2118 870 Riparium
2146 805 2200 854 et
2226 798 2463 854 Deside-

451 892 593 946 rium
625 890 833 946 Contra
869 889 1242 961 Viyilantium,
1272 896 1326 944 et
1355 889 1587 944 habetur
1616 903 1737 952 xvi,
1774 894 1966 961 quaest.
2002 888 2073 941 i:
2108 908 2133 939 α
2160 886 2461 943 Monachus

451 994 558 1033 non
587 980 827 1033 doctoris
863 978 1046 1039 habet,
1089 978 1182 1033 sed
1233 977 1539 1051 plangentis
1580 974 1837 1032 officium.
1876 995 1901 1026 >³
1932 974 1999 1031 Et
2031 991 2132 1043 vu,
2165 980 2363 1047 quaest.
2404 976 2457 1042 l,

455 1082 575 1139 cap.
617 1068 725 1122 Hoc
759 1082 1106 1138 nequaquam,
1150 1068 1350 1122 dicitur
1404 1084 1415 1121 :
1451 1084 1476 1118 c<
1518 1065 1903 1121 Monachorum
1945 1065 2059 1120 vita
2106 1064 2461 1136 subjectionis

455 1155 624 1211 habet
659 1154 884 1209 verbum
927 1163 980 1209 et
1023 1155 1401 1227 disciplinatus
1430 1168 1535 1209 nou
1576 1153 1825 1219 docendi,
1859 1152 1948 1208 vel
1988 1152 2337 1225 praesidendi,
2378 1150 2461 1208 vel

456 1244 712 1317 pascendi
744 1252 804 1300 et
841 1244 997 1311 alica,
1033 1262 1060 1294 n
1090 1249 1146 1297 et
1177 1246 1252 1298 ita
1284 1258 1408 1298 cum
1432 1243 1678 1299 canonici
1711 1241 1987 1314 regulares
2016 1250 2072 1297 et
2096 1241 2189 1297 alii
2220 1240 2458 1312 religiosi

458 1332 843 1387 monachorum
877 1334 1002 1404 jure
1043 1338 1386 1399 censeantur,
1429 1339 1491 1387 ut
1527 1332 1728 1388 dicitur
1766 1340 1941 1399 extra,
1983 1330 2051 1386 de
2078 1330 2405 1404 postulando
2442 1346 2456 1385 ε

457 1421 538 1477 Ex
563 1428 735 1493 parte,
758 1431 812 1477 et
830 1421 897 1477 de
921 1427 1068 1476 statu
1089 1420 1478 1475 monachorum
1506 1437 1519 1475 ε
1547 1440 1573 1474 α
1596 1418 1752 1491 Quod
1776 1420 1871 1477 Dei
1896 1420 2057 1477 timor
2075 1437 2091 1492 ς
2112 1420 2454 1492 relinquitur,

452 1497 602 1583 =quod
627 1510 759 1565 nulli
790 1510 1041 1581 religioso
1071 1509 1266 1565 docere
1295 1510 1476 1565 liceat.
1516 1529 1541 1562 n

435 1590 439 1595 ’
527 1605 599 1656 Αι
633 1600 774 1655 idem
809 1600 1036 1666 addunt,
1074 1600 1217 1672 quod
1246 1600 1442 1656 docere
1471 1607 1555 1655 est
1593 1608 1782 1654 contra
1813 1598 2089 1670 religionis
2115 1606 2324 1665 votum,
2367 1614 2461 1670 per

457 1696 647 1747 votum
685 1690 829 1743 'enim
869 1689 1143 1759 religionis
1183 1688 1382 1743 mundo
1412 1688 1847 1743 abrenuntiatur.
1880 1686 2053 1743 Omne
2094 1694 2277 1743 autem
2317 1684 2461 1758 quod

463 1784 545 1831 est
574 1778 624 1830 in
649 1777 870 1841 mundo,
901 1784 982 1830 est
1016 1778 1458 1848 concupiscentia
1488 1776 1686 1843 carniS,
1718 1776 2156 1847 concupiscentia
2182 1775 2461 1831 oculorum

464 1872 519 1919 et
558 1865 809 1935 superbia
847 1864 995 1928 vitae,
1034 1880 1130 1935 per
1169 1877 1293 1935 quae
1331 1864 1435 1919 tria
1465 1862 1793 1935 intelligunt,
1837 1865 2075 1930 divitiae,
2123 1862 2367 1929 deliciae,
2408 1870 2461 1917 et

461 1948 694 2005 honores
721 1968 733 2003 ε
764 1949 1132 2020 magisterium
1167 1960 1348 2005 autem
1377 1951 1633 2005 bonorem
1661 1968 1779 2006 esse
1812 1952 2019 2015 dicunt,
2062 1950 2206 2023 quod
2232 1950 2462 2022 probant

463 2055 561 2111 per
589 2039 841 2095 Glossam
870 2048 994 2112 quae
1019 2038 1154 2093 dicit
1175 2037 1370 2093 Matth.
1400 2055 1478 2109 xv,
1508 2052 1669 2112 super
1698 2039 1827 2095 illud
1860 2058 1871 2093 ε
1896 2040 2098 2096 Statuit
2126 2040 2272 2095 {llum
2299 2054 2465 2111 supra

459 2127 844 2199 pinnacu'lum3
889 2147 916 2179 ε(
960 2128 1018 2182 In
1065 2124 1375 2195 Palaestina,
1424 2128 1583 2201 plana
1622 2128 1855 2201 desuper
1892 2138 2046 2185 erant
2086 2135 2251 2195 tecta,
2292 2137 2348 2183 et
2388 2127 2465 2182 ibi

467 2226 585 2273 erat
606 2217 768 2271 sedes
795 2218 1097 2284 doctorum,
1131 2218 1269 2273 ande
1296 2219 1492 2291 populo
1519 2218 1888 2291 loquerentur,
1920 2218 2008 2273 ubi
2033 2220 2237 2275 multos
2264 2218 2468 2291 decipit

467 2306 714 2361 diabolus
737 2321 877 2363 vana
910 2306 1102 2377 gloria,
1132 2307 1334 2362 honore
1367 2308 1668 2389 magisterii
1701 2306 1914 2364 inflatos
1947 2324 1960 2362 :
2000 2326 2025 2360 ›>
2060 2307 2205 2363 unde
2239 2306 2468 2362 conclu-

469 2394 621 2459 dunt,
653 2395 796 2467 quod
825 2396 1020 2452 docere
1049 2402 1131 2451 est
1161 2403 1348 2452 contra
1380 2395 1655 2467 religionis
1683 2404 1893 2452 votum.

535 2482 691 2539 Item.
706 2484 961 2557 Religiosi
979 2491 1232 2542 tenentur
1243 2486 1308 2539 ad
1325 2484 1620 2557 perfect-am
1634 2483 2018 2551 humilitatem,
2034 2482 2175 2539 sicut
2188 2484 2253 2539 ad
2270 2482 2471 2555 perl'ec-

470 2582 580 2629 tam
596 2581 990 2645 paupertatem,
1011 2574 1199 2629 sedita
1221 2579 1473 2628 tenentur
1496 2573 1561 2628 ad
1579 2572 1876 2645 perfectam
1898 2582 2294 2645 paupertatem,
2320 2574 2469 2646 quod

467 2675 576 2714 non
603 2660 728 2715 licet
763 2678 854 2716 eos
881 2661 1086 2733 aliquid
1121 2661 1398 2733 proprium
1429 2662 1729 2731 possidere.
1754 2662 1897 2733 Ergo
1919 2660 2118 2717 debent
2136 2662 2472 2737 ‘ita-humili-

469 2754 638 2803 tatem
667 2764 884 2804 servare
921 2750 1067 2820 quod
1096 2748 1241 2804 nul-lo
1269 2748 1472 2805 honore
1500 2750 1779 2822 potiuntur
1815 2767 1830 2804 t
1868 2751 2243 2821 magisterium
2281 2762 2468 2807 autem

469 2843 551 2891 est
571 2834 758 2903 honor,
790 2845 848 2891 ut
876 2837 1162 2909 probatum
1188 2844 1289 2892 est.
1322 2838 1459 2909 Ergo
1487 2826 1858 2909 magisterium
1884 2847 1967 2894 est
1991 2839 2097 2894 illis
2120 2840 2395 2895 illicitum.

537 2913 1016 2998 Item.‚l)ionysius
1051 2942 1108 2992 v,
1133 2940 1261 2999 cap.
1295 2927 1491 2983 Εσσὲεε.
1522 2926 1815 2993 hierarch„
1852 2928 2142 2999 distinguit
2178 2938 2467 3002 utramque

465 3010 824 3068 hierarchiam
863 3016 916 3069 in
959 3014 1080 3082 tria,
1122 3015 1328 3072 scilicet
1366 3018 1421 3071 in
1463 3030 1647 3072 sacras
1673 3018 1936 3085 >acti-ones
1974 3025 2035 3073 -ει
2066 3019 2119 3071 in
2162 3020 2468 3073 communi-

467 3111 654 3159 cantes
695 3118 808 3172 eas,
846 3112 904 3159 >et
941 3104 996 3159 in
1037 3119 1130 3159 eos
1171 3106 1261 3177 qui
1285 3122 1386 3161 -eas
1423 3112 1637 3160 >tantum
1668 3105 1954 3177 recipiunt.
1988 3106 2245 3161 Actiones
2281 3114 2466 3162 autem

467 3208 650 3249 sacras
685 3192 881 3248 dividit
912 3193 962 3246 in
996 3192 1098 3248 tria
1137 3193 1192 3247 in
1233 3194 1425 3248 eodem
1455 3206 1576 3267 cap.
1624 3194 1834 3250 scilicet
1868 3194 1925 3248 i'n
1961 3205 2275 3266 purganteS,
2320 3197 2467 3269 quod

467 3290 548 3337 est
581 3282 964 3349 diaconoru·m;
1000 3282 1050 3336 in
1082 3281 1467 3347 illuminantes,
1512 3284 1659 3355 quod
1694 3291 1775 3339 est
1804 3284 2187 3353 sacerdotum;
2217 3286 2267 3338 in
2298 3286 2470 3357 perfi-

466 3372 688 3438 cientes,
717 3372 860 3443 quod
891 3380 974 3425 est
993 3371 1405 3443 Episcoperum.
1437 3372 1778 3443 Recipientes
1794 3372 1966 3427 etiam
1986 3373 2199 3428 divinas
2224 3375 2467 3429 actiones

467 3461 657 3516 dividit
684 3462 734 3515 in
769 3462 892 3515 tria.
925 3462 982 3515 In
1013 3476 1047 3514 v
1072 3476 1192 3532 cap.
1224 3462 1433 3517 scilicet
1461 3462 1511 3515 in
1544 3462 1866 3526 immundOS,
1908 3463 1999 3533 qui
2043 3472 2341 3533 purgantur
2366 3478 2471 3535 per

467 3550 720 3605 diaconos
754 3568 765 3603 :
803 3551 863 3603 ‘in
902 3565 1118 3605 sacrum
1161 3550 1435 3621 populum,
1470 3552 1561 3623 qui
1604 3551 1941 3605 illuminatur
1971 3568 2064 3620 per
2102 3552 2415 3605 sacerdotes
2450 3570 2463 3606 ε

466 3636 520 3692 in
559 3640 862 3704 monacliOS,
891 3641 982 3711 qui
1015 3646 1140 3693 sunt
1169 3639 1378 3694 altioris
1403 3641 1623 3710 gradus,
1658 3641 1747 3711 qui
1782 3640 2131 3709 perficiuntur
2174 3658 2271 3713 per
2306 3640 2469 3707 Epis-

465 3737 629 3794 copos
657 3740 670 3777 ι
701 3740 828 3793 ergo
859 3732 1008 3793 patet
1037 3726 1180 3799 quod
1211 3726 1593 3781 monachorum
1618 3742 1729 3781 non
1764 3735 1849 3783 est
1875 3743 2028 3782 sacra
2061 3727 2181 3782 aliis
2218 3744 2469 3782 commu-

463 3812 666 3869 nicare,
707 3812 800 3863 sed
841 3810 910 3864 ab
939 3812 1060 3865 aliis
1098 3814 1339 3882 recipere
1371 3832 1384 3866 t
1431 3815 1524 3869 sod
1555 3816 1884 3885 quicumque
1918 3816 2095 3880 docet,
2143 3832 2299 3872 sacra
2346 3816 2467 3872 aliis

465 3899 830 3957 communicat
857 3914 871 3951 t
902 3913 1029 3969 ergo
1059 3901 1354 3954 monachus
1383 3916 1486 3955 non
1513 3902 1673 3957 debet
1700 3902 1915 3959 docere.
