2784 4392
553 310 684 355 x1v.
717 322 798 339 -—
823 309 1063 355 con-rm
1103 308 1316 356 mene.
1363 307 1466 351 mu
1508 306 1681 354 cum.
1726 304 1803 353 m·
1842 304 2046 350 Reme.
2186 278 2305 349 119

299 444 327 479 α
357 424 678 498 Exemplum
725 425 988 498 operandi
1031 426 1197 482 etiam
1239 424 1523 497 Episcopis
1564 424 1893 495 estsignum
1944 439 2052 495 quo
2090 421 2336 478 discer-·

293 523 498 571 nuntur
530 531 561 572 a
592 515 751 587 lupis.
789 534 813 566 n
844 516 986 587 Ergo
1016 514 1186 569 multo
1214 515 1387 584 magis
1414 514 1487 568 illi
1516 513 1609 585 qui
1636 512 2028 584 Episcoporum
2060 510 2301 568 officium

295 588 550 659 exercent
577 603 942 675 praedicando,
973 602 1172 660 debent
1201 602 1454 659 mauibus
1485 602 1753 658 laborare.

365 694 520 747 Item.
550 694 914 766 Hieronymus
941 692 1076 748 dicit
1116 693 1183 748 ad
1232 692 1519 756 Rusticum
1560 690 1881 747 monachum
1909 706 1922 744 ε
1953 710 1979 741 «
2010 691 2303 763 AEgyptio-

296 796 414 835 rum
447 782 778 837 monasteria
819 781 962 837 hune
1004 796 1208 836 morem
1255 788 1461 846 tenent,
1491 788 1549 835 ut
1582 778 1789 835 nullum
1830 780 2034 851 absque
2058 795 2221 853 opere
2246 785 2303 834 et

296 868 476 923 labore
505 869 826 940 suscipiant,
866 884 971 923 uon
998 877 1108 924 tam
1131 875 1349 941 propter
1379 868 1559 924 victus
1585 867 1909 933 necessaria,
1935 882 2101 939 quam
2131 882 2301 939 prop-

296 965 378 1014 ter
404 958 600 1013 animae
623 957 873 1023 salutem,
906 973 972 1012 ne
1010 966 1240 1028 vagetur
1265 957 1586 1032 perniciosis
1620 956 2061 1027 cogitationibus.
2100 974 2125 1007 n
2156 956 2297 1026 Ergo

295 1048 591 1119 requiritur
611 1048 677 1102 ad
711 1048 943 1103 salutem
970 1049 1274 1104 animarum
1305 1048 1359 1103 in
1394 1046 1683 1118 religiosiS‚
1713 1046 1855 1120 quod
1886 1045 2137 1101 manibus
2164 1061 2300 1118 ope·-
2343 1056 2353 1068 ·

296 1142 504 1190 rentur.

368 1224 520 1279 item.
546 1224 799 1295 Religiosi
824 1240 1036 1295 semper
1063 1225 1260 1280 debent
1292 1226 1358 1281 ad
1391 1226 1695 1298 profectum
1724 1224 2062 1296 spiritualem
2087 1224 2295 1287 conari,

294 1313 590 1368 seeundum
623 1312 750 1369 illud
783 1314 804 1369 1
831 1314 898 1369 ad
931 1314 1136 1370 Corint.
1163 1329 1274 1383 xn,
1307 1316 1363 1369 3=l
1410 1333 1420 1368 :
1449 1312 1807 1369 AEmulamini
1832 1312 2156 1368 charismata
2182 1328 2297 1367 me-

197 1400 202 1407 '
295 1402 454 1457 liora.
485 1402 590 1458 Sed
621 1402 918 1458 sicutdicit
950 1402 1342 1473 Augustininus
1371 1404 1423 1457 in
1458 1402 1549 1457 lib.
1575 1402 1653 1457 De
1682 1417 1833 1473 opere
1870 1402 2242 1457 monachorum
2277 1415 2297 1460 τ

296 1491 552 1562 Religiosi
601 1491 692 1563 qui
734 1506 843 1547 non
899 1498 1195 1562 operantur
1240 1490 1505 1554 manime,
1547 1490 1666 1547 illos
1714 1491 1808 1562 qui
1850 1495 2163 1561 operantur,
2194 1488 2296 1544 sibi

297 1580 702 1653 anteponendos
740 1596 857 1636 esse
903 1596 1006 1635 non
1059 1580 1328 1635 dubitent.
1375 1600 1401 1631 ›>
1445 1581 1511 1635 Et
1559 1584 1681 1635 Act.
1742 1595 1843 1643 xx,
1900 1595 2061 1650 super
2120 1579 2249 1633 illud
2287 1594 2299 1633 ε

296 1668 517 1725 Beatius
544 1674 616 1723 est
639 1667 806 1739 muyis
829 1667 960 1723 dare
984 1684 1140 1739 quam
1163 1666 1419 1739 accipere,
1438 1668 1573 1722 dicit
1600 1667 1825 1723 Glossa:
1849 1686 1874 1717 «
1910 1662 2033 1720 Illos
2064 1664 2299 1721 maxime

297 1759 583 1829 glorificat,
615 1758 706 1831 qui
734 1758 946 1813 cunctis
981 1773 1104 1830 quae
1136 1758 1412 1829 possident
1442 1758 1495 1812 in
1524 1762 1695 1812 semet
1726 1755 2118 1820 renuntianteS‚
2155 1754 2299 1809 nihi·-

297 1847 528 1902 lominus
585 1847 858 1919 operando
913 1853 972 1901 ut
1013 1844 1247 1901 habeant
1287 1846 1427 1901 unde
1478 1845 1718 1901 tribuant
1758 1844 2143 1900 necessitatem
2196 1859 2299 1914 pa·-

286 1938 474 1991 tienti.
496 1955 519 1986 »
552 1936 721 2007 Igitur
751 1950 936 1991 omnes
966 1933 1204 2005 religiosi
1234 1934 1301 1991 ad
1332 1934 1433 1991 hoc
1458 1935 1655 2007 debent
1686 1933 1927 1999 tendere,
1963 1938 2021 1987 ut
2044 1932 2297 1989 manibus

296 2030 608 2097 operentur.
1416 2021 1423 2026 “

367 2118 521 2171 Item.
551 2115 884 2185 Augustinus
909 2113 963 2168 in
989 2112 1182 2168 eodem
1209 2112 1364 2179 libr0,
1402 2112 1683 2185 religiosos
1711 2128 1815 2167 non
1840 2118 2131 2185 operantes
2160 2126 2300 2167 con-

300 2214 544 2261 tumaces
585 2194 859 2268 nominat,
911 2201 1146 2257 subdens
1195 2204 1491 2273 praemissis
1539 2201 1717 2256 verbis
1753 2218 1765 2255 ε
1815 2220 1845 2252 «-
1875 2188 2127 2257 Cete'rum
2168 2202 2293 2272 quis

297 2293 435 2349 serat
458 2293 704 2347 homiues
731 2298 1082 2347 contumaces
1109 2290 1483 2346 saluberrimis
1512 2290 1755 2361 Apostoli
1789 2290 2009 2346 monitis
2034 2290 2299 2346 resisten-

299 2392 412 2449 teS‚·
451 2398 554 2437 nou
601 2383 744 2437 sicut
785 2381 1108 2436 infirmiores
1153 2380 1391 2445 tolerari,
1438 2380 1531 2433 sed
1580 2382 1729 2435 sicut·
1765 2380 2068 2434 sanctiores
2115 2380 2288 2443 etiam

297 2470 622 2543 praedicari‘?
643 2490 668 2521 2>
688 2470 790 2525 Sed
818 2469 1164 2529 contumacia
1191 2475 1273 2522 est
1297 2473 1585 2540 peccatum
1605 2466 1854 2533 mortale,
1876 2467 2010 2528 alias
2029 2484 2127 2540 pro
2158 2483 2299 2523 con-

297 2561 534 2615 tumacia
579 2558 757 2613 nullus
805 2557 1388 2613 excommunicaretur.
1446 2556 1585 2627 Ergo
1632 2556 1749 2621 sibe
1794 2555 2033 2627 periculo
2076 2557 2295 2628 peccati

299 2648 545 2704 mortalis
583 2647 818 2716 religiosi
851 2662 957 2701 non
987 2652 1210 2717 possunt
1239 2638 1516 2700 dimittere
1546 2644 1677 2717 quin
1708 2643 1958 2701 manibus
1982 2649 2300 2717 operentur.

365 2738 522 2791 Item.
555 2736 608 2791 Si
635 2734 874 2805 religiosi
899 2739 1225 2803 excusantur
1252 2749 1280 2787 a
1309 2731 1493 2796 labore
1526 2743 1802 2796 manuum,
1835 2732 2068 2787 maxime
2097 2731 2299 2789 viden-

297 2834 384 2882 tur
413 2825 663 2885 excusari
691 2830 910 2894 propter
939 2822 1040 2877 hoo
1070 2822 1214 2895 quod
1245 2830 1443 2877 vacant
1474 2822 1714 2893 psalmis,
1760 2822 2116 2887 orationibuS,
2153 2838 2299 2894 prae-

295 2912 662 2969 dicationibus
681 2917 736 2965 et
764 2910 1085 2965 lectionibus
1118 2927 1130 2963 ε
1158 2909 1252 2964 sed
1282 2915 1503 2981 propter
1528 2911 1634 2964 ista
1660 2926 1764 2964 non
1795 2910 2299 2981 excusantur.Ergo

297 3002 513 3057 omnino
566 2999 815 3055 laborare
863 3004 1132 3053 tenentur.
1159 2998 1336 3056 Media
1384 2997 1645 3069 probatur
1682 3014 1781 3069 per
1824 2998 1925 3057 hoe
1972 2998 2119 3071 quod
2164 3000 2299 3055 dicit

296 3090 632 3162 Augustinus
656 3090 710 3142 ’m
742 3088 877 3149 libro
903 3088 982 3142 De
1003 3104 1158 3158 opere
1182 3087 1555 3141 monachorum
1582 3104 1599 3142 .·
1630 3108 1653 3138 α
1682 3080 1821 3155 Quid
1854 3096 2016 3159 agant
2047 3087 2139 3159 qui
2171 3102 2303 3159 ope-

298 3180 402 3235 rari
431 3176 787 3251 corporaliter
816 3176 1025 3242 nolunt,
1059 3177 1144 3231 cui
1177 3178 1252 3231 rei
1293 3182 1488 3241 vacent
1537 3176 1676 3235 scire
1713 3175 1985 3231 desidero.
2018 3176 2303 3231 Orationi-

295 3266 415 3337 bus,
446 3268 718 3339 inquiunt,
751 3272 806 3321 et
837 3266 1077 3337 psalmis,
1115 3272 1170 3320 et
1200 3264 1438 3330 lectioni,
1468 3272 1523 3319 et
1565 3264 1729 3320 verbo
1758 3265 1877 3319 Dei.
1915 3284 1940 3318 n
1973 3264 2039 3319 Et
2081 3262 2296 3333 singula

295 3356 527 3411 istorum
569 3366 871 3422 removens,
904 3354 1036 3409 dicit
1077 3354 1250 3425 primo
1302 3353 1369 3407 de
1414 3354 1659 3407 oratione
1688 3339 1761 3407 ζα
1792 3352 1973 3408 Citius
2012 3350 2302 3407 exaudit-ur
2334 3405 2342 3412 ,

297 3462 406 3503 una
431 3443 736 3501 obedientis
763 3444 960 3503 oratio,
996 3458 1160 3514 quam
1190 3443 1376 3497 decem
1410 3442 1573 3495 millia
1602 3441 1993 3512 contemptoris
2022 3460 2046 3490 ιι
2068 3441 2299 3497 innuens

297 3535 416 3589 illos
456 3548 581 3588 esse
627 3537 1030 3603 contemptores
1069 3537 1126 3585 et
1167 3530 1416 3599 indignos
1464 3528 1729 3594 exaudiri,
1763 3530 1855 3600 qui
1898 3527 2148 3582 mnibus
2189 3544 2298 3586 non

296 3630 609 3696 operantur.
654 3620 904 3680 Secundo
947 3626 1211 3691 quantum
1255 3618 1328 3672 ad
1366 3627 1623 3672 vacantes
1652 3615 1853 3672 divinis
1892 3616 2302 3682 canticiS,sul³-

289 3712 471 3782 jungit
497 3728 508 3763 :
545 3732 570 3761 υ.
605 3710 830 3767 Cantica
859 3714 1086 3766 cantare
1114 3705 1297 3763 divina
1328 3707 1493 3761 etiam
1542 3704 1791 3768 manibus
1812 3714 2107 3778 operantes
2140 3705 2299 3762 facile

296 3811 521 3872 possunt
553 3815 566 3853 z
605 3820 630 3851 n
653 3808 708 3855 et
739 3798 875 3854 infra
906 3815 917 3851 :
949 3796 1088 3867 Quid
1119 3796 1499 3867 ergoimpedit
1524 3810 1743 3861 servum
1766 3796 1862 3851 Dei
1888 3794 2137 3868 manibus
2164 3813 2303 3869 ope-

294 3895 507 3945 rentem
533 3890 590 3945 in
609 3888 732 3960 lege
762 3886 978 3945 Domini
1011 3884 1283 3981 meditari,
1316 3892 1372 3943 et
1400 3884 1629 3960 psallere
1655 3886 1857 3950 nonunt
1897 3886 2112 3947 Domini
2137 3885 2299 3968 altis:-

679 4022 702 4053 Ο
