<?xml version="1.0" encoding="UTF-8"?>
<!DOCTYPE html PUBLIC "-//W3C//DTD XHTML 1.0 Transitional//EN"
    "http://www.w3.org/TR/xhtml1/DTD/xhtml1-transitional.dtd">
<html xmlns="http://www.w3.org/1999/xhtml" xml:lang="en" lang="en">
 <head>
  <title>
</title>
<meta http-equiv="Content-Type" content="text/html;charset=utf-8" />
  <meta name='ocr-system' content='tesseract 3.04.00' />
  <meta name='ocr-capabilities' content='ocr_page ocr_carea ocr_par ocr_line ocrx_word'/>
</head>
<body>
  <div class='ocr_page' id='page_1' title='image "./sthomaquinatisd01thomgoog_0270.png"; bbox 0 0 2784 4392; ppageno 0'>
   <div class='ocr_carea' id='block_1_1' title="bbox 420 195 1952 292">
    <p class='ocr_par' dir='ltr' id='par_1_1' title="bbox 420 195 1952 292">
     <span class='ocr_line' id='line_1_1' title="bbox 420 195 1952 292; baseline -0.003 -14"><span class='ocrx_word' id='word_1_1' title='bbox 420 195 547 278; x_wconf 68' lang='lat'>‘258</span> <span class='ocrx_word' id='word_1_2' title='bbox 858 221 958 292; x_wconf 68' lang='lat' dir='ltr'>fe.</span> <span class='ocrx_word' id='word_1_3' title='bbox 998 215 1234 278; x_wconf 65' lang='lat' dir='ltr'>&#39;ranam</span> <span class='ocrx_word' id='word_1_4' title='bbox 1271 205 1601 284; x_wconf 68' lang='lat' dir='ltr'>Aoumu&#39;xs</span> <span class='ocrx_word' id='word_1_5' title='bbox 1641 199 1952 276; x_wconf 69' lang='lat' dir='ltr'>oruseu&#39;rjt</span> 
     </span>
    </p>
   </div>
   <div class='ocr_carea' id='block_1_2' title="bbox 426 329 2446 496">
    <p class='ocr_par' dir='ltr' id='par_1_2' title="bbox 426 329 2446 496">
     <span class='ocr_line' id='line_1_2' title="bbox 429 329 2446 420; baseline -0.001 -16"><span class='ocrx_word' id='word_1_6' title='bbox 429 343 579 404; x_wconf 77' lang='lat' dir='ltr'>unde</span> <span class='ocrx_word' id='word_1_7' title='bbox 614 348 867 408; x_wconf 77' lang='lat' dir='ltr'>Salomon</span> <span class='ocrx_word' id='word_1_8' title='bbox 897 351 951 406; x_wconf 90' lang='lat' dir='ltr'>in</span> <span class='ocrx_word' id='word_1_9' title='bbox 980 329 1147 409; x_wconf 48' lang='lat' dir='ltr'>Eool(</span> <span class='ocrx_word' id='word_1_10' title='bbox 1170 367 1224 420; x_wconf 87' lang='lat' dir='ltr'>v,</span> <span class='ocrx_word' id='word_1_11' title='bbox 1270 353 1303 410; x_wconf 84' lang='lat'>8</span> <span class='ocrx_word' id='word_1_12' title='bbox 1330 349 1512 408; x_wconf 75' lang='lat' dir='ltr'>dicit-x</span> <span class='ocrx_word' id='word_1_13' title='bbox 1557 347 1830 408; x_wconf 70' lang='lat' dir='ltr'><strong><em>Universae</em></strong></span> <span class='ocrx_word' id='word_1_14' title='bbox 1873 353 2036 405; x_wconf 79' lang='lat' dir='ltr'>terrae</span> <span class='ocrx_word' id='word_1_15' title='bbox 2071 359 2172 402; x_wconf 78' lang='lat' dir='ltr'>rex</span> <span class='ocrx_word' id='word_1_16' title='bbox 2205 341 2446 418; x_wconf 71' lang='lat' dir='ltr'>imperat</span> 
     </span>
     <span class='ocr_line' id='line_1_3' title="bbox 426 438 705 496; baseline 0.007 -2"><span class='ocrx_word' id='word_1_17' title='bbox 426 438 705 496; x_wconf 67' lang='lat' dir='ltr'>servienti.</span> 
     </span>
    </p>
   </div>
   <div class='ocr_carea' id='block_1_3' title="bbox 1226 618 1644 690">
    <p class='ocr_par' dir='ltr' id='par_1_3' title="bbox 1226 618 1644 690">
     <span class='ocr_line' id='line_1_4' title="bbox 1226 618 1644 690; baseline -0.012 -1"><span class='ocrx_word' id='word_1_18' title='bbox 1226 619 1512 690; x_wconf 87' lang='lat' dir='ltr'><strong>CAPUT</strong></span> <span class='ocrx_word' id='word_1_19' title='bbox 1557 618 1644 688; x_wconf 92' lang='grc' dir='ltr'>Π.</span> 
     </span>
    </p>
   </div>
   <div class='ocr_carea' id='block_1_4' title="bbox 442 746 2444 924">
    <p class='ocr_par' dir='ltr' id='par_1_4' title="bbox 442 746 2444 924">
     <span class='ocr_line' id='line_1_5' title="bbox 442 746 2444 830; baseline -0.004 -12"><span class='ocrx_word' id='word_1_20' title='bbox 442 751 619 830; x_wconf 74' lang='lat' dir='ltr'>Quod</span> <span class='ocrx_word' id='word_1_21' title='bbox 664 749 887 820; x_wconf 72' lang='lat' dir='ltr'>utilius</span> <span class='ocrx_word' id='word_1_22' title='bbox 932 755 1020 818; x_wconf 74' lang='lat' dir='ltr'>esc</span> <span class='ocrx_word' id='word_1_23' title='bbox 1056 751 1510 817; x_wconf 55' lang='lat' dir='ltr'>multitudinem</span> <span class='ocrx_word' id='word_1_24' title='bbox 1551 749 1856 813; x_wconf 62' lang='lat' dir='ltr'>hommem</span> <span class='ocrx_word' id='word_1_25' title='bbox 1895 747 2082 812; x_wconf 75' lang='lat' dir='ltr'>simul</span> <span class='ocrx_word' id='word_1_26' title='bbox 2108 746 2444 812; x_wconf 68' lang='lat' dir='ltr'>viventium</span> 
     </span>
     <span class='ocr_line' id='line_1_6' title="bbox 891 838 1969 924; baseline -0.002 -22"><span class='ocrx_word' id='word_1_27' title='bbox 891 841 1026 924; x_wconf 63' lang='lat' dir='ltr'>reat</span> <span class='ocrx_word' id='word_1_28' title='bbox 1047 859 1161 922; x_wconf 77' lang='lat' dir='ltr'>per</span> <span class='ocrx_word' id='word_1_29' title='bbox 1182 859 1373 907; x_wconf 71' lang='lat' dir='ltr'>unum</span> <span class='ocrx_word' id='word_1_30' title='bbox 1400 857 1584 922; x_wconf 75' lang='lat' dir='ltr'>quam</span> <span class='ocrx_word' id='word_1_31' title='bbox 1599 855 1714 920; x_wconf 74' lang='lat' dir='ltr'>per</span> <span class='ocrx_word' id='word_1_32' title='bbox 1740 838 1969 920; x_wconf 70' lang='lat' dir='ltr'>plures.</span> 
     </span>
    </p>
   </div>
   <div class='ocr_carea' id='block_1_5' title="bbox 338 967 2446 3806">
    <p class='ocr_par' dir='ltr' id='par_1_5' title="bbox 429 967 2439 1224">
     <span class='ocr_line' id='line_1_7' title="bbox 500 967 2439 1048; baseline -0.003 -19"><span class='ocrx_word' id='word_1_33' title='bbox 500 971 599 1030; x_wconf 82' lang='lat' dir='ltr'>His</span> <span class='ocrx_word' id='word_1_34' title='bbox 638 981 824 1030; x_wconf 83' lang='lat' dir='ltr'>autem</span> <span class='ocrx_word' id='word_1_35' title='bbox 862 973 1164 1047; x_wconf 70' lang='lat' dir='ltr'>praemissis</span> <span class='ocrx_word' id='word_1_36' title='bbox 1210 973 1494 1048; x_wconf 84' lang='lat' dir='ltr'>requirere</span> <span class='ocrx_word' id='word_1_37' title='bbox 1535 977 1786 1046; x_wconf 80' lang='lat' dir='ltr'>oportet,</span> <span class='ocrx_word' id='word_1_38' title='bbox 1837 970 1968 1045; x_wconf 88' lang='lat' dir='ltr'>quid</span> <span class='ocrx_word' id='word_1_39' title='bbox 2016 967 2312 1046; x_wconf 82' lang='lat' dir='ltr'>provinciae</span> <span class='ocrx_word' id='word_1_40' title='bbox 2353 967 2439 1026; x_wconf 79' lang='lat' dir='ltr'>vol</span> 
     </span>
     <span class='ocr_line' id='line_1_8' title="bbox 432 1059 2438 1140; baseline -0.003 -22"><span class='ocrx_word' id='word_1_41' title='bbox 432 1063 645 1119; x_wconf 83' lang='lat' dir='ltr'>civitati</span> <span class='ocrx_word' id='word_1_42' title='bbox 670 1063 845 1135; x_wconf 85' lang='lat' dir='ltr'>magis</span> <span class='ocrx_word' id='word_1_43' title='bbox 866 1064 1106 1140; x_wconf 81' lang='lat' dir='ltr'>expedit,</span> <span class='ocrx_word' id='word_1_44' title='bbox 1136 1071 1319 1120; x_wconf 90' lang='lat' dir='ltr'>utrum</span> <span class='ocrx_word' id='word_1_45' title='bbox 1344 1079 1376 1120; x_wconf 84' lang='lat' dir='ltr'>a</span> <span class='ocrx_word' id='word_1_46' title='bbox 1402 1061 1645 1136; x_wconf 80' lang='lat' dir='ltr'>pluribus</span> <span class='ocrx_word' id='word_1_47' title='bbox 1673 1060 1808 1136; x_wconf 84' lang='lat' dir='ltr'>regi,</span> <span class='ocrx_word' id='word_1_48' title='bbox 1841 1062 1927 1120; x_wconf 85' lang='lat' dir='ltr'>vel</span> <span class='ocrx_word' id='word_1_49' title='bbox 1953 1075 2080 1120; x_wconf 83' lang='lat' dir='ltr'>une.</span> <span class='ocrx_word' id='word_1_50' title='bbox 2112 1059 2228 1116; x_wconf 86' lang='lat' dir='ltr'>Hoc</span> <span class='ocrx_word' id='word_1_51' title='bbox 2253 1063 2438 1116; x_wconf 88' lang='lat' dir='ltr'>autem</span> 
     </span>
     <span class='ocr_line' id='line_1_9' title="bbox 429 1141 1882 1224; baseline -0.001 -16"><span class='ocrx_word' id='word_1_52' title='bbox 429 1151 765 1208; x_wconf 77' lang='lat' dir='ltr'>considerari</span> <span class='ocrx_word' id='word_1_53' title='bbox 792 1157 970 1223; x_wconf 85' lang='lat' dir='ltr'>potest</span> <span class='ocrx_word' id='word_1_54' title='bbox 998 1168 1065 1208; x_wconf 86' lang='lat' dir='ltr'>ex</span> <span class='ocrx_word' id='word_1_55' title='bbox 1088 1152 1207 1224; x_wconf 86' lang='lat' dir='ltr'>ipso</span> <span class='ocrx_word' id='word_1_56' title='bbox 1238 1152 1345 1208; x_wconf 87' lang='lat' dir='ltr'>fine</span> <span class='ocrx_word' id='word_1_57' title='bbox 1373 1151 1674 1224; x_wconf 81' lang='lat' dir='ltr'>regiminis.</span> <span class='ocrx_word' id='word_1_58' title='bbox 1840 1156 1846 1164; x_wconf 94' lang='grc'><em>“</em></span> <span class='ocrx_word' id='word_1_59' title='bbox 1875 1141 1882 1150; x_wconf 79' lang='grc'><strong><em>’</em></strong></span> 
     </span>
    </p>

    <p class='ocr_par' dir='ltr' id='par_1_6' title="bbox 392 1238 2446 2916">
     <span class='ocr_line' id='line_1_10' title="bbox 504 1238 2443 1314; baseline -0.002 -18"><span class='ocrx_word' id='word_1_60' title='bbox 504 1239 585 1296; x_wconf 84' lang='lat' dir='ltr'>Ad</span> <span class='ocrx_word' id='word_1_61' title='bbox 632 1241 735 1296; x_wconf 84' lang='lat' dir='ltr'>hoc</span> <span class='ocrx_word' id='word_1_62' title='bbox 776 1240 922 1296; x_wconf 80' lang='lat' dir='ltr'>enim</span> <span class='ocrx_word' id='word_1_63' title='bbox 960 1239 1250 1312; x_wconf 82' lang='lat' dir='ltr'>cujuslibet</span> <span class='ocrx_word' id='word_1_64' title='bbox 1288 1241 1531 1314; x_wconf 82' lang='lat' dir='ltr'>regentis</span> <span class='ocrx_word' id='word_1_65' title='bbox 1573 1240 1701 1296; x_wconf 79' lang='lat' dir='ltr'>ferri</span> <span class='ocrx_word' id='word_1_66' title='bbox 1743 1238 1906 1296; x_wconf 85' lang='lat' dir='ltr'>debet</span> <span class='ocrx_word' id='word_1_67' title='bbox 1948 1239 2181 1296; x_wconf 85' lang='lat' dir='ltr'>intentio</span> <span class='ocrx_word' id='word_1_68' title='bbox 2221 1243 2284 1294; x_wconf 86' lang='lat' dir='ltr'>ut</span> <span class='ocrx_word' id='word_1_69' title='bbox 2321 1238 2443 1312; x_wconf 86' lang='lat' dir='ltr'>ejus</span> 
     </span>
     <span class='ocr_line' id='line_1_11' title="bbox 434 1327 2441 1404; baseline -0 -22"><span class='ocrx_word' id='word_1_70' title='bbox 434 1328 579 1402; x_wconf 84' lang='lat' dir='ltr'>quod</span> <span class='ocrx_word' id='word_1_71' title='bbox 622 1327 921 1400; x_wconf 82' lang='lat' dir='ltr'>regendum</span> <span class='ocrx_word' id='word_1_72' title='bbox 956 1329 1215 1401; x_wconf 76' lang='lat' dir='ltr'><strong>suscepit,</strong></span> <span class='ocrx_word' id='word_1_73' title='bbox 1260 1327 1496 1386; x_wconf 82' lang='lat' dir='ltr'>salutem</span> <span class='ocrx_word' id='word_1_74' title='bbox 1535 1335 1814 1404; x_wconf 82' lang='lat' dir='ltr'>procuret.</span> <span class='ocrx_word' id='word_1_75' title='bbox 1859 1327 2255 1387; x_wconf 78' lang='lat' dir='ltr'>Gubernatoris</span> <span class='ocrx_word' id='word_1_76' title='bbox 2296 1327 2441 1382; x_wconf 87' lang='lat' dir='ltr'>enim</span> 
     </span>
     <span class='ocr_line' id='line_1_12' title="bbox 434 1414 2445 1492; baseline -0.001 -20"><span class='ocrx_word' id='word_1_77' title='bbox 434 1424 519 1473; x_wconf 82' lang='lat' dir='ltr'>est</span> <span class='ocrx_word' id='word_1_78' title='bbox 548 1433 741 1472; x_wconf 69' lang='lat' dir='ltr'>navem</span> <span class='ocrx_word' id='word_1_79' title='bbox 766 1424 960 1475; x_wconf 86' lang='lat' dir='ltr'>contra</span> <span class='ocrx_word' id='word_1_80' title='bbox 988 1417 1154 1475; x_wconf 82' lang='lat' dir='ltr'>maris</span> <span class='ocrx_word' id='word_1_81' title='bbox 1190 1417 1435 1492; x_wconf 81' lang='lat' dir='ltr'>pericula</span> <span class='ocrx_word' id='word_1_82' title='bbox 1463 1417 1752 1489; x_wconf 77' lang='lat' dir='ltr'>servande,</span> <span class='ocrx_word' id='word_1_83' title='bbox 1785 1417 2012 1476; x_wconf 84' lang='lat' dir='ltr'>illaesam</span> <span class='ocrx_word' id='word_1_84' title='bbox 2029 1416 2349 1492; x_wconf 75' lang='lat' dir='ltr'>,perducere</span> <span class='ocrx_word' id='word_1_85' title='bbox 2371 1414 2445 1470; x_wconf 86' lang='lat' dir='ltr'>ad</span> 
     </span>
     <span class='ocr_line' id='line_1_13' title="bbox 436 1503 2443 1579; baseline -0.001 -17"><span class='ocrx_word' id='word_1_86' title='bbox 436 1512 651 1579; x_wconf 89' lang='lat' dir='ltr'>portum</span> <span class='ocrx_word' id='word_1_87' title='bbox 686 1506 898 1564; x_wconf 85' lang='lat' dir='ltr'>salut-is.</span> <span class='ocrx_word' id='word_1_88' title='bbox 942 1506 1150 1564; x_wconf 79' lang='lat' dir='ltr'>Bonum</span> <span class='ocrx_word' id='word_1_89' title='bbox 1198 1515 1384 1564; x_wconf 86' lang='lat' dir='ltr'>autem</span> <span class='ocrx_word' id='word_1_90' title='bbox 1427 1513 1482 1564; x_wconf 87' lang='lat' dir='ltr'>et</span> <span class='ocrx_word' id='word_1_91' title='bbox 1525 1507 1674 1566; x_wconf 82' lang='lat' dir='ltr'>salus</span> <span class='ocrx_word' id='word_1_92' title='bbox 1703 1503 2034 1566; x_wconf 64' lang='lat' dir='ltr'>consociatae</span> <span class='ocrx_word' id='word_1_93' title='bbox 2075 1504 2443 1562; x_wconf 80' lang='lat' dir='ltr'>multitudinis</span> 
     </span>
     <span class='ocr_line' id='line_1_14' title="bbox 434 1596 2444 1672; baseline -0.001 -22"><span class='ocrx_word' id='word_1_94' title='bbox 434 1601 537 1662; x_wconf 88' lang='lat' dir='ltr'>est,</span> <span class='ocrx_word' id='word_1_95' title='bbox 569 1604 631 1653; x_wconf 79' lang='lat' dir='ltr'>ut</span> <span class='ocrx_word' id='word_1_96' title='bbox 660 1597 777 1668; x_wconf 85' lang='lat' dir='ltr'>ejus</span> <span class='ocrx_word' id='word_1_97' title='bbox 810 1596 993 1655; x_wconf 88' lang='lat' dir='ltr'>unitas</span> <span class='ocrx_word' id='word_1_98' title='bbox 1016 1603 1388 1668; x_wconf 83' lang='lat' dir='ltr'>conservetur,</span> <span class='ocrx_word' id='word_1_99' title='bbox 1417 1613 1543 1670; x_wconf 82' lang='lat' dir='ltr'>quae</span> <span class='ocrx_word' id='word_1_100' title='bbox 1585 1597 1786 1654; x_wconf 80' lang='lat' dir='ltr'>dicitur</span> <span class='ocrx_word' id='word_1_101' title='bbox 1813 1613 1939 1672; x_wconf 86' lang='lat' dir='ltr'><strong>pax,</strong></span> <span class='ocrx_word' id='word_1_102' title='bbox 1973 1611 2082 1670; x_wconf 86' lang='lat' dir='ltr'>qua</span> <span class='ocrx_word' id='word_1_103' title='bbox 2110 1602 2320 1652; x_wconf 88' lang='lat' dir='ltr'>remota</span> <span class='ocrx_word' id='word_1_104' title='bbox 2348 1609 2444 1650; x_wconf 89' lang='lat' dir='ltr'>so-</span> 
     </span>
     <span class='ocr_line' id='line_1_15' title="bbox 434 1673 2441 1759; baseline -0.001 -19"><span class='ocrx_word' id='word_1_105' title='bbox 434 1684 560 1740; x_wconf 77' lang='lat' dir='ltr'>ciali</span> <span class='ocrx_word' id='word_1_106' title='bbox 589 1684 719 1744; x_wconf 79' lang='lat' dir='ltr'>vitae</span> <span class='ocrx_word' id='word_1_107' title='bbox 748 1687 889 1758; x_wconf 83' lang='lat' dir='ltr'>perit</span> <span class='ocrx_word' id='word_1_108' title='bbox 917 1673 1145 1754; x_wconf 48' lang='lat' dir='ltr'>utilitaffi</span> <span class='ocrx_word' id='word_1_109' title='bbox 1172 1687 1477 1759; x_wconf 80' lang='lat' dir='ltr'>quinimmo</span> <span class='ocrx_word' id='word_1_110' title='bbox 1507 1685 1800 1742; x_wconf 86' lang='lat' dir='ltr'>multitudo</span> <span class='ocrx_word' id='word_1_111' title='bbox 1838 1685 2168 1741; x_wconf 84' lang='lat' dir='ltr'>dissentiens</span> <span class='ocrx_word' id='word_1_112' title='bbox 2204 1679 2310 1739; x_wconf 83' lang='lat' dir='ltr'>sibi</span> <span class='ocrx_word' id='word_1_113' title='bbox 2337 1682 2441 1756; x_wconf 89' lang='lat' dir='ltr'>ipsi</span> 
     </span>
     <span class='ocr_line' id='line_1_16' title="bbox 392 1771 2444 1850; baseline -0.001 -20"><span class='ocrx_word' id='word_1_114' title='bbox 392 1779 405 1800; x_wconf 77' lang='lat'>⁶</span> <span class='ocrx_word' id='word_1_115' title='bbox 434 1775 509 1830; x_wconf 84' lang='lat' dir='ltr'>sit</span> <span class='ocrx_word' id='word_1_116' title='bbox 532 1790 782 1832; x_wconf 80' lang='lat' dir='ltr'>onerosa.</span> <span class='ocrx_word' id='word_1_117' title='bbox 822 1775 939 1830; x_wconf 81' lang='lat' dir='ltr'>Hoc</span> <span class='ocrx_word' id='word_1_118' title='bbox 974 1775 1144 1848; x_wconf 85' lang='lat' dir='ltr'>igitur</span> <span class='ocrx_word' id='word_1_119' title='bbox 1167 1782 1250 1832; x_wconf 85' lang='lat' dir='ltr'>est</span> <span class='ocrx_word' id='word_1_120' title='bbox 1294 1777 1363 1832; x_wconf 85' lang='lat' dir='ltr'>ad</span> <span class='ocrx_word' id='word_1_121' title='bbox 1407 1775 1553 1850; x_wconf 90' lang='lat' dir='ltr'>quod</span> <span class='ocrx_word' id='word_1_122' title='bbox 1595 1771 2042 1832; x_wconf 58' lang='lat' dir='ltr'>maxime&#39;reotor</span> <span class='ocrx_word' id='word_1_123' title='bbox 2077 1771 2444 1830; x_wconf 86' lang='lat' dir='ltr'>multitudinis</span> 
     </span>
     <span class='ocr_line' id='line_1_17' title="bbox 434 1861 2443 1938; baseline -0 -20"><span class='ocrx_word' id='word_1_124' title='bbox 434 1863 717 1918; x_wconf 83' lang='lat' dir='ltr'>intendere</span> <span class='ocrx_word' id='word_1_125' title='bbox 754 1863 935 1930; x_wconf 80' lang='lat' dir='ltr'>debet,</span> <span class='ocrx_word' id='word_1_126' title='bbox 962 1869 1025 1918; x_wconf 88' lang='lat' dir='ltr'>ut</span> <span class='ocrx_word' id='word_1_127' title='bbox 1046 1865 1199 1938; x_wconf 83' lang='lat' dir='ltr'>pacis</span> <span class='ocrx_word' id='word_1_128' title='bbox 1242 1864 1511 1920; x_wconf 86' lang='lat' dir='ltr'>unitatem</span> <span class='ocrx_word' id='word_1_129' title='bbox 1541 1870 1815 1935; x_wconf 87' lang='lat' dir='ltr'>procuret.</span> <span class='ocrx_word' id='word_1_130' title='bbox 1838 1864 1968 1934; x_wconf 37' lang='lat' dir='ltr'>‚Neo</span> <span class='ocrx_word' id='word_1_131' title='bbox 1995 1869 2146 1931; x_wconf 85' lang='lat' dir='ltr'>recto</span> <span class='ocrx_word' id='word_1_132' title='bbox 2185 1861 2443 1918; x_wconf 87' lang='lat' dir='ltr'>consilia·</span> 
     </span>
     <span class='ocr_line' id='line_1_18' title="bbox 436 1949 2442 2025; baseline -0 -20"><span class='ocrx_word' id='word_1_133' title='bbox 436 1959 545 2019; x_wconf 84' lang='lat' dir='ltr'>tur,</span> <span class='ocrx_word' id='word_1_134' title='bbox 594 1967 665 2022; x_wconf 81' lang='lat' dir='ltr'>an</span> <span class='ocrx_word' id='word_1_135' title='bbox 704 1967 897 2025; x_wconf 83' lang='lat' dir='ltr'>pacem</span> <span class='ocrx_word' id='word_1_136' title='bbox 932 1951 1099 2008; x_wconf 81' lang='lat' dir='ltr'>faeiat</span> <span class='ocrx_word' id='word_1_137' title='bbox 1138 1952 1193 2006; x_wconf 90' lang='lat' dir='ltr'>in</span> <span class='ocrx_word' id='word_1_138' title='bbox 1226 1950 1578 2007; x_wconf 83' lang='lat' dir='ltr'>multitudine</span> <span class='ocrx_word' id='word_1_139' title='bbox 1623 1951 1724 2008; x_wconf 89' lang='lat' dir='ltr'>sibi</span> <span class='ocrx_word' id='word_1_140' title='bbox 1765 1951 2032 2024; x_wconf 76' lang='lat' dir='ltr'>subjecta,</span> <span class='ocrx_word' id='word_1_141' title='bbox 2075 1952 2220 2006; x_wconf 87' lang='lat' dir='ltr'>sicut</span> <span class='ocrx_word' id='word_1_142' title='bbox 2265 1949 2442 2005; x_wconf 88' lang='lat' dir='ltr'>medi-</span> 
     </span>
     <span class='ocr_line' id='line_1_19' title="bbox 435 2037 2442 2107; baseline -0.002 -11"><span class='ocrx_word' id='word_1_143' title='bbox 435 2055 556 2107; x_wconf 85' lang='lat' dir='ltr'>cus,</span> <span class='ocrx_word' id='word_1_144' title='bbox 594 2055 667 2094; x_wconf 81' lang='lat' dir='ltr'>nn</span> <span class='ocrx_word' id='word_1_145' title='bbox 694 2047 851 2096; x_wconf 87' lang='lat' dir='ltr'>sanet</span> <span class='ocrx_word' id='word_1_146' title='bbox 890 2039 1164 2096; x_wconf 83' lang='lat' dir='ltr'>infirmum</span> <span class='ocrx_word' id='word_1_147' title='bbox 1196 2039 1302 2098; x_wconf 86' lang='lat' dir='ltr'>sibi</span> <span class='ocrx_word' id='word_1_148' title='bbox 1344 2041 1717 2097; x_wconf 79' lang='lat' dir='ltr'>commissum.</span> <span class='ocrx_word' id='word_1_149' title='bbox 1747 2041 1940 2097; x_wconf 83' lang='lat' dir='ltr'>Nullus</span> <span class='ocrx_word' id='word_1_150' title='bbox 1988 2039 2134 2096; x_wconf 89' lang='lat' dir='ltr'>enim</span> <span class='ocrx_word' id='word_1_151' title='bbox 2170 2037 2442 2096; x_wconf 74' lang='lat' dir='ltr'>consiliari</span> 
     </span>
     <span class='ocr_line' id='line_1_20' title="bbox 438 2127 2440 2202; baseline -0.001 -18"><span class='ocrx_word' id='word_1_152' title='bbox 438 2129 618 2195; x_wconf 79' lang='lat' dir='ltr'>debet,</span> <span class='ocrx_word' id='word_1_153' title='bbox 642 2128 712 2183; x_wconf 88' lang='lat' dir='ltr'>de</span> <span class='ocrx_word' id='word_1_154' title='bbox 734 2127 841 2184; x_wconf 87' lang='lat' dir='ltr'>fine</span> <span class='ocrx_word' id='word_1_155' title='bbox 861 2145 1023 2202; x_wconf 87' lang='lat' dir='ltr'>quern</span> <span class='ocrx_word' id='word_1_156' title='bbox 1052 2129 1334 2186; x_wconf 86' lang='lat' dir='ltr'>intendere</span> <span class='ocrx_word' id='word_1_157' title='bbox 1350 2129 1533 2196; x_wconf 85' lang='lat' dir='ltr'>debet,</span> <span class='ocrx_word' id='word_1_158' title='bbox 1557 2129 1654 2186; x_wconf 89' lang='lat' dir='ltr'>sed</span> <span class='ocrx_word' id='word_1_159' title='bbox 1677 2129 1746 2186; x_wconf 88' lang='lat' dir='ltr'>de</span> <span class='ocrx_word' id='word_1_160' title='bbox 1766 2129 1850 2186; x_wconf 89' lang='lat' dir='ltr'>his</span> <span class='ocrx_word' id='word_1_161' title='bbox 1869 2145 1994 2202; x_wconf 85' lang='lat' dir='ltr'>quae</span> <span class='ocrx_word' id='word_1_162' title='bbox 2017 2129 2234 2186; x_wconf 88' lang='lat' dir='ltr'>suntad</span> <span class='ocrx_word' id='word_1_163' title='bbox 2249 2128 2440 2194; x_wconf 73' lang='lat' dir='ltr'>finem.</span> 
     </span>
     <span class='ocr_line' id='line_1_21' title="bbox 438 2215 2441 2292; baseline -0 -20"><span class='ocrx_word' id='word_1_164' title='bbox 438 2215 733 2288; x_wconf 81' lang='lat' dir='ltr'>Propterea</span> <span class='ocrx_word' id='word_1_165' title='bbox 754 2217 1049 2290; x_wconf 77' lang='lat' dir='ltr'>Apostolus</span> <span class='ocrx_word' id='word_1_166' title='bbox 1080 2219 1465 2274; x_wconf 85' lang='lat' dir='ltr'>commendata</span> <span class='ocrx_word' id='word_1_167' title='bbox 1491 2217 1666 2274; x_wconf 80' lang='lat' dir='ltr'>fidelis</span> <span class='ocrx_word' id='word_1_168' title='bbox 1694 2219 1880 2292; x_wconf 88' lang='lat' dir='ltr'>populi</span> <span class='ocrx_word' id='word_1_169' title='bbox 1913 2221 2120 2276; x_wconf 89' lang='lat' dir='ltr'>unitate</span> <span class='ocrx_word' id='word_1_170' title='bbox 2149 2235 2162 2272; x_wconf 92' lang='lat'>:</span> <span class='ocrx_word' id='word_1_171' title='bbox 2193 2215 2441 2280; x_wconf 77' lang='lat' dir='ltr'><strong><em>Solliciti,</em></strong></span> 
     </span>
     <span class='ocr_line' id='line_1_22' title="bbox 440 2305 2444 2382; baseline 0 -22"><span class='ocrx_word' id='word_1_172' title='bbox 440 2307 617 2378; x_wconf 82' lang='lat' dir='ltr'>inquit</span> <span class='ocrx_word' id='word_1_173' title='bbox 658 2306 878 2380; x_wconf 74' lang='lat' dir='ltr'>(EpheS.</span> <span class='ocrx_word' id='word_1_174' title='bbox 926 2323 1006 2374; x_wconf 77' lang='grc' dir='ltr'>ιν,</span> <span class='ocrx_word' id='word_1_175' title='bbox 1052 2307 1121 2380; x_wconf 88' lang='grc'>3),</span> <span class='ocrx_word' id='word_1_176' title='bbox 1152 2306 1272 2364; x_wconf 76' lang='lat' dir='ltr'>sitis</span> <span class='ocrx_word' id='word_1_177' title='bbox 1308 2323 1526 2364; x_wconf 77' lang='lat' dir='ltr'>servare</span> <span class='ocrx_word' id='word_1_178' title='bbox 1571 2307 1834 2366; x_wconf 75' lang='lat' dir='ltr'>unitatem</span> <span class='ocrx_word' id='word_1_179' title='bbox 1870 2307 2100 2382; x_wconf 73' lang='lat' dir='ltr'>spiritus</span> <span class='ocrx_word' id='word_1_180' title='bbox 2137 2306 2199 2362; x_wconf 80' lang='lat' dir='ltr'>in</span> <span class='ocrx_word' id='word_1_181' title='bbox 2235 2305 2444 2362; x_wconf 79' lang='lat' dir='ltr'>vinculo</span> 
     </span>
     <span class='ocr_line' id='line_1_23' title="bbox 437 2385 2445 2468; baseline 0 -18"><span class='ocrx_word' id='word_1_182' title='bbox 437 2395 605 2466; x_wconf 70' lang='lat' dir='ltr'>pacis.</span> <span class='ocrx_word' id='word_1_183' title='bbox 630 2395 848 2466; x_wconf 80' lang='lat' dir='ltr'>Quanto</span> <span class='ocrx_word' id='word_1_184' title='bbox 891 2385 1062 2468; x_wconf 50' lang='lat' dir='ltr'>’igitur</span> <span class='ocrx_word' id='word_1_185' title='bbox 1090 2397 1331 2468; x_wconf 83' lang='lat' dir='ltr'>regimen</span> <span class='ocrx_word' id='word_1_186' title='bbox 1380 2396 1657 2454; x_wconf 83' lang='lat' dir='ltr'>efficacius</span> <span class='ocrx_word' id='word_1_187' title='bbox 1685 2396 1852 2458; x_wconf 82' lang='lat' dir='ltr'>fuerit</span> <span class='ocrx_word' id='word_1_188' title='bbox 1891 2395 1962 2454; x_wconf 87' lang='lat' dir='ltr'>ad</span> <span class='ocrx_word' id='word_1_189' title='bbox 2001 2395 2265 2458; x_wconf 74' lang='lat' dir='ltr'>unitatem</span> <span class='ocrx_word' id='word_1_190' title='bbox 2297 2395 2445 2468; x_wconf 84' lang='lat' dir='ltr'>pacis</span> 
     </span>
     <span class='ocr_line' id='line_1_24' title="bbox 440 2483 2443 2560; baseline 0 -21"><span class='ocrx_word' id='word_1_191' title='bbox 440 2485 786 2554; x_wconf 82' lang='lat' dir='ltr'>servandam,</span> <span class='ocrx_word' id='word_1_192' title='bbox 836 2492 990 2544; x_wconf 84' lang='lat' dir='ltr'>tanto</span> <span class='ocrx_word' id='word_1_193' title='bbox 1034 2487 1142 2542; x_wconf 82' lang='lat' dir='ltr'>erit</span> <span class='ocrx_word' id='word_1_194' title='bbox 1180 2486 1391 2542; x_wconf 83' lang='lat' dir='ltr'>utilius.</span> <span class='ocrx_word' id='word_1_195' title='bbox 1446 2487 1562 2542; x_wconf 83' lang='lat' dir='ltr'>Hoc</span> <span class='ocrx_word' id='word_1_196' title='bbox 1609 2487 1754 2542; x_wconf 86' lang='lat' dir='ltr'>onim</span> <span class='ocrx_word' id='word_1_197' title='bbox 1800 2485 1987 2543; x_wconf 85' lang='lat' dir='ltr'>utilius</span> <span class='ocrx_word' id='word_1_198' title='bbox 2017 2485 2268 2554; x_wconf 84' lang='lat' dir='ltr'><strong>dicimus,</strong></span> <span class='ocrx_word' id='word_1_199' title='bbox 2299 2483 2443 2560; x_wconf 86' lang='lat' dir='ltr'>quod</span> 
     </span>
     <span class='ocr_line' id='line_1_25' title="bbox 444 2574 2444 2651; baseline 0 -23"><span class='ocrx_word' id='word_1_200' title='bbox 444 2574 619 2651; x_wconf 83' lang='lat' dir='ltr'>magis</span> <span class='ocrx_word' id='word_1_201' title='bbox 664 2575 916 2648; x_wconf 83' lang='lat' dir='ltr'>perducit</span> <span class='ocrx_word' id='word_1_202' title='bbox 958 2575 1029 2630; x_wconf 87' lang='lat' dir='ltr'>ad</span> <span class='ocrx_word' id='word_1_203' title='bbox 1056 2575 1241 2631; x_wconf 86' lang='lat' dir='ltr'>finem.</span> <span class='ocrx_word' id='word_1_204' title='bbox 1272 2575 1623 2632; x_wconf 77' lang='lat' dir='ltr'>Manifestum</span> <span class='ocrx_word' id='word_1_205' title='bbox 1657 2584 1741 2632; x_wconf 87' lang='lat' dir='ltr'>est</span> <span class='ocrx_word' id='word_1_206' title='bbox 1771 2582 1952 2632; x_wconf 85' lang='lat' dir='ltr'>autem</span> <span class='ocrx_word' id='word_1_207' title='bbox 1997 2575 2142 2648; x_wconf 83' lang='lat' dir='ltr'>quod</span> <span class='ocrx_word' id='word_1_208' title='bbox 2181 2575 2444 2636; x_wconf 78' lang='lat' dir='ltr'>unitatem</span> 
     </span>
     <span class='ocr_line' id='line_1_26' title="bbox 442 2663 2444 2738; baseline 0 -23"><span class='ocrx_word' id='word_1_209' title='bbox 442 2663 617 2732; x_wconf 79' lang='lat' dir='ltr'>magis</span> <span class='ocrx_word' id='word_1_210' title='bbox 645 2663 859 2720; x_wconf 84' lang='lat' dir='ltr'>efficere</span> <span class='ocrx_word' id='word_1_211' title='bbox 898 2669 1083 2736; x_wconf 87' lang='lat' dir='ltr'>potest</span> <span class='ocrx_word' id='word_1_212' title='bbox 1116 2663 1264 2736; x_wconf 84' lang='lat' dir='ltr'>quod</span> <span class='ocrx_word' id='word_1_213' title='bbox 1293 2671 1379 2720; x_wconf 89' lang='lat' dir='ltr'>est</span> <span class='ocrx_word' id='word_1_214' title='bbox 1409 2681 1504 2737; x_wconf 87' lang='lat' dir='ltr'>per</span> <span class='ocrx_word' id='word_1_215' title='bbox 1543 2680 1601 2719; x_wconf 87' lang='lat' dir='ltr'>se</span> <span class='ocrx_word' id='word_1_216' title='bbox 1637 2681 1824 2732; x_wconf 88' lang='lat' dir='ltr'>unum,</span> <span class='ocrx_word' id='word_1_217' title='bbox 1857 2679 2022 2738; x_wconf 88' lang='lat' dir='ltr'>quam</span> <span class='ocrx_word' id='word_1_218' title='bbox 2053 2663 2253 2736; x_wconf 78' lang='lat' dir='ltr'>plures·</span> <span class='ocrx_word' id='word_1_219' title='bbox 2297 2663 2444 2720; x_wconf 81' lang='lat' dir='ltr'>Siout</span> 
     </span>
     <span class='ocr_line' id='line_1_27' title="bbox 442 2749 2446 2826; baseline 0.001 -22"><span class='ocrx_word' id='word_1_220' title='bbox 442 2749 817 2814; x_wconf 77' lang='lat' dir='ltr'>efficacissima</span> <span class='ocrx_word' id='word_1_221' title='bbox 836 2768 1003 2808; x_wconf 88' lang='lat' dir='ltr'>causa</span> <span class='ocrx_word' id='word_1_222' title='bbox 1022 2760 1108 2808; x_wconf 88' lang='lat' dir='ltr'>est</span> <span class='ocrx_word' id='word_1_223' title='bbox 1130 2751 1524 2820; x_wconf 79' lang='lat' dir='ltr'>calefactioniS,</span> <span class='ocrx_word' id='word_1_224' title='bbox 1553 2753 1701 2826; x_wconf 88' lang='lat' dir='ltr'>quod</span> <span class='ocrx_word' id='word_1_225' title='bbox 1727 2763 1812 2810; x_wconf 87' lang='lat' dir='ltr'>est</span> <span class='ocrx_word' id='word_1_226' title='bbox 1837 2769 1930 2826; x_wconf 86' lang='lat' dir='ltr'>per</span> <span class='ocrx_word' id='word_1_227' title='bbox 1951 2769 2013 2810; x_wconf 86' lang='lat' dir='ltr'>se</span> <span class='ocrx_word' id='word_1_228' title='bbox 2037 2753 2298 2812; x_wconf 84' lang='lat' dir='ltr'>calidum.</span> <span class='ocrx_word' id='word_1_229' title='bbox 2323 2753 2446 2810; x_wconf 88' lang='lat' dir='ltr'>Uti-</span> 
     </span>
     <span class='ocr_line' id='line_1_28' title="bbox 445 2837 1789 2916; baseline 0.005 -25.005"><span class='ocrx_word' id='word_1_230' title='bbox 445 2837 549 2892; x_wconf 80' lang='lat' dir='ltr'>lius</span> <span class='ocrx_word' id='word_1_231' title='bbox 576 2839 742 2908; x_wconf 85' lang='lat' dir='ltr'>igitur</span> <span class='ocrx_word' id='word_1_232' title='bbox 772 2847 854 2895; x_wconf 84' lang='lat' dir='ltr'>ost</span> <span class='ocrx_word' id='word_1_233' title='bbox 884 2840 1123 2910; x_wconf 85' lang='lat' dir='ltr'>regimen</span> <span class='ocrx_word' id='word_1_234' title='bbox 1149 2841 1310 2898; x_wconf 90' lang='lat' dir='ltr'>unius</span> <span class='ocrx_word' id='word_1_235' title='bbox 1338 2858 1504 2914; x_wconf 86' lang='lat' dir='ltr'>quam</span> <span class='ocrx_word' id='word_1_236' title='bbox 1533 2841 1789 2916; x_wconf 86' lang='lat' dir='ltr'>plurium.</span> 
     </span>
    </p>

    <p class='ocr_par' dir='ltr' id='par_1_7' title="bbox 440 2925 2446 3538">
     <span class='ocr_line' id='line_1_29' title="bbox 514 2925 2442 3004; baseline 0.002 -20"><span class='ocrx_word' id='word_1_237' title='bbox 514 2925 761 3000; x_wconf 83' lang='lat' dir='ltr'>Amplius</span> <span class='ocrx_word' id='word_1_238' title='bbox 790 2928 1140 2986; x_wconf 81' lang='lat' dir='ltr'>manifestum</span> <span class='ocrx_word' id='word_1_239' title='bbox 1162 2936 1266 2998; x_wconf 88' lang='lat' dir='ltr'>est,</span> <span class='ocrx_word' id='word_1_240' title='bbox 1293 2931 1438 3004; x_wconf 87' lang='lat' dir='ltr'>quod</span> <span class='ocrx_word' id='word_1_241' title='bbox 1464 2931 1646 3004; x_wconf 85' lang='lat' dir='ltr'>plures</span> <span class='ocrx_word' id='word_1_242' title='bbox 1677 2931 2082 2988; x_wconf 82' lang='lat' dir='ltr'>multitudinem</span> <span class='ocrx_word' id='word_1_243' title='bbox 2111 2931 2258 2988; x_wconf 82' lang='lat' dir='ltr'>nullo</span> <span class='ocrx_word' id='word_1_244' title='bbox 2291 2931 2442 2988; x_wconf 89' lang='lat' dir='ltr'>modo</span> 
     </span>
     <span class='ocr_line' id='line_1_30' title="bbox 444 3018 2444 3094; baseline 0.001 -20"><span class='ocrx_word' id='word_1_245' title='bbox 444 3024 788 3087; x_wconf 81' lang='lat' dir='ltr'>conservant,</span> <span class='ocrx_word' id='word_1_246' title='bbox 832 3018 879 3074; x_wconf 93' lang='lat' dir='ltr'>si</span> <span class='ocrx_word' id='word_1_247' title='bbox 921 3020 1140 3076; x_wconf 91' lang='lat' dir='ltr'>omnino</span> <span class='ocrx_word' id='word_1_248' title='bbox 1178 3019 1551 3078; x_wconf 83' lang='lat' dir='ltr'>dissentirent.</span> <span class='ocrx_word' id='word_1_249' title='bbox 1583 3021 1900 3094; x_wconf 83' lang='lat' dir='ltr'>Requiritur</span> <span class='ocrx_word' id='word_1_250' title='bbox 1930 3021 2158 3077; x_wconf 90' lang='lat' dir='ltr'>enimin</span> <span class='ocrx_word' id='word_1_251' title='bbox 2203 3020 2444 3092; x_wconf 79' lang='lat' dir='ltr'>pluribus</span> 
     </span>
     <span class='ocr_line' id='line_1_31' title="bbox 442 3107 2446 3185; baseline 0.001 -22"><span class='ocrx_word' id='word_1_252' title='bbox 442 3107 699 3180; x_wconf 81' lang='lat' dir='ltr'>quaedam</span> <span class='ocrx_word' id='word_1_253' title='bbox 742 3108 871 3165; x_wconf 89' lang='lat' dir='ltr'>unio</span> <span class='ocrx_word' id='word_1_254' title='bbox 900 3108 1131 3176; x_wconf 86' lang='lat' dir='ltr'>ab·hoe‚</span> <span class='ocrx_word' id='word_1_255' title='bbox 1178 3110 1325 3184; x_wconf 86' lang='lat' dir='ltr'>quod</span> <span class='ocrx_word' id='word_1_256' title='bbox 1370 3107 1590 3185; x_wconf 83' lang='lat' dir='ltr'>quoquo</span> <span class='ocrx_word' id='word_1_257' title='bbox 1620 3110 1782 3166; x_wconf 89' lang='lat' dir='ltr'>modo</span> <span class='ocrx_word' id='word_1_258' title='bbox 1828 3127 2014 3182; x_wconf 83' lang='lat' dir='ltr'>regere</span> <span class='ocrx_word' id='word_1_259' title='bbox 2055 3109 2285 3182; x_wconf 86' lang='lat' dir='ltr'>possint,</span> <span class='ocrx_word' id='word_1_260' title='bbox 2319 3109 2446 3182; x_wconf 88' lang='lat' dir='ltr'>quia</span> 
     </span>
     <span class='ocr_line' id='line_1_32' title="bbox 444 3197 2446 3272; baseline 0.001 -20"><span class='ocrx_word' id='word_1_261' title='bbox 444 3213 545 3253; x_wconf 87' lang='lat' dir='ltr'>nec</span> <span class='ocrx_word' id='word_1_262' title='bbox 570 3197 728 3254; x_wconf 79' lang='lat' dir='ltr'>multi</span> <span class='ocrx_word' id='word_1_263' title='bbox 752 3215 950 3257; x_wconf 86' lang='lat' dir='ltr'>navem</span> <span class='ocrx_word' id='word_1_264' title='bbox 979 3198 1034 3254; x_wconf 90' lang='lat' dir='ltr'>in</span> <span class='ocrx_word' id='word_1_265' title='bbox 1054 3215 1217 3256; x_wconf 86' lang='lat' dir='ltr'>unam</span> <span class='ocrx_word' id='word_1_266' title='bbox 1239 3205 1450 3272; x_wconf 87' lang='lat' dir='ltr'>partem</span> <span class='ocrx_word' id='word_1_267' title='bbox 1477 3198 1772 3268; x_wconf 83' lang='lat' dir='ltr'>traherent,</span> <span class='ocrx_word' id='word_1_268' title='bbox 1799 3200 1903 3256; x_wconf 89' lang='lat' dir='ltr'>nisi</span> <span class='ocrx_word' id='word_1_269' title='bbox 1925 3199 2107 3272; x_wconf 77' lang='lat' dir='ltr'>aliquo</span> <span class='ocrx_word' id='word_1_270' title='bbox 2129 3199 2294 3254; x_wconf 88' lang='lat' dir='ltr'>modo</span> <span class='ocrx_word' id='word_1_271' title='bbox 2315 3215 2446 3255; x_wconf 76' lang='lat' dir='ltr'>con-</span> 
     </span>
     <span class='ocr_line' id='line_1_33' title="bbox 440 3287 2444 3363; baseline 0.001 -22"><span class='ocrx_word' id='word_1_272' title='bbox 440 3288 637 3358; x_wconf 83' lang='lat' dir='ltr'>juncti.</span> <span class='ocrx_word' id='word_1_273' title='bbox 686 3287 839 3345; x_wconf 89' lang='lat' dir='ltr'>Uniri</span> <span class='ocrx_word' id='word_1_274' title='bbox 884 3294 1071 3346; x_wconf 79' lang='lat' dir='ltr'>autem</span> <span class='ocrx_word' id='word_1_275' title='bbox 1109 3289 1369 3349; x_wconf 57' lang='lat' dir='ltr'>&gt;dicuntur</span> <span class='ocrx_word' id='word_1_276' title='bbox 1410 3289 1567 3362; x_wconf 78' lang='lat' dir='ltr'>plura</span> <span class='ocrx_word' id='word_1_277' title='bbox 1611 3305 1708 3362; x_wconf 71' lang='lat' dir='ltr'>per</span> <span class='ocrx_word' id='word_1_278' title='bbox 1753 3288 2336 3363; x_wconf 83' lang='lat' dir='ltr'>appropinquationem</span> <span class='ocrx_word' id='word_1_279' title='bbox 2379 3287 2444 3344; x_wconf 83' lang='lat' dir='ltr'>ad</span> 
     </span>
     <span class='ocr_line' id='line_1_34' title="bbox 444 3371 2444 3452; baseline 0.002 -22"><span class='ocrx_word' id='word_1_280' title='bbox 444 3392 633 3432; x_wconf 88' lang='lat' dir='ltr'>unum.</span> <span class='ocrx_word' id='word_1_281' title='bbox 682 3377 873 3434; x_wconf 83' lang='lat' dir='ltr'>Melius</span> <span class='ocrx_word' id='word_1_282' title='bbox 914 3377 1081 3450; x_wconf 86' lang='lat' dir='ltr'>igitur</span> <span class='ocrx_word' id='word_1_283' title='bbox 1118 3377 1263 3452; x_wconf 83' lang='lat' dir='ltr'>regit</span> <span class='ocrx_word' id='word_1_284' title='bbox 1292 3393 1625 3451; x_wconf 85' lang='lat' dir='ltr'>unusquam</span> <span class='ocrx_word' id='word_1_285' title='bbox 1664 3378 1845 3451; x_wconf 86' lang='lat' dir='ltr'>plures</span> <span class='ocrx_word' id='word_1_286' title='bbox 1873 3395 1940 3434; x_wconf 83' lang='lat' dir='ltr'>ex</span> <span class='ocrx_word' id='word_1_287' title='bbox 1975 3393 2040 3436; x_wconf 90' lang='lat' dir='ltr'>eo</span> <span class='ocrx_word' id='word_1_288' title='bbox 2069 3371 2217 3450; x_wconf 73' lang='lat' dir='ltr'>q‘uod</span> <span class='ocrx_word' id='word_1_289' title='bbox 2247 3391 2444 3451; x_wconf 85' lang='lat' dir='ltr'>appro-</span> 
     </span>
     <span class='ocr_line' id='line_1_35' title="bbox 446 3465 1023 3538; baseline 0.003 -18"><span class='ocrx_word' id='word_1_290' title='bbox 446 3465 711 3538; x_wconf 85' lang='lat' dir='ltr'>pinquant</span> <span class='ocrx_word' id='word_1_291' title='bbox 740 3467 807 3523; x_wconf 87' lang='lat' dir='ltr'>ad</span> <span class='ocrx_word' id='word_1_292' title='bbox 832 3483 1023 3523; x_wconf 89' lang='lat' dir='ltr'>unum.</span> 
     </span>
    </p>

    <p class='ocr_par' dir='ltr' id='par_1_8' title="bbox 338 3549 2445 3806">
     <span class='ocr_line' id='line_1_36' title="bbox 338 3549 2444 3632; baseline 0 -21"><span class='ocrx_word' id='word_1_293' title='bbox 338 3622 359 3628; x_wconf 46' lang='lat'><em>-</em></span> <span class='ocrx_word' id='word_1_294' title='bbox 515 3555 709 3612; x_wconf 81' lang='lat' dir='ltr'>Adhuc</span> <span class='ocrx_word' id='word_1_295' title='bbox 734 3573 802 3612; x_wconf 87' lang='lat' dir='ltr'>ea</span> <span class='ocrx_word' id='word_1_296' title='bbox 843 3573 965 3628; x_wconf 86' lang='lat' dir='ltr'>quae</span> <span class='ocrx_word' id='word_1_297' title='bbox 993 3552 1123 3614; x_wconf 82' lang='lat' dir='ltr'>sunt</span> <span class='ocrx_word' id='word_1_298' title='bbox 1148 3557 1219 3614; x_wconf 88' lang='lat' dir='ltr'>ad</span> <span class='ocrx_word' id='word_1_299' title='bbox 1256 3566 1509 3615; x_wconf 85' lang='lat' dir='ltr'>naturam</span> <span class='ocrx_word' id='word_1_300' title='bbox 1536 3549 1748 3632; x_wconf 78' lang='lat' dir='ltr'>optime</span> <span class='ocrx_word' id='word_1_301' title='bbox 1765 3573 1822 3614; x_wconf 89' lang='lat' dir='ltr'>se</span> <span class='ocrx_word' id='word_1_302' title='bbox 1863 3557 2084 3630; x_wconf 76' lang='lat' dir='ltr'>habent,</span> <span class='ocrx_word' id='word_1_303' title='bbox 2116 3558 2176 3616; x_wconf 85' lang='lat' dir='ltr'>in</span> <span class='ocrx_word' id='word_1_304' title='bbox 2221 3555 2444 3629; x_wconf 74' lang='lat' dir='ltr'>singulis</span> 
     </span>
     <span class='ocr_line' id='line_1_37' title="bbox 350 3635 2445 3722; baseline 0 -23"><span class='ocrx_word' id='word_1_305' title='bbox 350 3687 355 3691; x_wconf 91' lang='lat'><em>.</em></span> <span class='ocrx_word' id='word_1_306' title='bbox 440 3645 591 3700; x_wconf 69' lang='lat' dir='ltr'>onitu</span> <span class='ocrx_word' id='word_1_307' title='bbox 615 3654 874 3718; x_wconf 86' lang='lat' dir='ltr'>operatur</span> <span class='ocrx_word' id='word_1_308' title='bbox 900 3652 1115 3714; x_wconf 83' lang='lat' dir='ltr'>natura,</span> <span class='ocrx_word' id='word_1_309' title='bbox 1144 3647 1289 3722; x_wconf 82' lang='lat' dir='ltr'>quod</span> <span class='ocrx_word' id='word_1_310' title='bbox 1318 3647 1585 3720; x_wconf 88' lang='lat' dir='ltr'>optimum</span> <span class='ocrx_word' id='word_1_311' title='bbox 1611 3654 1726 3718; x_wconf 84' lang='lat' dir='ltr'>est.;</span> <span class='ocrx_word' id='word_1_312' title='bbox 1756 3635 2042 3706; x_wconf 81' lang='lat' dir='ltr'>commune</span> <span class='ocrx_word' id='word_1_313' title='bbox 2069 3653 2254 3705; x_wconf 87' lang='lat' dir='ltr'>autem</span> <span class='ocrx_word' id='word_1_314' title='bbox 2284 3653 2445 3701; x_wconf 55' lang='lat' dir='ltr'>natu-</span> 
     </span>
     <span class='ocr_line' id='line_1_38' title="bbox 447 3733 2444 3806; baseline 0.003 -18"><span class='ocrx_word' id='word_1_315' title='bbox 447 3733 561 3790; x_wconf 85' lang='lat' dir='ltr'>rale</span> <span class='ocrx_word' id='word_1_316' title='bbox 590 3736 835 3806; x_wconf 86' lang='lat' dir='ltr'>regimen</span> <span class='ocrx_word' id='word_1_317' title='bbox 867 3735 937 3792; x_wconf 88' lang='lat' dir='ltr'>ab</span> <span class='ocrx_word' id='word_1_318' title='bbox 974 3752 1080 3792; x_wconf 90' lang='lat' dir='ltr'>uno</span> <span class='ocrx_word' id='word_1_319' title='bbox 1110 3741 1211 3792; x_wconf 85' lang='lat' dir='ltr'>est.</span> <span class='ocrx_word' id='word_1_320' title='bbox 1240 3737 1303 3792; x_wconf 88' lang='lat' dir='ltr'>In</span> <span class='ocrx_word' id='word_1_321' title='bbox 1332 3737 1700 3794; x_wconf 88' lang='lat' dir='ltr'>membrorum</span> <span class='ocrx_word' id='word_1_322' title='bbox 1728 3737 1874 3796; x_wconf 85' lang='lat' dir='ltr'>enim</span> <span class='ocrx_word' id='word_1_323' title='bbox 1910 3736 2256 3798; x_wconf 84' lang='lat' dir='ltr'>multitudine</span> <span class='ocrx_word' id='word_1_324' title='bbox 2280 3751 2444 3794; x_wconf 87' lang='lat' dir='ltr'>unum</span> 
     </span>
    </p>
   </div>
   <div class='ocr_carea' id='block_1_6' title="bbox 448 3823 2442 3947">
    <p class='ocr_par' dir='ltr' id='par_1_9' title="bbox 448 3823 2442 3947">
     <span class='ocr_line' id='line_1_39' title="bbox 448 3823 2442 3904; baseline 0.001 -28"><span class='ocrx_word' id='word_1_325' title='bbox 448 3825 532 3877; x_wconf 86' lang='lat' dir='ltr'>est</span> <span class='ocrx_word' id='word_1_326' title='bbox 554 3823 701 3896; x_wconf 88' lang='lat' dir='ltr'>quod</span> <span class='ocrx_word' id='word_1_327' title='bbox 724 3823 907 3881; x_wconf 89' lang='lat' dir='ltr'>omnia</span> <span class='ocrx_word' id='word_1_328' title='bbox 932 3831 1133 3893; x_wconf 88' lang='lat' dir='ltr'>movet,</span> <span class='ocrx_word' id='word_1_329' title='bbox 1164 3825 1372 3882; x_wconf 80' lang='lat' dir='ltr'>scilicet</span> <span class='ocrx_word' id='word_1_330' title='bbox 1397 3842 1510 3895; x_wconf 89' lang='lat' dir='ltr'>cor,</span> <span class='ocrx_word' id='word_1_331' title='bbox 1531 3835 1590 3884; x_wconf 85' lang='lat' dir='ltr'>et</span> <span class='ocrx_word' id='word_1_332' title='bbox 1614 3827 1668 3884; x_wconf 90' lang='lat' dir='ltr'>in</span> <span class='ocrx_word' id='word_1_333' title='bbox 1697 3827 1943 3902; x_wconf 88' lang='lat' dir='ltr'>partibus</span> <span class='ocrx_word' id='word_1_334' title='bbox 1973 3827 2198 3904; x_wconf 77' lang='lat' dir='ltr'>animae3</span> <span class='ocrx_word' id='word_1_335' title='bbox 2232 3840 2340 3882; x_wconf 88' lang='lat' dir='ltr'>una</span> <span class='ocrx_word' id='word_1_336' title='bbox 2366 3823 2442 3885; x_wconf 72' lang='lat' dir='ltr'>vis</span> 
     </span>
     <span class='ocr_line' id='line_1_40' title="bbox 1801 3907 2408 3947; baseline 0.007 -4"><span class='ocrx_word' id='word_1_337' title='bbox 1801 3907 1854 3943; x_wconf 59' lang='grc' dir='ltr'>Ν,</span> <span class='ocrx_word' id='word_1_338' title='bbox 2387 3941 2408 3947; x_wconf 89' lang='grc'>..</span> 
     </span>
    </p>
   </div>
   <div class='ocr_carea' id='block_1_7' title="bbox 1969 4094 2014 4124">
    <p class='ocr_par' dir='ltr' id='par_1_10' title="bbox 1969 4094 2014 4124">
     <span class='ocr_line' id='line_1_41' title="bbox 1969 4094 2014 4124; baseline 0 -2"><span class='ocrx_word' id='word_1_339' title='bbox 1969 4094 2014 4124; x_wconf 56' lang='lat' dir='ltr'><strong>h</strong></span> 
     </span>
    </p>
   </div>
   <div class='ocr_carea' id='block_1_8' title="bbox 2233 4359 2784 4390">
    <p class='ocr_par' dir='ltr' id='par_1_11' title="bbox 2233 4359 2784 4390">
     <span class='ocr_line' id='line_1_42' title="bbox 2233 4359 2784 4390; baseline 0.015 -7"><span class='ocrx_word' id='word_1_340' title='bbox 2233 4359 2391 4388; x_wconf 23' lang='lat' dir='ltr'>*LA-m</span> <span class='ocrx_word' id='word_1_341' title='bbox 2399 4375 2648 4390; x_wconf 54' lang='lat' dir='ltr'>m...-.——.——-</span> <span class='ocrx_word' id='word_1_342' title='bbox 2654 4379 2730 4390; x_wconf 78' lang='lat'>———.</span> <span class='ocrx_word' id='word_1_343' title='bbox 2756 4383 2784 4390; x_wconf 37' lang='grc' dir='ltr'>-μ</span> 
     </span>
    </p>
   </div>
  </div>
 </body>
</html>
