2784 4392
367 247 375 254 ,
436 185 583 248 ·208
941 202 993 246 e.
1039 201 1269 245 THOMAE
1308 199 1640 249 Aoumffls
1679 200 1988 246 opuscum

470 324 879 385 convertantur,
921 326 977 374 et
1019 326 1224 391 quanto
1274 323 1402 374 sunt
1441 317 1617 387 magis
1663 317 1860 384 sancti,
1912 322 2064 374 tanto
2106 317 2247 374 hunc
2293 319 2476 376 zelum

469 408 817 465 convertendi
846 407 981 463 alios
1012 407 1079 462 ad
1106 413 1311 462 statum
1339 404 1684 478 perfectionis
1710 405 1883 476 magis
1900 405 2122 462 habent.
2148 407 2302 463 Unde
2327 409 2474 465 Pau-

467 499 550 554 lus
582 497 818 563 dicebat,
852 501 975 552 Act.
1015 511 1177 562 xxvi,
1208 500 1274 552 29
1306 510 1319 549 ι
1361 495 1496 565 Opto
1524 494 1669 566 apud
1705 495 1876 550 Deum
1915 495 2048 550 etin
2085 497 2306 563 uindice,
2337 499 2476 554 etin

464 603 653 658 maqno
680 602 785 640 non
813 591 1027 640 tantu-m
1054 591 1123 648 te,
1149 585 1239 639 secl
1266 583 1426 640 etiam
1451 599 1623 638 omnes
1647 582 1738 654 qui
1761 583 1990 638 audiunt
2011 583 2316 640 hodietales
2341 585 2471 658 {ieri

466 675 640 747 qualis
670 682 720 730 et
745 691 832 746 eye
858 690 996 729 sum.
2488 661 2495 667 ’

535 763 689 832 Quod
704 773 833 834 ergo
848 761 1068 828 dicitur,
1097 763 1253 818 Rom.
1280 761 1404 829 ult.,
1431 761 1574 834 qued
1591 761 1792 832 pseudo
1815 761 2136 817 traditiones
2159 777 2288 818 suas
2311 778 2472 820 com-

467 851 815 916 mandabant,
852 856 1002 922 patet
1027 864 1122 922 per
1151 849 1402 904 Glossam
1437 849 1656 913 ibidem,
1686 848 1833 920 quod
1859 848 2080 905 traditio
2111 865 2300 906 eorum
2328 861 2471 922 erat,

468 939 611 1011 quod
652 939 920 1009 cogebant
956 945 1146 1009 gentes
1173 937 1458 1009 judaizare
1495 943 1551 992 et
1584 937 1724 993 hanc
1765 937 2113 993 traditionem
2152 942 2474 1012 compositis

446 1027 648 1091 ,verbis
685 1027 1138 1082 commendabant
1162 1027 1229 1081 ad
1256 1026 1530 1098 simplices
1556 1025 1962 1098 pervertendos.
1987 1027 2108 1082 Non
2137 1042 2264 1098 ergo
2293 1030 2472 1085 tradi-

471 1117 673 1171 tionem
705 1116 949 1171 nominat
980 1115 1217 1187 aliquem
1243 1114 1522 1184 religionis
1549 1121 1773 1180 statum,
1812 1114 1908 1171 sed
1941 1113 2134 1170 salsam
2163 1116 2473 1173 doctrinam

471 1213 525 1260 et
566 1205 901 1260 haereticam.
935 1204 1005 1259 Et
1031 1203 1223 1259 Matth.
1260 1219 1433 1269 xxiii,
1466 1219 1574 1258 non
1607 1201 2075 1274 reprehenduntur
2107 1203 2365 1262 Pharisaei
2401 1207 2474 1262 de

472 1293 573 1348 hoc
596 1293 741 1365 quod
764 1291 983 1349 solliciti
1012 1301 1169 1348 erant
1190 1292 1425 1348 faciendi
1454 1290 1779 1364 proselytOS,
1804 1292 1896 1348 sed
1923 1292 1990 1348 de
2013 1291 2116 1348 hoc
2143 1295 2284 1365 quod
2313 1302 2474 1366 post-

470 1398 635 1455 quam
674 1398 768 1438 eos
795 1388 1197 1450 converterant,
1229 1381 1381 1438 falsis
1407 1380 1670 1436 doctrinis
1697 1380 2033 1447 imbuebant,
2065 1381 2150 1438 vel
2181 1383 2310 1455 quia
2339 1399 2472 1456 pro-

470 1471 629 1546 selyti
658 1473 1114 1528 videnteseorum
1132 1472 1283 1537 vitia,
1312 1486 1528 1526 rursum
1551 1470 1620 1526 ad
1640 1470 2003 1540 gentilitatem
2024 1471 2468 1543 revertebantur;

460 1567 525 1616 'et
554 1561 632 1616 sic
658 1562 851 1633 majori
878 1575 1038 1633 poena
1066 1569 1223 1617 erant
1247 1561 1416 1632 digni,
1449 1566 1511 1614 ut
1544 1566 1694 1631 patet
1717 1575 1814 1630 per
1840 1558 2094 1615 Glossam
2117 1559 2338 1616 ibidem.

540 1650 623 1706 Ad
656 1651 805 1706 aliud
836 1665 964 1705 vero
992 1649 1137 1721 quod
1171 1649 1388 1716 dicitur,
1424 1649 1472 1704 ll
1499 1649 1622 1704 Cor.
1658 1663 1744 1714 ιιι,
1777 1647 2084 1712 dicendum,
2119 1649 2262 1721 quod
2290 1653 2472 1720 Apos-

470 1737 565 1793 toli
596 1751 703 1792 non
731 1737 1185 1792 commendabant
1212 1738 1554 1807 semetipsos,
1587 1736 1744 1808 quasi
1775 1735 2003 1806 gloriam
2031 1751 2186 1792 suam
2214 1753 2471 1810 quaeren-

472 1832 573 1887 tes,
606 1825 702 1879 sed
731 1840 799 1879 ex
822 1824 1003 1878 causis
1026 1839 1165 1894 quas
1187 1824 1484 1894 Gregorius
1509 1825 1662 1879 dicit.

540 1912 623 1968 Ad
650 1913 871 1968 tertium
900 1911 1208 1977 dicendum,
1238 1913 1380 1982 quod
1413 1911 1704 1982 Apostolus
1729 1927 1840 1968 non
1869 1919 2030 1984 negat
2055 1913 2183 1985 quin
2214 1915 2285 1970 sit
2313 1930 2472 1970 eom-

472 2001 810 2057 mendatitiis
853 2000 1050 2055 litteris
1087 2000 1369 2065 utendum,
1425 1999 1521 2054 sed
1569 2000 1809 2056 ostendit
1853 2017 1912 2056 se
1958 1995 2036 2056 eis
2085 2017 2188 2057 non
2227 2003 2470 2074 indigere

473 2095 741 2162 quantum
766 2087 833 2145 ad
865 2104 943 2156 se,
968 2088 1110 2144 sicut
1131 2087 1448 2162 indigebant
1473 2088 1930 2161 pseudoapostoli,
1958 2105 2096 2161 quos
2127 2091 2272 2146 nulla
2297 2092 2471 2150 virtus

472 2178 908 2243 commendabat,
947 2184 1007 2234 ut
1036 2177 1229 2234 Glossa
1258 2178 1410 2232 dicit.
1440 2176 1691 2248 Indigent
1719 2184 1902 2232 autern
1933 2179 2110 2233 sancti
2143 2180 2471 2254 quandoque

472 2267 935 2324 commendatitiis
951 2266 1147 2323 litteris
1172 2281 1277 2321 non
1302 2275 1524 2338 propter
1539 2282 1617 2335 se,
1641 2267 1736 2321 sed
1756 2275 1982 2338 >propter
2011 2265 2148 2322 alios
2165 2269 2257 2338 qui
2282 2284 2469 2325 eorum

451 2357 735 2413 virtutem
772 2357 856 2412 vel
895 2356 1277 2421 auctoritatem
1302 2355 1592 2425 ignorant,
1624 2360 1679 2410 et
1718 2354 1822 2410 hoc
1859 2355 2019 2410 modo
2050 2356 2246 2411 Paulus
2283 2357 2472 2414 Timo-

449 2446 663 2502 ·theum
687 2447 745 2502 in
778 2461 877 2502 sua
908 2444 1139 2517 epistola
1186 2443 1608 2510 commendavit,
1640 2444 1664 2498 1
1705 2444 1828 2509 Cor,
1875 2442 1977 2498 ult.
2016 2445 2084 2498 to
2120 2460 2134 2500 ι
2168 2445 2225 2501 Si
2264 2449 2471 2503 venerit

480 2535 804 2602 Timotheus,
832 2535 1003 2590 videte
1036 2539 1095 2589 ut
1124 2532 1241 2588 sine
1280 2532 1472 2589 timore
1497 2532 1570 2587 sit
1597 2530 1739 2603 apud
1772 2547 1878 2586 ves.
1911 2531 2054 2602 Opus
2085 2533 2228 2588 enim
2254 2535 2471 2590 Domim

472 2632 752 2696 operatur,
792 2630 901 2680 etc.
940 2623 1007 2678 Et
1037 2621 1171 2676 Phil.
1219 2637 1281 2687 ιι,
1315 2623 1382 2676 49
1425 2637 1437 2674 :
1469 2620 1631 2692 Spero
1659 2626 1838 2676 autem
1874 2621 1934 2675 in
1961 2621 2188 2677 Domino
2215 2621 2339 2678 Jesu
2373 2624 2470 2680 Ti-

476 2713 738 2766 motheum
752 2727 833 2765 me
860 2711 963 2766 cito
981 2709 1215 2775 mittere,
1232 2709 1299 2764 ad
1326 2724 1442 2764 vos,
1459 2709 1528 2763 Et
1549 2715 1670 2781 post
1689 2725 1702 2762 :
1719 2709 2000 2766 Neminem
2020 2709 2159 2764 enim
2180 2709 2336 2766 habeo
2361 2718 2470 2767 tam

472 2799 795 2854 uitanimem.
822 2799 904 2853 ·Et
942 2797 1149 2853 Coloss.
1192 2797 1291 2852 ult.
1322 2799 1390 2851 to
1421 2813 1434 2852 ε
1460 2797 1681 2856 Marcus
1703 2797 2058 2852 consobrinus
2095 2798 2382 2865 Barnabae,
2411 2800 2471 2855 de

473 2901 573 2959 quo
615 2885 885 2958 accepistis
928 2885 1205 2951 mandata,
1246 2893 1354 2942 etc.
1398 2887 1466 2943 Et
1501 2887 1660 2942 Rom.
1703 2884 1856 2941 ult.l
1913 2902 1926 2940 ε
1975 2885 2289 2942 Commendo
2329 2888 2471 2944 vobis

472 2975 708 3032 Phoebem
737 2991 973 3032 sororem
1000 2981 1259 3040 nostram,
1296 2981 1404 3031 etc.
1440 2975 1510 3032 Et
1538 2975 1734 3030 exinde
1771 2973 1996 3030 inolevit
2024 2977 2381 3046 consuetudo,
2413 2985 2474 3032 ut

445 3064 673 3138 ·i1li‘qui
703 3063 995 3120 mittuntur
1014 3079 1046 3119 a
1070 3063 1434 3131 mittentibuS,
1459 3061 1668 3119 litteras
1697 3062 2086 3118 testimoniales
2115 3071 2168 3118 et
2192 3077 2476 3118 commen-

472 3153 701 3211 datitias
726 3153 1017 3226 accipiant.
1384 3206 1391 3214 .

542 3244 627 3300 Ad
670 3250 929 3316 quartum
980 3243 1288 3309 dicendum,
1322 3241 1469 3314 quod
1514 3241 1658 3296 sicut
1707 3242 1882 3298 sancti
1929 3255 2036 3296 uon
2089 3241 2475 3298 commendant

474 3349 534 3389 se
553 3333 700 3405 ipsos
726 3339 786 3388 ut
816 3330 1043 3402 gloriam
1064 3331 1341 3403 propriam
1367 3329 1624 3395 habeant,
1646 3330 1740 3385 sed
1771 3338 1993 3402 propter
2017 3328 2316 3386 utilitatem
2337 3329 2476 3387 alio-

474 3437 617 3488 rum,
651 3422 729 3476 ita
768 3427 825 3475 et
866 3419 1193 3492 quandoque
1228 3434 1289 3474 se
1319 3419 1442 3475 aliis
1481 3417 1797 3492 praeferunt.
1820 3419 1910 3475 Sic
1953 3419 2100 3474 enim
2147 3420 2476 3492 quandoque

446 3511 649 3567 sancti
684 3524 743 3562 se
773 3509 1069 3582 praeferunt
1098 3507 1275 3578 malie,
1307 3514 1365 3562 ut
1392 3507 1520 3564 mali
1551 3508 1825 3563 evitentur
1857 3523 1888 3563 a
1915 3508 2114 3580 populo
2138 3509 2232 3580 qui
2261 3513 2479 3564 sanctes

474 3599 745 3664 imitatur,
775 3597 919 3653 sicut
956 3597 1267 3668 ApostoluS,
1299 3597 1349 3651 Π
1382 3597 1508 3653 Cor.
1535 3611 1620 3664 xi,
1652 3599 1719 3654 23
1751 3613 1767 3650 ε
1803 3595 2056 3653 Ministri
2088 3596 2298 3652 Christi
2332 3603 2476 3660 sunt,

476 3693 527 3740 et
559 3701 649 3754 eqo
684 3688 761 3756 (ut
804 3685 983 3740 minus
1007 3684 1217 3756 sapiens
1251 3683 1383 3756 dico)
1405 3685 1527 3756 plus
1572 3700 1680 3754 eqo.
1727 3684 2064 3757 Quandoque
2109 3685 2275 3740 ctiam
2325 3683 2481 3740 bonis

448 3789 452 3800 ¹
476 3773 775 3842 praeferunt
797 3787 877 3842 se,
909 3780 971 3827 ut
996 3771 1051 3827 in
1081 3772 1411 3828 auctoritate
1441 3771 1585 3844 apud
1613 3772 1858 3828 homines
1883 3771 2205 3839 habeantur,
2227 3787 2259 3827 a
2285 3771 2482 3844 quibus
