2784 4392
540 312 676 357 xm.
705 327 790 343 —
814 306 1053 357 comm
1093 312 1278 359 aaut.
1321 313 1478 357 nou.
1518 314 1602 358 AB
1640 310 1885 361 means.
1929 316 2138 362 naue.
2262 300 2340 359 37

338 426 688 494 concludunt,
727 443 926 501 pueros
963 406 1083 486 esse
1128 430 1356 487 miseros
1407 438 1462 485 et
1512 408 1838 498 insensatoS‚
1870 433 1964 505 qui
2023 420 2339 507 religionem

340 516 737 613 ingrediuntur,
760 516 845 577 vel
870 518 939 575 ad
968 518 1244 591 religionis
1273 520 1577 592 ingressum
1602 535 1661 576 se
1685 509 1949 595 obligant.
2338 604 2343 611 Ι
2392 584 2413 663 ἱ

1077 751 1359 819 CAPUT
1436 753 1589 819 XII.

339 902 708 983 Improbatio
737 901 962 965 erroris
981 902 1302 982 prcemissi,
1336 908 1391 965 et
1422 892 1674 965 ostensio
1700 904 1864 983 quod
1902 922 2051 983 opus
2089 906 2342 971 virtutis

667 994 904 1069 factum
926 1008 1060 1053 cum
1085 996 1245 1069 voto,
1275 993 1472 1071 mayis
1494 998 1583 1055 est
1608 994 2001 1057 meritorium.

408 1146 477 1201 Ut
499 1151 680 1200 autem
709 1144 768 1198 in
796 1142 1022 1213 singulis
1055 1142 1460 1214 praemissorum
1498 1135 1699 1200 veritas
1738 1146 1909 1217 possit
1940 1145 2225 1203 manifeste
2252 1147 2341 1201 vi·-

337 1232 472 1309 deri,
505 1232 750 1287 seriatim
781 1247 906 1303 quae
931 1232 1209 1309 praemissa
1242 1239 1367 1286 sunt
1399 1232 1729 1303 investigare
1758 1243 1991 1305 oportet,
2021 1252 2053 1290 a
2090 1251 2341 1292 commu-

336 1323 495 1377 nibus
542 1322 609 1377 ad
656 1320 964 1393 spiritualia
1015 1320 1413 1375 descendendO.
1459 1322 1526 1376 Et
1577 1322 1749 1391 primo
1802 1324 2226 1390 consideremuS,
2269 1340 2337 1380 an

336 1426 524 1467 verum
548 1411 619 1465 sit
649 1410 792 1483 quod
819 1409 1026 1475 dicunt,
1060 1409 1292 1475 scilicet,
1317 1410 1489 1480 magis
1524 1425 1643 1465 esse
1673 1412 2013 1467 meritorium
2056 1428 2194 1485 opus
2223 1415 2339 1469 vii·-

336 1502 471 1559 tutis
497 1501 702 1573 absque
733 1500 842 1557 voti
881 1499 1211 1570 obligatione
1242 1498 1467 1566 factum,
1503 1514 1666 1571 quam
1702 1501 1745 1554 si
1778 1516 1845 1555 ex
1872 1508 1999 1555 voto
2046 1502 2098 1557 id
2137 1502 2337 1575 aliquis

336 1587 578 1662 impleat.
603 1590 671 1644 Et
700 1589 952 1661 quamvis
975 1587 1172 1643 dehoc
1193 1586 1350 1659 plura
1378 1587 1489 1642 sint,
1517 1587 1663 1642 dicta
1694 1588 1747 1641 in
1780 1589 1887 1642 alio
1918 1596 2102 1644 nostro
2130 1590 2331 1658 libello,

336 1696 498 1753 quem
523 1678 590 1733 de
618 1676 946 1749 perfectione
969 1676 1412 1748 conscripsimus,
1447 1676 1535 1731 hic
1564 1682 1744 1731 tamen
1778 1674 1959 1747 aliqua
2006 1692 2109 1733 non
2138 1678 2335 1737 iterare

337 1770 542 1841 pigeat.
569 1766 749 1821 Prim‘o
774 1766 938 1835 igitur
959 1764 1413 1821 considerandum
1440 1771 1543 1833 est,
1572 1764 1717 1835 quod
1742 1780 1866 1819 cum
1907 1764 2024 1821 laus
2060 1769 2242 1839 operis
2270 1785 2335 1824 ex

334 1858 520 1913 radice
545 1855 837 1911 voluntatis
866 1855 1190 1926 dependeat,
1222 1860 1374 1910 tanto
1404 1854 1644 1909 exterius
1674 1869 1823 1925 opus,
1850 1854 2175 1911 laudabilius
2204 1852 2331 1914 red-

333 1947 502 2009 ditur,
533 1949 738 2017 quanto
781 1960 847 1997 ex
891 1932 1100 1999 meliori
1146 1942 1429 1999 voluntate
1478 1941 1741 2013 procedit.
1783 1943 1929 1997 Inter
1974 1944 2109 2000 alias
2152 1956 2333 2003 autem

333 2034 671 2089 conditiones
699 2032 855 2088 bonae
883 2031 1181 2088 voluntatis
1209 2047 1316 2087 una
1337 2038 1439 2097 est,
1468 2037 1529 2085 ut
1558 2032 1629 2086 sit
1660 2030 1912 2087 voluntas
1934 2033 2093 2090 firma
2121 2040 2177 2089 et
2214 2045 2335 2091 sta-

333 2122 475 2177 bilis.
527 2121 682 2178 Unde
732 2121 786 2175 in
833 2120 1164 2191 vituperium
1216 2120 1494 2191 pigrorum
1561 2118 1835 2175 inducitur
1891 2122 2046 2193 quod·
2106 2122 2337 2180 habetur

334 2208 588 2267 Proverb.
621 2226 749 2274 xiii,
780 2212 811 2263 4
845 2210 865 2262 ε’
896 2208 1020 2267 Vult
1041 2208 1096 2263 'et
1137 2224 1242 2263 non
1280 2209 1394 2263 vult
1418 2208 1595 2279 pr‘yer.
1621 2209 1796 2264 Tanto
1828 2210 1996 2281 igitur
2024 2225 2159 2283 opus
2185 2220 2336 2269 exte-

332 2301 446 2356 rius
473 2298 799 2354 laudabilius
829 2298 1093 2363 redditur,
1127 2302 1182 2352 et
1220 2298 1391 2367 magis
1440 2296 1795 2365 meritorium,
1836 2307 2042 2371 quanto
2084 2300 2336 2357 voluntas

333 2392 449 2459 ejus
497 2388 672 2458 magis
713 2386 988 2441 stabilitur
1037 2386 1091 2440 in
1137 2385 1294 2441 bono.
1345 2385 1500 2441 Unde
1539 2393 1594 2440 et
1637 2388 1930 2457 Apostolus
1974 2398 2176 2456 monet,
2202 2384 2226 2444 '1
2267 2391 2334 2447 ad

334 2477 542 2533 Corint.
563 2492 658 2543 xv,
687 2478 788 2531 58:
819 2474 1044 2530 stabiles
1071 2480 1228 2529 estote
1257 2480 1306 2529 et
1337 2474 1638 2531 immobiles,
1669 2474 1738 2530 Et
1765 2476 2063 2531 secundum
2089 2478 2336 2533 Philosc-

334 2566 499 2638 pbum
528 2564 597 2621 ad
634 2564 893 2620 virtutem
933 2564 1248 2637 requiritur,
1281 2571 1339 2619 ut
1381 2563 1581 2635 aliquis
1624 2559 1853 2619 tirmiter
1891 2573 1945 2619 et
1988 2565 2337 2621 immobiliter

334 2660 608 2726 operetur.
640 2652 744 2709 Sed
773 2653 826 2708 'et
843 2653 1116 2723 justitiam
1137 2652 1443 2724 jurisperiti
1474 2650 1765 2718 diffiniunt,
1797 2652 1942 2724 quod
1969 2660 2052 2708 est
2080 2664 2336 2712 constans

335 2751 390 2797 et
416 2750 677 2814 perpetua
702 2741 976 2797 voluntas,
1007 2742 1159 2796 Sicut
1186 2748 1242 2796 et
1270 2757 1300 2795 e
1325 2740 1602 2797 contrario
1644 2748 1812 2813 patet,
1836 2742 1981 2815 quod
2013 2752 2167 2800 tauto
2206 2761 2338 2815 pec-

335 2838 520 2886 catum
567 2836 654 2885 est
697 2827 1092 2897 detestabiliuS,
1134 2836 1339 2901 quanto
1378 2828 1631 2909 voluntas
1676 2830 1910 2886 hominis
1954 2832 2127 2903 magis
2175 2828 2337 2889 suerit

335 2919 612 2975 obstinata
635 2919 689 2973 in
715 2918 878 2973 malo.
911 2918 1065 2973 Unde
1093 2924 1148 2972 et
1177 2918 1474 2973 obstinatio
1514 2917 1733 2989 ponitur
1758 2928 2043 2991 peccatum
2076 2921 2129 2975 in
2159 2922 2338 2993 Spiri-

325 3016 451 3061 tum
482 3010 753 3063 sanctum.
784 3005 1129 3062 Manifestum
1158 3012 1242 3061 est
1271 3014 1475 3074 autem,
1508 3006 1653 3077 quod
1695 3007 1947 3064 voluntas
1994 3009 2245 3083 firmatur
2267 3009 2337 3067 ad
2410 3026 2430 3043 ·

335 3096 542 3168 aliquid
584 3088 1019 3167 faciendum'per
1052 3097 1466 3167 juramentum:
1499 3095 1638 3150 unde
1672 3105 1727 3151 et
1769 3096 2055 3153 Psalmista
2099 3098 2333 3168 dicebat,

333 3184 478 3239 Psal.
510 3186 794 3249 cv111,406
830 3202 841 3238 :
873 3183 1071 3239 Itu-avi
1113 3191 1163 3239 et
1189 3184 1358 3241 statui
1399 3183 1663 3240 custodire
1698 3184 1909 3256 ,iudicia
1950 3185 2179 3257 justitice
2210 3174 2337 3245 tuce.

335 3274 700 3329 confirmatur
747 3274 914 3329 etiam
951 3273 1203 3329 similiter
1247 3280 1302 3329 et
1348 3280 1493 3339 vot0‚
1520 3276 1657 3329 cum'
1702 3279 1889 3329 votum
1934 3277 2018 3331 sit·
2054 3276 2339 3347 promissi-o

335 3360 612 3434 quaedam.
639 3361 742 3431 Qui
773 3369 958 3417 autem
987 3362 1257 3434 promittit
1285 3378 1344 3418 se
1373 3361 1579 3435 aliquid
1606 3362 1899 3427 facturum,
1932 3363 2113 3419 firmat
2140 3379 2340 3437 propo-

335 3451 508 3507 situm
534 3438 689 3505 suum
719 3451 788 3506 ad
819 3451 1172 3523 implendum.
1203 3451 1556 3507 Laudabilius
1582 3453 1748 3522 igitur
1780 3458 1864 3507 est
1886 3452 2105 3506 virtutis
2125 3467 2259 3523 opus
2284 3458 2341 3507 et

333 3540 514 3611 magis
537 3540 876 3594 meritorium
901 3540 947 3595 si
979 3540 1072 3595 fiat
1095 3540 1378 3595 voluntate
1406 3540 1619 3595 firmata
1664 3556 1758 3613 per
1784 3546 1989 3597 votum.
2023 3538 2145 3595 Hoc'
2175 3540 2341 3607 etiam

335 3634 566 3701 apparet
591 3645 658 3683 ex
683 3628 1075 3684 consuetudine
1101 3630 1228 3683 vitae
1252 3627 1525 3684 humanae.
1697 3616 1703 3622 ’
2024 3653 2029 3659 ’
2098 3654 2107 3657 -
2152 3696 2156 3701 1
2186 3648 2196 3657 ·<
2280 3646 2287 3655 ·

406 3716 548 3787 Quia
573 3718 716 3772 enim
744 3717 998 3774 voluntas
1023 3716 1258 3773 humana
1287 3715 1566 3772 mutabilis
1593 3724 1677 3772 est
1704 3716 1769 3773 ad
1802 3716 1907 3771 hoc
1942 3728 2003 3771 ut
2028 3717 2208 3775 verbis
2241 3718 2343 3778 ho·

336 3806 548 3861 minum
591 3805 724 3861 fides
759 3806 1102 3873 adhibeatur,
1131 3806 1184 3861 in
1226 3812 1445 3861 tantum
1489 3804 1713 3862 inolevit
1751 3806 2109 3877 consuetudo,
2138 3815 2198 3863 ut
2223 3809 2344 3864 boc

333 3886 484 3968 ‘quod
511 3893 712 3968 aliquis
739 3894 896 3951 alteri
923 3894 1040 3953 vult
1062 3895 1260 3962 facere,
1291 3893 1651 3967 promissione
1688 3896 1991 3965 confirmet,
2020 3903 2076 3953 et
2118 3895 2345 3994 ulterius
