2784 4392
414 281 537 352 220
894 281 948 351 s.
991 297 1226 350 ¹1·quAE
1264 298 1596 354 sommus
1636 297 1948 348 croscum

1154 509 1442 583 CAPUT
1487 509 1677 580 XVI.

526 646 785 727 Quarto,
812 645 883 712 do
898 644 1015 710 ..lieo
1038 643 1203 728 md
1228 643 1507 725 mimo-ri
1523 645 1934 795 ’zeumatenus
1947 657 2098 708 ew
2107 641 2335 723 penui

1231 750 1550 814 meam-em
1583 778 1600 796 .

484 867 645 924 Nunc
696 871 867 924 restat
914 870 1113 940 quarto
1160 865 1450 922 ostendere
1494 861 1768 940 quomodo
1815 862 2066 919 nituntur
2116 869 2433 924 monstrare

416 957 561 1028 quod
604 955 843 1028 religiosi
886 955 1002 1012 suis
1045 953 1488 1030 persecutoribus
1527 952 1733 1011 nullam
1768 967 1988 1024 poenam
2033 961 2130 1010 aut
2160 969 2431 1026 persecu-

420 1045 623 1100 tionem
654 1042 890 1100 debeant
917 1059 1229 1116 procurare.
1252 1043 1473 1101 Dicitur
1489 1041 1870 1097 enim.tt1atth.
1900 1057 1954 1107 v,
1985 1044 2052 1098 22
2080 1059 2094 1095 τ
2123 1041 2433 1114 Benefacite

419 1130 503 1187 his
526 1131 619 1204 qui
642 1120 873 1188 oderunt
895 1147 1003 1197 vos,
1026 1139 1077 1188 et
1116 1137 1265 1188 orate
1288 1147 1393 1207 pro
1425 1127 1860 1206 persequentibus
1889 1135 1938 1184 et
1969 1129 2429 1186 calumniantibus

421 1235 529 1284 uos,
562 1227 617 1276 et
662 1219 767 1276 hoc
807 1219 955 1276 idem
998 1219 1201 1275 dieitur
1230 1221 1364 1276 Luc.
1397 1235 1478 1278 vr.
1521 1219 1664 1290 Ergo
1709 1217 1948 1275 inimic-is
1983 1221 2431 1293 persecutionem

415 1307 620 1365 inferre
663 1308 1035 1385 prohibemur.
1068 1307 1174 1382 Qui
1214 1308 1361 1366 enim
1405 1307 1568 1366 alicui
1609 1307 1756 1366 bona
1797 1306 1962 1364 debet
2002 1307 2220 1376 inferre,
2253 1308 2430 1366 multo

418 1398 596 1470 magis
620 1413 727 1454 non
752 1398 917 1455 debet
940 1399 991 1456 ei
1018 1413 1235 1455 nocere.
1930 1417 1945 1430 ·

488 1487 647 1554 Item,
680 1487 875 1544 Matt'h.
901 1503 961 1554 x,
992 1490 1059 1544 ⁴6
1094 1503 1109 1546 z
1134 1487 1270 1544 Eece
1308 1502 1398 1562 eqo
1427 1485 1583 1544 mitto
1618 1501 1708 1541 vos
1743 1485 1881 1542 sicut
1909 1500 2026 1542 oves
2050 1483 2112 1540 in
2133 1484 2306 1542 medio
2335 1485 2430 1544 lu-

417 1591 631 1650 porum,
656 1576 853 1635 Glossa
882 1594 895 1631 ε
930 1596 956 1630 α
984 1576 1091 1649 Qui
1120 1575 1301 1634 locum
1334 1573 1742 1647 praedicationis
1767 1573 2019 1646 suscipit,
2055 1572 2197 1631 mala
2227 1573 2430 1632 inferre

418 1681 528 1721 non
560 1666 740 1733 debet,
782 1666 895 1724 sed'
923 1658 1177 1724 tolerare.
1226 1685 1253 1718 »ι
1298 1664 1444 1738 Ergo
1486 1664 1533 1721 si
1577 1662 1748 1734 aliqui
1789 1661 2185 1739 praedicatores
2227 1677 2428 1740 prenae

418 1753 607 1810 inferri
636 1755 751 1812 suis
791 1754 1125 1812 adversariis
1168 1759 1481 1828 procurent,
1511 1767 1569 1808 se
1611 1749 1777 1808 falsos
1819 1751 2210 1828 praedicatores
2239 1761 2428 1810 osten-

420 1843 579 1898 dunt.
608 1842 767 1908 Item,
794 1841 953 1898 Rom.
994 1857 1103 1906 xrr,
1148 1842 1219 1896 ⁴7
1250 1857 1264 1894 z
1300 1839 1458 1899 Num
1494 1839 1694 1894 malum
1729 1855 1832 1913 pro
1859 1841 1998 1895 malo
2025 1839 2298 1903 reddentes
2317 1857 2338 1908 ,·
2367 1849 2427 1900 et

418 1929 563 1986 infra
596 1946 610 1983 z
642 1927 766 2002 Non
806 1929 1141 2004 vosmetipsos
1178 1926 1532 2000 defendentes,
1577 1927 1900 1993 char-issimi,
1933 1928 1990 1988 id.
2031 1935 2252 1988 estnon
2291 1931 2429 1988 satis

420 2017 741 2075 referientes
770 2017 1135 2074 adversarios
1162 2016 1304 2086 Ergo
1340 2021 1536 2074 contra
1573 2016 1881 2076 doctrinam
1909 2017 2156 2094 Apostoli
2195 2019 2424 2090 faciunt,

419 2108 513 2180 qui
543 2121 671 2164 suos
699 2106 1045 2166 adversarios
1072 2105 1252 2178 puniri
1278 2112 1598 2178 procurant.

489 2198 647 2254 Item.
692 2195 753 2253 In
800 2195 1053 2270 Legenda
1099 2199 1417 2254 sanctorum
1457 2194 1694 2252 Simonis
1732 2199 1788 2250 et
1823 2195 1980 2253 Judae
2027 2195 2246 2270 legitur,
2279 2199 2431 2276 quod
2468 2261 2472 2264 ,

418 2299 545 2342 curn
571 2284 684 2343 dux
711 2283 855 2358 regis
883 2286 1171 2342 Persarum
1204 2281 1372 2342 vellet
1411 2283 1608 2359 punire
1639 2283 1956 2342 sacerdotes
1981 2283 2252 2345 idolorum
2291 2301 2429 2345 con-

419 2373 621 2432 trarios
638 2373 935 2448 Apostolis,
962 2371 1210 2449 Apostoli
1231 2371 1584 2448 projecerunt
1609 2387 1668 2429 se
1693 2371 1764 2430 acl
1786 2373 1951 2444 pedes
1974 2372 2150 2443 ducis,
2173 2381 2428 2450 rogantes

421 2471 483 2521 ut
527 2463 607 2520 eis
644 2471 897 2540 parceret
927 2479 995 2520 ne
1036 2467 1219 2520 essent
1258 2459 1425 2520 alicui
1466 2461 1904 2536 interemptionis
1951 2462 2188 2530 occasio,
2213 2465 2308 2536 qui
2357 2464 2428 2523 ad

420 2568 766 2610 communem
794 2553 1028 2610 salutem
1056 2557 1320 2609 venerant
1347 2549 1770 2623 procurandam.
1815 2548 1958 2622 Ergo
1990 2549 2068 2607 illi
2099 2551 2194 2624 qui
2225 2568 2430 2627 procu-

421 2649 547 2699 rant
579 2647 637 2698 ut
663 2643 753 2700 sui
778 2641 1077 2701 adversarii
1106 2656 1139 2700 a
1167 2637 1514 2717 principibus
1539 2639 1855 2717 puniantur,
1881 2655 1990 2699 non
2012 2645 2138 2719 sunt
2158 2641 2294 2712 veri,
2327 2642 2424 2703 sed

421 2729 544 2788 falsi
570 2730 839 2803 Apostoli.

492 2819 653 2874 Item.
697 2817 884 2876 Galat.
928 2833 1008 2886 lv,
1037 2820 1155 2874 29:
1200 2816 1462 2886 ραοτηοάο
1497 2823 1626 2878 tunc
1669 2817 1718 2872 is
1753 2817 1848 2894 qui
1889 2817 2172 2876 seeundum
2215 2835 2430 2878 curnem

421 2913 583 2964 natus
610 2912 704 2974 est,
740 2905 1158 2982 persequebatur
1186 2921 1303 2961 eum
1332 2906 1426 2982 qui
1443 2905 1731 2964 seeundum
1767 2907 2047 2982 spiritum,
2073 2907 2155 2966 ita
2183 2915 2232 2965 et
2255 2925 2423 2976 nune,

420 2996 617 3054 Glossa
642 2995 936 3068 ›August'mi
968 3013 981 3050 ε
1010 3014 1037 3048 α
1066 2994 1171 3067 Qui
1202 3000 1327 3052 sunt
1356 2995 1660 3051 secundum
1689 3011 1910 3052 carnem
1939 2997 2054 3054 nati
2073 2996 2102 3055 Τ
2127 2997 2430 3055 Dilectores

422 3085 633 3156 mundi,
663 3089 939 3144 amatores
976 3084 1183 3143 saeculi.
1226 3113 1291 3126 --
1336 3083 1444 3154 Qui
1481 3089 1613 3140 sunt
1640 3085 1940 3140 secundum
1977 3083 2232 3160 spiritum
2270 3086 2432 3142 nati?

420 3179 711 3232 Amatores
738 3174 891 3248 regni
924 3173 1207 3242 emiorum,
1237 3171 1530 3230 dilectores
1559 3171 1780 3228 Christi.
1814 3173 2010 3244 »Ergo
2035 3173 2158 3230 illos
2183 3174 2278 3250 qui
2307 3174 2432 3235 aliis

420 3264 859 3336 persecutionem
883 3269 1199 3336 procurant,
1232 3265 1461 3336 apparet
1482 3275 1602 3316 esse
1628 3267 1903 3332 amatores
1931 3263 2142 3318 mundi.

491 3353 651 3410 Item.
674 3352 863 3411 Galat.
885 3369 941 3420 v,
961 3355 1027 3410 26
1048 3369 1063 3408 ι
1088 3349 1215 3409 Non
1239 3348 1527 3423 efficiamur
1544 3349 1727 3406 ἰνιαηὶε
1746 3349 1941 3424 9ῖονὶω
1963 3350 2167 3424 cupidi,
2193 3352 2390 3412 Glossa
2415 3373 2429 3409 :

423 3463 453 3498 α
480 3442 668 3505 Inanis
690 3442 865 3516 gloria
890 3447 974 3499 est
996 3440 1214 3498 vincere
1234 3437 1374 3496 velle
1395 3437 1486 3494 ubi
1507 3439 1798 3516 praemium
1821 3455 1928 3496 non
1958 3447 2074 3510 est3
2107 3441 2202 3498 sed
2229 3443 2308 3498 illi
2337 3445 2434 3518 qui

421 3530 749 3589 adversariis
779 3531 894 3588 suis
931 3529 1369 3604 persecutionem
1397 3535 1711 3602 procurant,
1747 3529 2035 3586 victoriam
2069 3545 2316 3602 quaerere
2344 3547 2434 3589 vr-

421 3620 640 3678 dentur.
677 3639 705 3674 n
730 3620 873 3694 Ergo
900 3618 1007 3678 hoc
1045 3618 1115 3677 ad
1140 3618 1357 3675 inanem
1380 3615 1614 3692 gloriam
1640 3618 1902 3690 pertinet.
1927 3616 2008 3675 Ex
2034 3617 2118 3674 his
2143 3633 2274 3693 ergo
2297 3635 2434 3676 con-

420 3707 641 3765 cludere
661 3709 866 3776 volunt,
892 3707 1040 3785 quod
1064 3707 1212 3768 nullo
1244 3706 1406 3768 modo
1429 3706 1636 3768 sanctis
1651 3706 1786 3768 viris
1815 3705 1978 3765 liceat
2007 3705 2282 3785 aliquibus
2305 3724 2436 3785 per·

424 3799 763 3856 secutionem
792 3800 1093 3854 concitare.

468 3885 650 3945 Item.
677 3883 810 3945 Luc.
838 3899 923 3955 rx,
956 3886 1023 3941 54
1052 3901 1067 3944 ε
1101 3883 1303 3942 dicitur
1331 3882 1480 3961 quod
1506 3881 1744 3946 Jacobus
1779 3889 1836 3944 et
1865 3885 2102 3946 ,loannes
2126 3883 2387 3948 dixerunt
2416 3902 2432 3952 t
