2784 4392
25 4222 39 4249 ¹⁹
17 3701 42 4195 ,θῇ-’-
17 2783 35 3660 ’τ--η--ι--ι-ιι-ῄηρ-ῲη,
18 2709 21 2766 .-,.,

594 293 724 337 xxv.
747 261 1102 340 '--·con·rna
1139 295 1358 344 meua.
1403 297 1508 346 nni
1548 299 1720 348 oun‘r.
1764 301 1846 348 m·
1883 302 2091 351 namo.
2226 293 2344 356 129

341 409 546 480 pseudo
569 411 610 466 A
619 410 844 482 postolis
865 411 1220 482 praedicandi,
1234 415 1326 486 qui
1354 419 1579 488 propter
1596 415 1712 474 sola
1740 421 2061 493 temporalia
2087 425 2357 498 praedica-

336 497 488 565 bant,
523 504 582 552 ut
611 497 760 570 patet
787 500 834 556 Il
863 500 1098 569 Cor.x1‚
1126 503 1234 559 ⁴2:
1271 502 1419 568 Quod
1442 511 1615 562 autem
1638 505 1799 578 facio,
1826 515 1876 566 ct
1902 509 2103 581 faciam
2130 521 2191 571 ut
2219 531 2345 572 am·-

329 593 512 659 putem
537 587 854 644 occasionem
879 605 1071 656 eorem,
1101 591 1194 662 qui
1223 593 1405 650 volunt
1422 593 1761 662 occasionem,
1781 604 1845 654 ut
1872 597 1933 654 in
1962 615 2063 670 quo
2084 602 2337 672 glorian-

333 681 446 740 tur,
477 672 828 734 inveniantur
849 675 988 735 sicut
1015 685 1066 734 ct
1089 695 1202 735 nos.
1227 679 1565 755 Quandoque
1592 691 1813 756 propter
1829 688 2120 746 avaritiam
2146 705 2336 750 eorum

332 765 530 838 quibus
565 765 918 837 praedicabat‚
953 783 1019 822 ne
1065 769 1298 840 gravati,
1331 769 1378 826 si
1421 771 1681 843 Apostolo
1711 773 2003 832 seminanti
2027 779 2336 850 spiritualia

329 855 676 928 providerent
700 856 1036 928 temporalia,
1063 871 1094 912 a
1117 857 1222 913 fide
1239 858 1600 930 discederent,
1621 867 1681 916 ut
1706 869 1859 934 patet
1878 865 1926 920 Π
1947 865 2071 922 Cor.
2094 881 2200 936 ιω,
2226 871 2293 926 43
2317 885 2333 926 2
2406 882 2413 892 ·

331 943 469 1011 Quid
495 953 569 1002 cst
595 946 734 1002 enim
763 945 900 1018 quod
919 945 1094 1002 minus
1119 946 1376 1003 habuistis
1393 964 1517 1020 prta
1542 950 1750 1006 coeteris
1778 951 2031 1010 Ecclesiis
2054 954 2164 1011 nisi
2195 957 2333 1028 quod

325 1051 416 1106 eqo
439 1035 548 1106 ipsc
575 1051 681 1090 non
725 1035 950 1106 qravnvi
989 1035 1120 1091 vos?
1146 1037 1351 1106 Tertio,
1398 1036 1469 1094 ad
1512 1037 1751 1096 dandum
1799 1041 2108 1113 exemplum
2137 1045 2331 1104 otiosis

325 1124 604 1196 operandi,
634 1125 680 1178 11
709 1124 898 1180 Thess.
923 1139 1011 1190 ιη,
1045 1129 1117 1180 8:
1134 1124 1299 1183 Nocte
1320 1131 1370 1180 et
1399 1125 1483 1180 dic
1510 1135 1805 1198 operantes,
1834 1145 1899 1186 nc
1918 1146 2069 1202 quem
2092 1141 2328 1192 vestrum

321 1227 689 1282 manaremus.
731 1212 798 1267 Et
839 1211 1024 1269 infra:
1055 1213 1130 1270 Ut
1169 1214 1507 1286 nosmetipsos
1533 1215 1763 1286 sormam
1804 1217 2055 1276 daremus
2082 1220 2227 1279 vobis
2254 1223 2327 1280 ad

321 1301 642 1357 imitandum
689 1317 801 1358 nos.
851 1304 966 1360 Neo
1015 1309 1195 1359 tamen
1244 1303 1541 1376 Apostolus
1583 1303 1869 1363 laborabat
1912 1309 1969 1366 in
2011 1307 2119 1365 illis
2165 1309 2297 1367 locis
2274 1337 2321 1382 ,

320 1391 374 1445 in
406 1391 601 1468 quibus
625 1391 872 1466 quotidie
900 1391 1236 1464 praedicandi
1266 1392 1583 1450 facultatem
1613 1394 1870 1463 habebat,
1900 1398 2046 1456 sicut
2071 1399 2317 1466 Athenis,

318 1478 379 1534 iit
405 1481 740 1550 Augustinus
769 1481 904 1536 dicit
932 1481 989 1534 in
1020 1479 1156 1536 libro
1199 1479 1272 1536 Dc
1301 1497 1459 1553 opere
1478 1483 1719 1539 monach.
1746 1483 1815 1540 Et
1853 1485 1977 1540 ideo
2006 1501 2112 1542 non
2143 1497 2227 1544 est
2252 1489 2324 1548 de.
2364 1506 2369 1512 ·

315 1570 645 1625 necessitate
692 1569 886 1624 salutis
928 1568 1072 1640 quod
1122 1568 1358 1639 religiosi
1405 1569 1459 1624 in
1503 1569 1605 1624 hoc
1641 1571 1965 1642 Apostolum
2009 1573 2317 1640 imitentur,

312 1673 439 1713 cum
475 1673 580 1712 non
624 1662 914 1712 teneantur
964 1655 1031 1712 ad
1077 1671 1262 1712 omnes
1307 1657 1837 1730 supererogationes·
1878 1659 2031 1716 Unde
2078 1677 2179 1718 nec
2220 1664 2313 1721 alii

309 1742 559 1820 Apostoli
592 1743 842 1800 manibus
879 1743 1217 1812 laborabant,
1247 1745 1347 1800 nisi
1392 1745 1534 1800 forte
1562 1747 1782 1819 quando
1820 1763 1930 1804 non
1961 1749 2315 1810 inveniebant
2396 1773 2403 1780 ·

309 1837 403 1908 qui
433 1835 513 1890 eis
541 1834 716 1900 daret,
751 1834 805 1888 in
831 1848 938 1905 quo
967 1847 1098 1889 casu
1128 1839 1343 1889 tenetur
1368 1833 1599 1906 quilibet
1629 1835 1879 1892 manibus
1908 1837 2179 1896 laborare.

381 1925 463 1980 Ad
496 1924 546 1979 id
573 1923 714 1996 quod
739 1928 891 1978 sexto
920 1921 1194 1997 objicitur,
1218 1921 1510 1991 dicendum
1534 1924 1678 1995 quod
1708 1924 1935 1984 decreta
1960 1923 2052 1984 illa
2072 1927 2315 2002 loquun-

309 2022 398 2070 tur
419 2015 487 2069 de
510 2012 841 2068 illisclericis
861 2009 1058 2084 quibus
1077 2010 1366 2068 facultates
1385 2012 1647 2076 Ecclesiae
1669 2022 1723 2070 ot
1744 2014 2045 2072 oblationes
2066 2018 2315 2078 fidelium

307 2119 413 2159 non
439 2102 713 2158 sufficiunt
739 2101 806 2156 ad
835 2100 1145 2170 vivendum,
1177 2101 1270 2173 qui
1301 2101 1501 2158 debent
1525 2101 1731 2160 victum
1758 2103 2013 2162 manibus
2036 2123 2307 2179 quaerere.
2414 2124 2423 2139 ·

377 2193 458 2248 Ad
488 2193 780 2264 septimum
819 2189 1127 2254 dicendum,
1156 2190 1300 2262 quod
1331 2190 1624 2262 Apostolus
1669 2193 1765 2248 dat
1793 2193 2076 2268 Episcopis
2115 2213 2305 2252 exem·
2379 2215 2383 2219 ·

306 2283 454 2356 plum
484 2278 765 2338 laborandi
795 2279 851 2334 in
892 2277 1110 2334 casibus
1139 2278 1193 2332 in
1217 2276 1417 2350 quibus
1458 2280 1573 2350 ipse
1614 2279 1917 2348 laborabat,
1946 2285 2163 2356 quando
2196 2287 2307 2342 sci-

306 2374 433 2427 licet
459 2371 643 2426 labore
681 2382 938 2424 manuum
983 2367 1054 2422 ab
1075 2366 1525 2440 occupationibus
1558 2367 1957 2428 Ecclesiastiois
1988 2386 2096 2428 non
2128 2373 2305 2445 impe·-

303 2461 546 2529 diuntur,
591 2457 934 2530 et'accipere
967 2463 1216 2527 sumptus
1257 2463 1403 2518 esset
1443 2455 1498 2510 in
1541 2471 1838 2528 gravamen
1880 2466 1936 2515 et
1982 2461 2301 2520 scandalum

299 2550 648 2608 subditorum
675 2547 742 2602 de
767 2561 906 2602 novo
937 2551 1324 2601 conversorum
1348 2545 1417 2600 ad
1446 2545 1630 2600 fidem.

371 2641 454 2696 Ad
486 2638 538 2693 id
563 2635 708 2709 quod
731 2643 927 2692 octavo
951 2633 1230 2704 objicitur,¹
1253 2633 1541 2691 dicendum
1564 2633 1710 2706 quod
1741 2633 1893 2691 labor
1914 2637 2205 2704 manualis,
2240 2645 2301 2698 ut

297 2745 396 2803 per
419 2726 801 2783 auctoritatem
827 2722 1140 2796 Hieronymi
1168 2722 1445 2778 inductam
1474 2728 1645 2794 patet,
1675 2738 1782 2778 non
1808 2723 1981 2782 solum
2001 2727 2299 2786 assumitur

298 2817 366 2874 ad
401 2815 571 2870 vitum
614 2810 990 2884 quaerendum,
1037 2809 1134 2864 sed
1175 2809 1243 2865 ad
1281 2824 1451 2864 vanas
1491 2809 1855 2881 cogitationes
1900 2813 2293 2885 reprimendas,

295 2920 422 2978 quae
449 2907 748 2959 nascuntur
775 2916 844 2956 ex
871 2898 984 2955 otio
1013 2904 1067 2954 et
1093 2899 1273 2954 carnis
1300 2899 1667 2970 corruptione.
1695 2899 1883 2958 Otium
1912 2910 2097 2958 autem
2122 2902 2296 2960 effice·

293 2994 434 3048 citer
471 2993 784 3048 removetur
827 3001 931 3042 non
975 2985 1150 3042 solum
1197 3002 1291 3057 per
1329 3001 1494 3056 opera
1539 2987 1832 3055 manualia,
1860 2990 1957 3046 sed
2000 2992 2167 3048 etiam
2197 3009 2296 3064 per

293 3079 555 3136 exercitia
581 3064 907 3150 spiritualia,
931 3061 1130 3147 quibus
1153 3075 1322 3130 etiam
1339 3075 1782 3146 concupiscentia
1820 3079 2001 3134 carnis
2024 3078 2291 3146 frenatur,

290 3170 437 3226 unde
475 3167 610 3223 dicit
652 3166 1019 3237 Hieronymus
1065 3163 1120 3219 in
1167 3163 1357 3220 eadem
1406 3164 1635 3236 epistola
1680 3181 1695 3220 ε
1746 3185 1771 3218 α
1820 3168 1958 3222 Ama
2004 3169 2293 3226 scientiam

290 3259 716 3330 scripturarum,
745 3260 800 3309 et
837 3253 1020 3309 carnis
1057 3253 1192 3308 vitia
1214 3268 1333 3308 -non
1363 3252 1591 3308 amabiS.
1629 3273 1656 3306 n
1691 3253 1842 3310 Unde
1869 3261 2135 3326 quantum
2163 3272 2297 3328 per-

289 3346 430 3402 tinet
459 3345 528 3402 ad
571 3358 768 3416 corpus
797 3341 1130 3398 domandum
1157 3347 1214 3396 et
1259 3341 1433 3397 otium
1477 3341 1795 3407 tollendum,
1828 3341 1982 3399 labor
2024 3345 2293 3401 manualis

185 3469 192 3477 ·
288 3450 397 3490 non
425 3441 508 3490 est
535 3432 591 3488 in
617 3437 912 3505 praecepte,
932 3429 1226 3485 dummodo
1247 3428 1408 3483 bomo
1434 3444 1528 3500 per
1560 3428 1667 3484 alia
1696 3429 2005 3500 spiritualia
2032 3432 2293 3504 exercitia

285 3525 460 3580 otium
486 3522 678 3591 evitet,
720 3527 776 3577 et
813 3533 1013 3591 corpus
1052 3517 1286 3588 castiget
1324 3517 1450 3573 aliis
1478 3517 1815 3587 poenitentiae
1842 3519 2115 3588 oper-ibae,
2148 3520 2293 3577 sicut

279 3613 526 3686 jejunii3‚
559 3609 764 3682 vigiliis
797 3615 852 3664 et
891 3605 1218 3678 hujusmodi,
1249 3605 1392 3661 inter
1442 3620 1566 3677 quae
1606 3613 1961 3662 connumerat
2002 3609 2292 3680 Apostolus

284 3703 534 3758 laborem
563 3715 846 3767 manuum,
870 3698 1076 3762 dicens
1107 3696 1157 3751 11
1181 3694 1306 3750 Cor.
1334 3710 1414 3762 vi,
1448 3695 1527 3750 5.
1556 3693 1624 3750 In
1651 3693 1939 3762 laboribus,
1960 3697 2021 3752 in
2067 3696 2289 3770 vigiliis,

281 3791 345 3847 in
376 3791 630 3867 jejuniis.
669 3789 918 3847 Glossa.
948 3807 974 3840 α
1008 3787 1066 3872 In
1097 3782 1374 3890 laboribus
1400 3799 1647 3858 operum,
1676 3802 1701 3836 n
1729 3783 1859 3857 quia
1889 3785 2141 3886 manibus
2176 3789 2291 3846 suis

279 3877 687 3962 operabatur,'

781 3969 832 4020 8.
863 3967 1018 4022 ‘raon
1054 3968 1139 4028 Ao
1173 3966 1439 4019 ornacum.
1468 3985 1513 4005 -
1558 3963 1636 4016 111.
1670 3985 1733 4002 -
1764 3961 1795 4015 9
