2784 4392
493 260 616 320 112
866 310 880 323 „
969 275 1019 319 s.
1064 270 1297 316 ‘monui
1337 270 1671 321 Aounwns
1708 270 2020 317 croscum

495 392 642 462 mali,
677 398 862 451 tamen
902 390 1133 447 multum
1164 390 1561 462 praeponderat,
1610 388 1754 463 quod
1787 404 1881 461 per
1909 387 2013 444 hoc
2041 390 2287 445 vitantur
2332 388 2508 443 multa

493 480 599 537 alia
639 482 844 552 majora
879 479 1042 545 mala,
1085 479 1229 535 sicut
1261 477 1410 551 prius
1438 484 1719 533 ostensum
1758 483 1841 532 est
1881 476 2025 549 quod
2066 486 2161 549 per
2190 474 2293 532 hoc
2318 476 2509 532 multis

493 570 748 641 periculis
778 568 1089 640 objiciatur.

563 656 645 713 Ad
671 658 817 715 aliud
841 657 986 729 quod
1013 663 1198 728 postea
1219 653 1494 726 objicitur,
1523 654 1665 725 quod
1695 652 1765 710 ad
1786 652 2109 715 monachum
2136 669 2243 712 non
2269 658 2509 727 pertinet

491 748 783 819 corrigere,
817 754 871 802 et
899 746 980 802 sic
1005 759 1104 801 nec
1133 742 1434 808 absolvere,
1464 740 1755 797 dicendum
1780 743 1927 815 quod
1957 758 2146 798 verum
2177 752 2260 799 est
2286 744 2511 815 propria

494 837 841 901 auctoritate,
874 834 968 889 sed
1003 848 1070 889 ex
1098 830 1480 888 commissione
1516 832 1903 887 auctoritatem
1934 831 2186 888 habentis
2210 838 2511 905 utrumque

495 931 673 995 potest
697 922 798 979 sibi
825 928 1154 995 competere,
1189 920 1233 975 si
1264 918 1593 976 sacerdotali
1622 916 1810 975 ordine
1842 918 2119 991 fungatur.
2154 919 2512 993 Demophilus

497 1022 677 1067 tamen
703 1011 811 1079 cui,
837 1010 1126 1083 Dionysius
1156 1008 1445 1075 scribebat,
1480 1024 1588 1064 non
1613 1010 1733 1065 erat
1756 1008 2034 1073 sacerdos²
2060 1024 2162 1064 nec
2186 1008 2351 1067 etiam
2384 1008 2511 1064 dia-

496 1115 684 1167 conus,
717 1106 775 1154 ut
805 1116 871 1155 ex
895 1098 978 1154 his
1007 1112 1132 1172 quae
1164 1099 1215 1153 in
1247 1097 1439 1153 eadem
1466 1096 1695 1168 epistola
1726 1097 1985 1156 dicuntur
2008 1104 2267 1169 apparet..

566 1188 648 1243 Ad
696 1186 827 1242 illud
872 1187 1016 1261 quod
1061 1193 1250 1259 postea
1277 1184 1554 1256 objicitur,
1606 1182 1752 1258 quod
1790 1186 1837 1241 si
1879 1192 2098 1257 possent
2139 1178 2511 1243 confessiones

497 1276 704 1341 audire,
743 1274 936 1331 eadem
973 1273 1188 1332 'ratione
1229 1273 1431 1347 ubique
1469 1279 1709 1346 possent,
1742 1280 1798 1329 et
1837 1274 1926 1329 sic
1955 1284 2137 1330 essent
2184 1273 2510 1332 universalis

496 1363 754 1422 Ecclesiae
793 1364 1201 1434 gubernatores,
1237 1362 1526 1418 dicendum
1565 1360 1710 1435 quod
1744 1378 2011 1435 nusquam
2052 1374 2274 1436 possunt
2316 1364 2510 1421 audire

497 1454 715 1527 propria
763 1454 1110 1519 auctoritate,
1151 1460 1378 1525 possunt
1413 1458 1596 1507 tamen
1639 1451 1827 1508 audire
1862 1451 2189 1527 ubicumque
2233 1454 2313 1508 eis
2351 1468 2511 1509 com-

499 1542 722 1598 missum
765 1542 947 1608 fuerit,
993 1548 1050 1597 et
1073 1539 1119 1597 si
1157 1542 1593 1597 committeretur
1621 1540 1719 1607 eis,
1753 1540 1898 1611 quod
1927 1540 2129 1613 ubique
2157 1538 2407 1598 audirent
2439 1543 2511 1598 ab

498 1644 584 1701 ec,
616 1630 854 1703 quitoti
899 1630 1158 1686 Ecclesiae
1196 1635 1414 1703 praeest,
1454 1634 1675 1701 possent
1712 1628 1911 1702 ubique
1941 1628 2149 1687 audire.
2182 1628 2295 1686 Nec
2325 1637 2509 1687 tamen

497 1725 679 1773 essent
717 1717 1051 1774 universales
1089 1717 1347 1773 Ecclesiae
1380 1717 1791 1787 gubernatores,
1838 1716 1967 1788 quia
2017 1732 2122 1772 non
2164 1716 2509 1773 absolverent

498 1807 825 1863 auctoritate
855 1804 1150 1870 ordinaria,
1179 1805 1272 1860 sed
1303 1806 1611 1860 commissa.
1646 1804 1800 1873 Quod
1820 1813 2013 1860 autem
2044 1806 2189 1878 Papa
2222 1806 2511 1873 universa·

499 1893 606 1949 lem
648 1893 960 1949 Pontificem
990 1908 1048 1948 se
1080 1891 1328 1965 prohibet
1356 1893 1642 1959 nominari,
1679 1910 1785 1949 non
1811 1894 1931 1949 ideo
1957 1902 2058 1959 est,
2094 1896 2222 1966 quia
2256 1898 2368 1968 ipse
2404 1914 2510 1953 non

502 1981 698 2038 habeat
729 1978 1111 2042 auctoritatem
1148 1978 1523 2035 immediatam
1548 1988 1603 2035 et
1633 1981 1848 2054 plenam
1884 1983 1935 2037 in
1966 1982 2209 2056 qualibet
2243 1984 2506 2053 Ecclesia,

501 2072 597 2129 sed
636 2071 766 2144 quia
808 2085 913 2126 non
944 2070 1240 2141 praelicitur
1267 2070 1492 2126 cuilibet
1522 2070 1841 2143 particulari
1882 2072 2140 2129 Ecclesiae
2170 2079 2232 2128 ut
2262 2077 2511 2148 proprius

500 2166 556 2216 et
586 2158 836 2234 specialis
866 2158 1010 2217 illius
1034 2159 1292 2215 Ecclesiae
1327 2168 1526 2227 rector,
1560 2160 1688 2233 quia
1714 2162 1758 2217 si
1790 2172 2069 2217 cessarent
2098 2162 2340 2218 omnium
2372 2164 2511 2219 alio·

500 2264 620 2304 rum
652 2248 974 2304 Pontificum
1014 2254 1330 2320 potestateS,
1374 2254 1431 2304 et
1478 2247 1579 2305 hoc
1628 2250 1928 2322 capitulum
1970 2251 2255 2308 inductum
2302 2252 2514 2309 inducit

501 2352 601 2411 pro
633 2338 866 2394 ratione.

573 2427 654 2482 Ad
704 2441 766 2481 ea
810 2433 992 2482 autem
1021 2425 1219 2497 quibus
1253 2424 1599 2498 postmodum
1635 2427 1885 2483 nituntur
1912 2428 2198 2485 ostendere
2228 2430 2374 2503 quod
2418 2442 2513 2485 nec

501 2516 666 2572 etiam
719 2514 1047 2571 auctoritate
1084 2514 1475 2587 Episcoporum
1519 2524 1745 2586 possunt
1792 2514 2028 2585 religiosi
2068 2516 2390 2588 praedicare,
2429 2518 2510 2574 vel

502 2604 870 2660 confessiones
891 2603 1100 2669 audire,
1129 2602 1198 2657 de
1228 2603 1372 2658 sacili
1400 2610 1553 2677 patet
1583 2604 1882 2674 responsio.

573 2691 727 2760 Quod
773 2693 915 2747 enim
953 2692 1128 2762 primo
1159 2690 1441 2761 objiciunt,
1476 2692 1621 2764 quod
1652 2693 1747 2747 dat
1776 2692 1992 2764 aliquis,
2034 2695 2149 2765 jam
2193 2710 2296 2750 non
2329 2696 2509 2764 habet,

505 2784 656 2852 patet
695 2794 812 2833 esse
853 2778 1048 2833 salsum
1090 2779 1145 2834 in
1193 2779 1587 2849 spiritualibuS,
1622 2796 1745 2853 quae
1774 2785 2245 2840 communicantur
2277 2801 2385 2841 non
2424 2802 2516 2858 per

509 2866 919 2925 translationem
941 2867 1170 2939 alicujus
1195 2868 1441 2934 dominii,
1466 2868 1607 2926 sicut
1637 2870 1839 2925 accidit
1862 2872 1914 2925 in
1936 2872 2095 2928 rebus
2117 2876 2512 2945 corporalibuS,

507 2956 604 3014 sed
633 2956 808 3027 magis
831 2972 928 3028 per
951 2956 1170 3011 modum
1195 2958 1557 3013 emanationis
1581 2959 1865 3029 cujusdam
1892 2960 2117 3019 effectus
2143 2977 2173 3017 a
2202 2978 2303 3019 sua
2327 2978 2513 3031 causa,

506 3047 650 3102 sicut
686 3044 782 3117 qui
813 3046 1177 3101 communicat
1215 3044 1305 3101 alii
1346 3046 1651 3113 scientiam,
1684 3062 1790 3102 non
1821 3056 2043 3121 propter
2071 3050 2173 3107 hoc
2206 3050 2513 3121 scientiam,

507 3134 732 3204 amittit,
774 3134 868 3190 sed
900 3140 983 3190 est
1021 3133 1187 3190 etiam
1226 3135 1280 3189 in
1330 3136 1769 3191 communicante
1806 3145 2066 3207 potestaS.
2109 3138 2213 3208 Qui
2249 3142 2396 3199 enim
2424 3144 2517 3199 dat

506 3225 666 3281 alicui
692 3230 1042 3296 potestatem,
1072 3240 1176 3279 non
1208 3224 1413 3279 amittit
1432 3240 1571 3288 eam,
1600 3224 1741 3280 sicut
1771 3226 2071 3299 Episcopus
2096 3230 2187 3301 qui
2210 3229 2305 3284 dat
2332 3247 2521 3287 sacer-

506 3312 621 3369 doti
661 3318 988 3386 potestatem
1029 3315 1122 3385 qui
1164 3312 1421 3369 conficiat
1448 3329 1645 3385 corpus
1676 3315 1909 3382 Domini,
1955 3316 2135 3372 dando
2170 3334 2273 3373 non
2316 3322 2521 3376 amittit

505 3418 648 3469 eam,
674 3402 814 3459 unde
832 3403 900 3457 de
921 3400 1413 3456 communicatione
1437 3416 1616 3457 rerum
1638 3402 2000 3473 spiritualium
2026 3404 2161 3461 dicit
2184 3412 2522 3479 Augustinus

508 3494 561 3547 in
591 3492 634 3547 1.
664 3490 726 3545 de
765 3490 949 3546 Doctr.
986 3490 1169 3545 christ.
1201 3505 1219 3544 .·
1253 3510 1276 3541 c<
1310 3490 1501 3545 Omnis
1530 3506 1617 3545 res
1648 3506 1771 3562 quae
1798 3490 1978 3548 dando
2010 3509 2111 3548 non
2143 3495 2347 3564 delicit,
2392 3497 2523 3553 dum

506 3580 738 3637 habetur
771 3585 826 3635 et
866 3595 970 3633 non
1011 3578 1191 3645 datur,
1227 3578 1467 3633 nondum
1495 3578 1722 3636 habetur
1747 3580 2017 3652 quomodo
2060 3583 2305 3641 habenda
2344 3594 2446 3641 est.
2494 3606 2522 3639 n

506 3670 574 3723 Et
599 3668 850 3723 similiter
871 3666 1091 3739 quando
1115 3666 1209 3722 dat
1229 3666 1529 3739 Episcopus
1556 3674 1883 3739 potestatem
1908 3672 2176 3727 sacerdoti
2205 3672 2526 3731 absolvendi

510 3755 726 3825 aliquos
767 3753 1031 3820 bomineS,
1077 3769 1185 3810 non
1223 3755 1430 3809 amittit
1471 3753 1618 3811 illam
1658 3763 2004 3829 potestatem,
2049 3760 2151 3814 nisi
2193 3760 2330 3817 forte
2366 3762 2529 3819 aesti-

508 3849 692 3898 metur
721 3850 965 3913 potestas
995 3856 1158 3914 quam
1188 3842 1353 3899 habet
1383 3842 1638 3900 sacerdos
1668 3846 1722 3899 in
1763 3845 2021 3917 parochia
2048 3860 2167 3916 sua,
2216 3848 2371 3923 quasi
2422 3866 2530 3925 po-
