2784 4392
326 326 442 387 142
799 345 853 390 s.
897 345 1132 393 ¹1·quAE
1171 344 1506 399 Aoum-ns
1546 344 1861 393 opuscum.

324 460 718 535 gionem‚·quae
751 464 1124 535 possessiones
1165 464 1382 531 habeat,
1426 464 1481 520 in
1515 470 1787 538 potestate
1830 471 2193 539 tyrannorum
2234 464 2346 519 erit

327 548 594 621 &aperiit-e
605 551 991 623 perfectionem
1012 554 1342 625 evangelicae
1364 555 1723 627 paupertatiS,
1752 553 1898 627 quod
1920 562 2005 610 est
2022 552 2338 609 absurdum.

397 640 551 695 Item.
580 638 662 697 Ad
677 641 779 697 hoc
795 648 1090 715 paupertas
1111 642 1434 708 consulitur,
1466 650 1525 697 ut
1544 642 1855 700 sollicitudo
1881 643 1949 697 de
1976 642 2137 698 rebus
2151 642 2341 697 muudi

327 727 636 799 minuatur-3
661 730 758 786 sed
783 732 1154 803 possessiones
1183 747 1501 788 communes
1527 730 1729 789 multas
1756 730 2153 787 sollicitudines
2182 732 2341 801 inge-

330 822 456 871 runt
497 816 565 873 de
612 818 744 891 ipsis
773 820 1161 878 conservandis
1189 827 1244 877 et
1286 820 1681 885 custodiendis
1728 829 1783 876 et
1822 819 2166 889 excolendis3
2212 834 2341 889 ergo

330 905 622 977 perfectius
659 907 946 964 consilium
990 911 1328 983 paupertatis
1370 909 1629 982 impletur
1658 908 1729 965 ab
1769 907 1856 964 ills
1902 908 1998 981 qui
2028 923 2342 965 communes

320 1008 518 1065 -posses
521 994 700 1051 siones
729 1012 835 1052 non
858 996 1081 1055 habent.

402 1082 640 1139 Ulterius
655 1085 1021 1153 ostendemus,
1051 1087 1196 1160 quod
1223 1091 1519 1161 paupertas
1538 1086 1805 1161 praedicta
1821 1086 2063 1143 laborem
2083 1099 2343 1141 manuum

338 1185 444 1226 non
486 1172 714 1244 requirit
742 1175 797 1229 in
830 1174 1080 1232 omnibus
1109 1176 1176 1232 de
1205 1176 1556 1233 necessitate.
1586 1177 1739 1232 Sicut
1766 1176 1911 1230 enim
1948 1174 2083 1231 dicit
2125 1178 2343 1245 Augus-
2420 1193 2426 1197 ·

339 1261 483 1315 tinus
511 1262 564 1316 in
592 1260 686 1317 lib.
715 1262 792 1317 De
819 1279 973 1335 opere
998 1265 1236 1320 monach.
1266 1280 1285 1320 .·
1317 1285 1343 1317 α
1375 1264 1459 1321 Illi
1494 1266 1587 1337 qui
1615 1263 1889 1336 habebant
1920 1264 1973 1319 in
2009 1262 2210 1320 saeculo
2239 1262 2344 1317 ali-

338 1349 467 1421 quid
499 1364 606 1429 quo
635 1350 752 1407 sine
780 1352 998 1425 opificio
1026 1359 1401 1409 sustentarent
1428 1353 1571 1411 hanc
1598 1355 1787 1419 vitam,
1819 1352 1967 1425 quod
1995 1351 2245 1407 conversi
2275 1350 2344 1406 ad

340 1439 512 1493 Deum
549 1438 915 1511 indigentibus
956 1441 1232 1515 dispartiti
1261 1448 1409 1510 sunt,
1438 1458 1544 1498 non
1569 1450 1697 1498 sunt
1725 1442 1956 1513 cogendi
1984 1438 2234 1503 manibus
2263 1439 2345 1495 la-

343 1526 533 1583 borare
556 1544 571 1599 ;
593 1529 687 1584 sed
711 1529 1216 1588 tales'laudabiliter
1233 1531 1597 1588 voluntariam
1615 1539 1993 1605 paupertatem
2020 1546 2117 1603 pro
2134 1528 2344 1585 Christo

341 1626 641 1681 assumunt,
675 1618 841 1676 etiam
877 1621 923 1676 si
953 1634 1270 1677 communes
1310 1620 1677 1694 proprietates
1715 1634 1822 1675 non
1864 1618 2121 1685 habeant,
2153 1637 2179 1669 >2
2212 1616 2345 1673 tales

341 1706 484 1760 enim
510 1706 676 1762 fuisse
711 1708 910 1764 multos
933 1709 986 1763 in
1018 1698 1296 1782 primitiva
1325 1709 1568 1766 Ecclesia
1599 1709 1654 1763 in
1680 1706 2071 1780 Hierosolymis
2097 1705 2341 1777 legimuS,

345 1800 402 1847 ut
438 1785 790 1866 ‘Augustinus'
821 1796 1024 1852 ibidem
1052 1798 1206 1854 dicit.
1249 1798 1391 1869 Ergo
1437 1797 1514 1853 illi
1562 1798 1656 1871 qui
1701 1802 2077 1870 paupertatem
2119 1795 2343 1865 eligunt,

345 1883 448 1937 etsi
483 1871 798 1939 communes
837 1887 1206 1957 possessiones
1245 1902 1354 1943 non
1381 1885 1639 1954 habeant,
1674 1902 1781 1942 non
1810 1890 2066 1942 tenentur
2100 1880 2349 1940 manibus

345 1970 612 2028 laborare.

417 2062 572 2116 Item.
602 2060 794 2117 Nullus
825 2067 1038 2119 tenetur
1069 2062 1318 2121 manibus
1347 2062 1604 2123 ,laborare
1636 2063 1792 2135 quasi
1823 2080 1889 2119 ex
1920 2067 2212 2135 praeceptO,
2244 2060 2347 2115 nisi

351 2151 404 2206 in
439 2149 529 2205 illo
558 2165 687 2206 casu
719 2166 828 2223 quo
857 2152 1074 2209 aliunde
1116 2151 1263 2209 licite
1307 2154 1510 2209 victum
1542 2152 1741 2208 habere
1770 2167 1875 2207 non
1905 2157 2115 2224 potest3
2146 2150 2241 2205 sed
2274 2149 2347 2203 illi

265 2286 268 2289 ,
349 2240 440 2312 qui
485 2239 850 2310 possessiones
895 2254 1003 2296 non
1047 2240 1266 2309 habent,
1301 2258 1407 2298 non
1450 2241 1667 2297 aliunde
1710 2243 1779 2297 ad
1826 2240 2065 2297 laborem
2095 2254 2347 2293 manuum

347 2329 685 2403 obligantur,
707 2345 871 2403 quam
901 2345 968 2385 ex
990 2340 1284 2404 praecepte,
1317 2331 1422 2385 nisi
1459 2330 1601 2387 sorte
1628 2347 1695 2385 ex
1734 2336 1883 2386 voto,
1910 2329 2052 2401 Ergo
2081 2344 2185 2383 non
2215 2327 2349 2382 sim-—

352 2418 561 2491 pliciter
576 2434 763 2474 verum
789 2424 891 2486 est,
911 2419 1055 2491 quod
1083 2419 1150 2475 ad
1176 2420 1413 2475 laborem
1438 2435 1698 2475 manuum
1726 2425 2032 2483 teneantur,
2062 2417 2157 2472 sed
2178 2415 2350 2471 solum

352 2507 403 2561 in
433 2522 582 2575 casu,
615 2506 832 2581 quando
869 2508 1078 2564 scilicet
1121 2508 1257 2565 alias
1296 2507 1443 2564 licite
1482 2509 1687 2565 victum
1718 2506 1917 2563 habere
1960 2522 2065 2561 non
2110 2511 2345 2577 possent,

353 2597 404 2651 in
432 2612 538 2668 quo
567 2598 732 2653 etiam
771 2612 902 2655 casu
926 2597 1152 2669 quilibet
1187 2598 1348 2653 homo
1384 2582 1661 2653 teneretur
1690 2594 1939 2651 manibus
1968 2593 2235 2661 laborare,
2268 2590 2349 2649 vel

349 2686 515 2740 etiam
541 2685 642 2739 nisi
669 2686 737 2740 ad
763 2685 865 2741 hoc
892 2702 955 2741 ex
981 2692 1190 2741 statuto
1219 2700 1334 2742 suae
1361 2686 1564 2757 regulae
1596 2690 1927 2741 tenerentur.

420 2774 574 2827 Item.
608 2772 904 2829 Consilium
927 2774 994 2828 de
1027 2780 1350 2851 paupertate
1373 2790 1407 2830 a
1439 2775 1667 2830 Domino
1698 2774 1886 2830 datum
1917 2773 1987 2830 ad
2018 2773 2187 2829 vitam
2219 2787 2369 2834 con-2

353 2859 722 2933 templativam
753 2860 1054 2928 ordinatur,
1097 2867 1157 2915 ut
1199 2868 1352 2933 patet
1379 2879 1475 2935 per
1503 2863 1757 2919 Glossam
1797 2862 1988 2917 Matth.
2034 2876 2162 2927 xlx,
2192 2877 2353 2932 super

351 2948 526 3005 illud:
567 2948 624 3004 Si
661 2949 742 3005 vis
775 2949 1043 3021 perfectus
1086 2967 1209 3007 esse.
1249 2958 1356 3008 etc.
1388 2952 1586 3009 Glossa
1620 2968 1633 3008 ε
1677 2972 1703 3003 «
1744 2952 1884 3007 Ecce
1930 2948 2353 3033 contemplativa

353 3040 484 3105 vita,
517 3054 641 3110 quae
680 3038 746 3093 ad
790 3038 1140 3110 Evangelium
1173 3038 1427 3113 pertinet,
1474 3041 1565 3096 sed
1608 3056 1700 3096 eos
1739 3055 1877 3113 quos
1906 3045 2119 3112 oportet
2149 3040 2352 3094 victum

351 3116 881 3201 quaerere‘man‘uum
913 3128 1112 3195 labore,
1147 3146 1367 3185 necesse
1391 3138 1475 3186 est
1505 3130 1798 3209 plurimum
1825 3146 1855 3184 a
1881 3127 2353 3199 contemplationis

351 3234 514 3291 opere
543 3220 829 3276 retardari.
878 3237 903 3270 »
943 3219 998 3275 Si
1041 3235 1167 3291 ergo
1207 3221 1299 3292 qui
1347 3223 1639 3293 pauperem
1686 3220 1851 3274 vitam
1884 3218 2089 3289 eligunt
2137 3222 2354 3289 propter

352 3311 652 3375 Christum,
677 3323 896 3380 necesse
925 3305 1125 3363 habent
1170 3308 1417 3364 manibus
1448 3308 1713 3371 laborare,
1762 3306 2011 3378 sequitur
2040 3305 2185 3377 quod
2221 3320 2354 3359 con-

351 3398 531 3453 silium
576 3398 914 3469 paupertatis
957 3398 1130 3467 magis
1159 3396 1423 3469 impediat
1468 3412 1630 3469 quam
1662 3400 1979 3467 promoveat
2017 3394 2068 3449 id
2112 3394 2181 3468 ad
2210 3392 2354 3466 quod

351 3486 652 3554 ordinatur,
685 3494 740 3543 et
767 3488 841 3543 ita
870 3487 974 3543 erit
1003 3486 1359 3543 indiscretum
1400 3486 1706 3554 consilium,
1740 3485 1890 3558 quod-
1916 3484 2098 3539 dicere
2138 3489 2223 3539 est
2257 3481 2357 3539 ab·

349 3576 594 3632 surdum.

421 3664 576 3720 Item.
620 3666 673 3722 Si
717 3680 810 3721 eos
851 3666 944 3739 qui
989 3666 1304 3741 relinquunt
1341 3666 1524 3723 omnia
1562 3669 1785 3738 propter
1814 3662 2109 3729 Christum,
2144 3665 2360 3733 oportet

353 3752 704 3806 intentionem
733 3753 933 3809 habere
961 3762 1019 3809 ut
1047 3753 1298 3810 manibus
1322 3753 1588 3819 laborent,
1619 3758 1714 3808 aut
1743 3752 1851 3808 ista
1881 3751 2111 3807 intentio
2136 3749 2360 3805 ordina-

316 3849 441 3896 -tur
479 3840 546 3894 ad
579 3838 816 3893 laborem
863 3856 1120 3896 manuum
1165 3848 1386 3913 propter
1429 3857 1487 3897 se
1519 3842 1713 3913 ipsum,
1760 3846 1855 3896 aut
1901 3846 2121 3913 propter
2144 3839 2356 3893 'victum

355 3924 726 4004 quaerendum‚
767 3935 861 3982 aut
899 3932 1119 3999 propter
1157 3928 1540 4000 eleemosynas
1565 3928 1841 3986 faciendas
1885 3942 1952 3985 ex
1994 3927 2230 4000 his'quae
2271 3925 2357 3981 la-
