2784 4392
572 344 703 424 xiv.
736 363 813 378 -—
840 346 1082 418 comen
1122 347 1339 398 nn’ue.
1385 349 1490 422 nm
1529 346 1704 422 cum.
1749 351 1828 428 aa·
1869 354 2095 428 nume..
2211 337 2339 422 189

323 462 411 540 eui
432 465 802 524 conditionem
830 467 981 526 licite
1008 467 1265 526 carnibus
1288 467 1371 526 uti
1394 477 1637 544 possent,
1671 477 1728 529 et
1752 487 1860 529 non
1878 473 2151 547 jejunare,
2179 490 2337 533 com-

320 554 705 613 mendabiliter
732 573 764 614 a
788 557 1045 614 carnibus
1066 557 1341 614 abstinent
1372 565 1429 626 et
1438 560 1714 632 jejunant.
1733 561 1834 618 Per
1865 562 2120 629 accidens
2151 569 2334 622 tamen
2397 591 2404 600 ·

322 648 503 718 potest
526 662 645 704 esse
668 644 873 704 malum
904 653 1217 722 utrumque,
1244 653 1304 704 ut
1326 644 1375 705 si
1405 665 1470 704 ex
1499 646 1780 722 praedictis
1809 651 2198 722 perturbentur
2228 653 2328 725 illi,
2397 658 2406 672 ⁸

318 750 445 792 cum
472 734 670 808 quibus
701 751 803 793 nos
826 736 1109 794 socialiter
1135 737 1306 794 vitam
1336 751 1500 810 agero
1532 744 1746 810 oportet
1778 755 1791 794 ε
1825 739 1910 796 vel
1941 740 2110 798 etiam
2147 741 2195 798 si
2224 741 2333 799 ali-

318 825 443 897 quis
470 825 807 896 poenitentiae
846 823 1103 898 operibus
1130 825 1204 882 ad
1250 826 1470 883 inanem
1507 827 1741 900 gloriam
1775 825 2058 895 abutatur,
2086 829 2231 888 sicut
2273 837 2328 887 et

318 911 386 967 de
410 913 676 981 oratione,
706 919 761 970 et
792 911 863 968 de
896 913 1127 985 jejunio,
1158 920 1217 969 et
1245 912 1313 969 de
1342 913 1690 988 eleemosyna
1725 915 1992 972 Dominus
2017 917 2214 974 Matth.
2245 933 2324 987 vi,

316 999 499 1058 docet.

382 1089 469 1146 Ad
498 1089 733 1162 primum
756 1104 887 1162 ergo
932 1089 1245 1160 dicendum,
1268 1089 1414 1166 quod
1459 1107 1525 1148 ex
1546 1087 1650 1149 hoc
1692 1090 1840 1166 quod
1879 1093 1999 1151 falsi
2043 1091 2322 1168 prophetae

314 1179 654 1236 vestimentis
682 1179 867 1237 ovium
904 1185 1132 1236 utuntur
1158 1179 1229 1238 ad
1276 1181 1674 1254 deceptionem,
1709 1181 1892 1238 vilitas
1940 1185 2174 1240 vestium
2219 1200 2322 1240 non

312 1273 397 1324 est
426 1268 785 1342 reprobanda,
818 1267 913 1324 sed
940 1270 1117 1342 magis
1142 1267 1598 1326 commendanda.
1630 1269 1748 1326 Non
1785 1273 1930 1327 enim
1957 1271 2170 1328 vilitate
2195 1287 2290 1329 ves
2307 1305 2321 1318 ·

312 1359 449 1414 tium
476 1357 741 1414 malitiam
762 1373 919 1414 suam
942 1359 1278 1430 obtegerent,
1312 1359 1419 1414 nisi
1449 1358 1632 1416 vilitas
1661 1361 1897 1418 vestium
1925 1359 2164 1434 speciem
2187 1354 2316 1418 boni

310 1447 555 1516 haberet,
596 1448 733 1504 alias
778 1448 1063 1520 Scriptura
1118 1464 1227 1522 qua
1284 1448 1529 1505 haeretici
1585 1446 1945 1516 abuntuntur,
2000 1456 2062 1506 ut
2113 1449 2315 1506 dicitur

310 1535 357 1590 11
380 1535 524 1590 Petri
559 1534 768 1601 ultimo,
804 1533 1143 1607 reprobanda
1182 1543 1345 1600 esset,
1374 1541 1430 1590 et
1471 1533 1724 1589 similiter
1761 1536 1956 1606 pietaS,
1991 1537 2146 1607 cujus
2185 1552 2316 1608 spe-

308 1624 449 1681 ciem
472 1623 715 1682 haeretici
746 1623 967 1689 habent,
1001 1631 1061 1678 ut
1090 1621 1291 1677 dicitur
1315 1621 1362 1676 11
1389 1619 1532 1676 Tim.
1567 1636 1655 1676 ιιι.
1681 1621 1836 1676 Unde
1861 1629 1916 1676 et
1954 1621 2150 1678 Glossa
2180 1623 2314 1680 dicit

304 1713 499 1770 Matth.
530 1728 615 1769 vu
646 1710 865 1778 ibidem,
896 1710 1041 1783 quod
1073 1730 1099 1763 t<
1128 1724 1235 1765 non
1254 1725 1289 1766 a
1316 1718 1490 1777 veste,
1517 1709 1614 1765 sed
1638 1709 1710 1766 ab
1748 1709 2004 1781 operibus
2037 1711 2314 1784 prophetae

303 1800 427 1858 falsi
456 1805 877 1872 cognoscuntur.
896 1817 923 1852 n
952 1798 1021 1854 Et
1044 1795 1185 1855 infra
1212 1797 1528 1872 dicit,quod
1561 1818 1588 1852 α
1620 1813 1748 1856 oves
1779 1796 2116 1857 non-debent
2144 1800 2314 1874 pelles

300 1905 434 1948 suas
460 1887 751 1962 deponere,
784 1889 887 1944 etsi
914 1887 1207 1961 aliquando
1236 1887 1348 1961 lupi
1378 1887 1460 1944 eis
1487 1903 1546 1944 se
1570 1896 1886 1960 contegant.
1923 1907 1954 1942 1>

336 1972 341 1976 ’
370 1977 455 2035 Ad
480 1977 781 2034 secundum
810 1977 1121 2042 dicendum,
1147 1977 1295 2051 quod
1325 1975 1578 2034 diabolus
1611 1979 1888 2036 ministros
1909 1994 2042 2036 suos
2081 1975 2184 2036 sub
2217 1995 2308 2039 re·-

305 2067 520 2138 ligionis
564 2065 754 2122 habitu
804 2080 913 2122 non
958 2065 1243 2139 obtegeret
1288 2066 1359 2123 ad
1414 2063 1816 2140 decipiendum,
1870 2067 1974 2124 nisi
2023 2067 2306 2141 religiosus

301 2157 521 2213 habitus
548 2165 817 2229 quantum
838 2155 897 2210 in
923 2171 983 2211 se
1010 2162 1115 2222 est,
1136 2154 1375 2228 speciem
1405 2153 1532 2212 boni
1559 2155 1803 2212 haberet.
1827 2151 1945 2214 Nec
1968 2164 2152 2214 tamen
2181 2159 2304 2215 boni

299 2245 499 2302 debent
520 2261 557 2302 a
586 2245 681 2301 tali
706 2244 897 2300 habitu
920 2243 1213 2312 abstinere,
1246 2259 1349 2300 nec
1377 2259 1444 2300 ex
1470 2237 1784 2302 tali'habitu
1815 2245 1984 2319 aliqui
2019 2247 2303 2318 judicandi

300 2341 425 2392 sunt
456 2327 604 2404 inali,
634 2341 695 2390 ut
730 2340 884 2406 patet
918 2349 985 2390 ex
1025 2333 1222 2392 Glossa
1266 2332 1512 2401 inducta,
1541 2349 1666 2407 quae
1701 2333 1932 2392 habetur
1968 2336 2165 2392 Matth.
2199 2354 2302 2394 vu.

298 2419 452 2482 Unde
478 2434 535 2482 et
563 2425 929 2496 Hieronymus
960 2423 1097 2480 dicit
1132 2423 1187 2480 in
1211 2421 1351 2480 libro
1380 2423 1588 2479 Contra
1623 2423 1947 2480 Elvidium:
1977 2445 2002 2478 α
2025 2425 2304 2497 Numquid

297 2514 630 2587 virginitatis
656 2521 741 2569 est
767 2511 947 2584 culpa,
966 2513 1013 2569 si
1032 2511 1319 2570 simulator
1342 2511 1680 2584 virginitatis
1709 2511 1764 2567 iu
1793 2512 2019 2568 crimine
2050 2513 2173 2570 est?
2205 2533 2230 2565 n

366 2605 451 2660 Ad
473 2604 696 2660 tertium
722 2602 1037 2669 dicendum,
1064 2601 1211 2674 quod
1238 2597 1330 2658 illa
1363 2597 1658 2672 prohibitio
1687 2615 1792 2656 non
1821 2599 1925 2656 fuit
1951 2601 2100 2657 facta
2132 2618 2143 2656 ;
2173 2601 2304 2674 quia

296 2691 481 2750 vilitas
502 2692 738 2750 vestium
764 2690 1107 2764 reprobanda
1136 2695 1300 2757 esset,
1326 2689 1424 2746 sed
1445 2687 1580 2762 quia
1619 2686 1762 2746 forte
1795 2687 1964 2761 aliqui
2000 2688 2072 2746 ad
2099 2689 2302 2762 decep-

296 2783 503 2840 tionem
522 2781 737 2838 vilitate
766 2782 998 2840 vestium
1029 2779 1344 2838 utebantur.

364 2871 451 2928 Ad
480 2879 747 2944 ,quartum
781 2869 1095 2938 dicendum,
1136 2867 1281 2944 quod
1320 2867 1660 2942 Augustinus
1698 2867 1958 2944 loquitur,
1987 2872 2205 2938 quando
2235 2887 2301 2930 ex

294 2959 641 3018 restrictione
671 2961 800 3024 vitae
828 2959 1091 3016 turbatur·
1110 2959 1348 3016 societas
1373 2958 1516 3014 inter
1555 2973 1652 3016 eos
1688 2974 1826 3031 quos
1867 2967 2082 3033 oportet
2119 2959 2304 3018 socia-1

295 3049 421 3106 liter
445 3048 649 3106 vivere.
682 3067 709 3102 ιο
738 3049 793 3106 Si
824 3049 977 3104 enim.
992 3046 1313 3120 simpliciter
1340 3055 1488 3104 esset
1519 3045 1948 3118 intelligendum,
1979 3056 2107 3104 tunc
2151 3051 2303 3121 jeju-

294 3146 473 3207 naret,
500 3137 593 3194 ubi
618 3137 710 3194 alii
731 3153 837 3195 non
864 3138 1137 3210 jejunant,
1167 3135 1610 3210 reprehensibilis
1637 3144 1800 3206 esset,
1820 3138 1966 3210 quod
2015 3138 2302 3195 manifeste

294 3236 525 3300 apparet
546 3227 765 3284 falsum.
794 3253 797 3258 ·

363 3315 451 3374 Ad
478 3316 731 3390 quintum
758 3313 1069 3396 dicendum,
1100 3315 1248 3391 quod
1274 3311 1644 3390 Hieronymus
1683 3311 1739 3372 in
1781 3311 1962 3372 verbis
2003 3313 2302 3388 praemissis

292 3419 402 3463 non
428 3405 697 3463 vilitatem
722 3407 959 3464 vestium
986 3407 1288 3464 cavendam
1324 3421 1446 3464 esee
1473 3405 1652 3472 docet,
1683 3403 1780 3460 sed
1819 3403 2068 3469 abusum,
2103 3411 2162 3460 ut
2187 3405 2304 3460 sci-

291 3493 423 3550 licet
448 3509 515 3550 ex
543 3494 758 3552 vilitate
798 3497 1034 3553 vestium
1082 3495 1281 3568 aliquis
1327 3496 1385 3550 in
1425 3494 1719 3551 elationem
1763 3507 1870 3548 non
1911 3492 2138 3560 incidat,
2165 3491 2304 3549 alias

290 3579 397 3640 sibi
422 3585 733 3641 contrarius
769 3594 933 3652 esset,
966 3585 1060 3658 qui
1094 3583 1164 3640 ad
1193 3583 1465 3642 vilitatem
1501 3583 1737 3638 vestium
1779 3581 2064 3636 Rusticum
2110 3597 2304 3638 mona-

289 3671 452 3728 chum
483 3674 713 3745 inducit,
736 3682 793 3730 et
822 3689 943 3732 earn
967 3674 1025 3728 in
1052 3671 1400 3728 Pammachio
1429 3671 1548 3728 viro
1571 3669 1906 3726 nobilissimo
1931 3671 2298 3742 commendat,
2342 3677 2350 3686 “

204 3836 215 3844 .
290 3767 353 3818 ut
382 3768 535 3836 patet
560 3763 615 3820 in
643 3761 890 3836 Epistola
918 3761 988 3818 ad
1014 3760 1424 3818 Pammachium
1451 3759 1520 3816 de
1547 3767 1720 3816 morte
1745 3759 2004 3816 Paulinae.

359 3851 442 3908 Ad
470 3860 688 3910 sextum
722 3851 1033 3919 dicendum,
1066 3849 1215 3924 quod
1255 3865 1385 3906 usus
1413 3849 1749 3906 exteriorum
1798 3865 1978 3906 rerum
2009 3847 2302 3922 dupliciter

287 3941 626 3999 considerari
652 3947 853 4014 potest.
885 3941 1003 3999 Uno
1038 3929 1318 4012 modo,'ex
1358 3946 1558 4000 natura
1603 3940 1846 4014 ipsarum
1887 3955 2088 4012 rerum,
2123 3945 2178 3998 et
2221 3941 2302 3998 sic

1270 4051 1295 4056 ..
1337 4052 1353 4058 ..
1370 4051 1380 4063 ,
1392 4058 1402 4062 ,
1414 4050 1495 4064 ...n
1712 4048 2050 4078 ,....v.-†22„„.,7,-3„.

1889 4083 2077 4108 ws-b-—u-

2779 2181 2784 2283 ffl—
2774 1866 2784 2144 -.--..*-⁴-A*-*
2780 1824 2784 1839 ..
2777 1756 2784 1772 μ
2777 1652 2784 1708 -Ᾱ

2778 2608 2784 2829 --i-...h-
2777 2452 2784 2556 *Α*
