2784 4392
81 1924 140 1937 Ἀο-
161 1928 174 1937 ,-

415 210 537 300 458
1331 230 1522 273 INDEX

415 294 526 343 bap·
658 353 680 385 s
709 341 1007 405 lvestribusnet
1035 343 1135 407 aliis
1154 343 1286 406 rebus
1304 342 1697 393 irrationabilibus,
1718 344 1765 386 et
1786 340 2035 399 quomodo:
2066 338 2184 397 quod
2204 351 2301 396 pro·

737 400 808 439 tur
839 397 987 441 multis
1009 396 1249 441 rationibus
1257 423 2289 441 .......................................

517 446 573 490 Χ.
602 446 684 491 Hic
701 448 746 492 S.
769 449 927 494 Doctor
948 450 1146 493 declarat
1165 448 1218 493 de
1231 450 1419 493 dominio
1440 450 1627 494 hominis
1645 447 1879 493 secundnm
1904 446 2085 503 gradum
2108 451 2152 491 et
2166 446 2302 500 digni-

659 505 813 552 tatem,
839 507 882 547 et
902 503 1040 559 primo
1057 503 1112 547 de
1131 502 1318 546 dominio
1339 504 1470 557 Papae
1490 503 1678 559 qualiter
1697 502 1927 557 praesertur
1947 502 2064 545 omni
2085 499 2295 544 dominio.

497 552 573 596 Xl.
602 552 683 596 Hic
704 555 752 597 S.
794 556 952 600 Doctor
987 557 1186 600 declarat
1207 556 1260 600 de
1279 557 1469 600 dominio
1489 555 1644 610 regali,
1664 556 1709 599 in
1728 565 1813 609 quo
1833 554 2047 607 consistit,
2068 558 2115 597 et
2130 554 2174 596 iu
2206 565 2294 609 quo

661 606 807 702 giffert
831 621 857 652 a
890 608 1064 671 politico
1087 613 1132 653 et
1155 620 1240 666 quo
1273 610 1399 654 modo
1426 608 1708 663 distinguitur
1744 608 2030 651 diversimode
2058 606 2296 650 secundum

693 672 859 705 uersas
882 667 1073 706 rationes
1083 690 2295 707 ..............................................

487 711 580 756 xil.
613 712 694 763 Hic
731 714 778 757 S.
829 715 985 759 Doctor
1021 715 1219 759 declarat
1257 716 1310 759 de
1343 716 1535 759 dominio
1575 714 1806 769 imperiali,
1842 713 1956 757 unde
1990 713 2109 757 istud
2146 724 2301 757 nomen

665 764 821 811 habuit
850 769 1071 823 originem,
1101 773 1146 812 et
1180 771 1235 812 de
1255 769 1515 824 quibusdam
1539 769 1637 811 aliis
1677 766 1935 819 nominibus,
1956 767 2031 811 ubi
2058 766 2303 810 incidenter

652 818 987 880 'distinguuntur
1009 822 1257 867 monarchia
1286 827 1331 865 et
1353 826 1564 876 quantum
1600 820 1872 864 duraverunt
1879 850 2292 863 ................

461 870 580 917 xm.
611 871 688 915 unc
727 872 776 919 S.
816 874 973 919 Doctor
1010 876 1206 919 declarat
1245 875 1298 918 de
1331 875 1585 919 monarchia
1614 873 1798 924 Christi,
1828 872 2042 927 quomodo
2078 873 2123 916 in
2162 872 2302 916 tribus

665 927 855 979 excellit,
877 933 919 971 et
947 928 1186 972 Octaviano
1207 930 1413 983 Augusto,
1435 928 1647 983 quomodo
1667 926 1801 981 gessit
1823 928 1935 970 vices
1954 926 2117 969 Christi
2124 956 2295 969 .......

466 977 580 1019 xlv.
609 977 807 1023 Moretur
833 983 1016 1035 quaestio
1048 982 1102 1026 de
1136 982 1388 1025 monarchia
1420 982 1580 1025 Christi
1598 992 1683 1035 quo
1705 985 1897 1035 tempore
1924 979 2103 1032 incoepit
2126 982 2171 1021 et
2190 990 2297 1031 qno·

667 1033 793 1094 modo
813 1037 856 1077 et
876 1035 1020 1085 latuit,
1042 1040 1086 1079 et
1119 1046 1268 1089 quare,
1301 1040 1346 1078 et
1363 1034 1523 1089 duplex
1554 1034 1803 1088 assignatur
1822 1044 1955 1076 causa
1984 1042 2075 1075 suae
2104 1032 2296 1075 occulta·

669 1090 810 1136 tionis,
832 1091 878 1130 et
899 1088 1037 1141 primo
1056 1088 1230 1143 ponitur
1253 1100 1340 1131 una
1349 1114 2295 1132 ....................................

491 1136 584 1180 XV.
619 1137 820 1181 Secunda
840 1152 970 1183 cansa
1005 1142 1253 1195 assignatur
1272 1153 1411 1197 qnare
1434 1141 1641 1185 Dominus
1669 1140 1903 1195 assumpsit
1922 1139 2055 1181 vitam
2082 1138 2300 1193 abjectam

669 1195 714 1233 et
729 1194 959 1253 occultam,
982 1193 1083 1237 licet
1103 1200 1218 1237 esset
1241 1205 1368 1237 verus
1395 1194 1595 1239 Dominus
1624 1192 1773 1237 mundi
1796 1196 1841 1237 et
1870 1197 2146 1247 exponuntur
2170 1188 2301 1235 verba

655 1244 790 1304 isaiae
816 1246 1037 1300 prophetae
1065 1246 1120 1289 de
1141 1247 1313 1291 Christo
1321 1274 2293 1291 .....................................

469 1293 582 1336 xvi.
613 1294 692 1339 Hic
727 1296 773 1340 S.
806 1297 965 1341 Doctor
1006 1298 1206 1343 declarat
1242 1300 1356 1354 quod
1385 1300 1469 1343 isto
1506 1300 1633 1343 modo
1666 1303 1795 1343 aucta
1826 1299 1911 1342 fuit
1941 1297 2189 1353 respublica
2225 1307 2302 1352 per

516 1400 527 1409 ,
669 1351 866 1412 exempla
887 1350 1162 1407 antiquorum
1183 1352 1492 1403 Romanorum,
1513 1356 1559 1395 et
1576 1355 1727 1407 postea
1746 1352 1893 1396 subdit
1920 1350 1977 1394 de
1996 1350 2295 1411 Constantino.

453 1399 586 1443 lell.
618 1399 814 1451 Qualiter
831 1404 888 1447 im
923 1409 1117 1449 eratores
1139 1406 1415 1449 constantino
1444 1405 1600 1449 olitani
1618 1410 1849 1461 sequentes
1870 1417 1895 1448 a
1912 1403 2197 1447 Constantino
2217 1404 2301 1445 fue·

673 1462 772 1500 runt
791 1457 873 1501 obe
909 1459 1044 1520 ientes
1058 1462 1104 1502 et
1133 1462 1380 1521 reverentes
1398 1416 1601 1520 &cclesiae
1624 1470 1830 1521 romanae,
1854 1462 1899 1501 et
1921 1457 2002 1500 hoc
2018 1457 2209 1501 ostendit
2224 1465 2303 1511 per

431 1558 586 1619 xvm.
618 1511 2301 1626 naittwaessziffi’.qsssi'xzn‘iisstsssszit¹33³.&affirmatisaasentias

671 1616 906 1660 Justmiani
925 1621 969 1661 et
989 1618 1260 1661 Constantini
1283 1618 1475 1661 iunioris
1494 1621 1540 1661 et
1558 1627 1655 1672 quae
1674 1617 1757 1660 fuit
1788 1617 1901 1661 ratio
1919 1628 2058 1671 quare
2076 1626 2301 1670 imperium

495 1718 505 1729 .
671 1670 932 1713 translatum
952 1670 1034 1714 fuit
1053 1682 1078 1713 a
1098 1670 1252 1714 Graecis
1275 1672 1329 1713 ad
1349 1670 1584 1714 Germanos
1594 1698 2295 1715 ...........................

474 1717 586 1763 MX.
617 1719 813 1771 Qualiter
848 1722 1162 1767 diversificatas
1181 1727 1248 1767 est
1279 1723 1430 1767 modus
1464 1722 1634 1779 imperii
1661 1736 1688 1766 a
1718 1722 1872 1775 carolo
1902 1722 2060 1773 Magno
2090 1732 2224 1777 usquc
2244 1720 2300 1763 ad

669 1775 865 1819 Ottonem
886 1776 962 1827 ΙΙΙ,
981 1780 1024 1819 et
1041 1778 1156 1821 unde
1176 1777 1397 1831 plenitudo
1414 1778 1647 1831 potestatis
1674 1787 1840 1819 summo
1858 1774 2055 1821 Pontifici
2077 1774 2296 1817 convenit.

499 1825 591 1869 XX.
620 1826 896 1891 Comparatio
913 1829 1072 1884 regalis
1099 1829 1275 1875 dominii
1293 1830 1409 1875 inter
1427 1830 1651 1885 imperiale
1681 1835 1725 1873 et
1746 1828 1965 1884 politicum
1987 1827 2174 1883 qualiter
2194 1838 2297 1871 con·

670 1887 789 1925 vemt
809 1894 906 1925 cum
931 1883 1016 1927 utri
1071 1896 1124 1927 ue
1134 1910 2293 1927 ............................................

476 1930 588 1975 xxi.
618 1932 681 1977 De
708 1934 893 1979 dominio
922 1894 1175 1992 prinffpum
1198 1936 1270 1991 qui
1299 1937 1485 1979 subsunt
1516 1935 1853 1989 imperatoribus
1881 1940 1928 1978 et
1958 1934 2141 1988 regibus,
2171 1936 2215 1975 et
2244 1932 2301 1975 de

669 1987 852 2032 diversis
867 1990 1112 2035 nominibus
1136 2000 1281 2032 eorum
1303 1988 1405 2042 quid
1424 1988 1659 2042 importent
1667 2015 2291 2031 ........................

411 2036 415 2040 ’
451 2038 588 2083 xxn.
615 2038 678 2083 De
696 2040 957 2094 quibusdam
990 2041 1232 2085 nominibus
1265 2038 1526 2095 dignitatum
1560 2041 1853 2094 singularibus
1872 2041 1919 2084 in
1948 2038 2206 2095 quibusdam
2224 2048 2297 2081 re-

665 2094 884 2147 gionibus3
908 2100 952 2137 et
969 2094 1098 2149 quale
1118 2095 1175 2137 sit
1193 2094 1382 2137 omnium
1403 2094 1584 2138 istorum
1603 2095 1789 2148 regimen
1802 2122 2293 2137 ...................

614 2180 782 2225 LIBER
809 2181 868 2227 lv
873 2209 2294 2227 ......................................................

549 2252 585 2301 1.
613 2250 936 2349 Deddifl'giientig
955 2252 1068 2298 inter
1083 2252 1376 2309 principatum
1398 2251 1519 2307 regni
1544 2255 1587 2295 et
1606 2251 1897 2308 principatum
1915 2251 2154 2307 politicum,
2174 2261 2302 2305 quem

699 2318 753 2347 ivi
788 2318 800 2347 ι
839 2318 884 2349 ιιι
939 2317 1018 2349 uos
1026 2337 1146 2349 .....
1163 2337 1170 2345 .
1186 2334 2294 2349 ..........................................

530 2358 582 2402 ll.
610 2359 690 2403 Hic
702 2358 893 2403 ostendit
902 2358 1202 2402 necessitatem
1223 2358 1514 2403 constituendi
1528 2358 1745 2401 civitatem
1757 2363 1935 2413 propter
1949 2357 2298 2401 communitatem

667 2412 954 2474 necessariam
969 2412 1171 2456 humanae
1181 2412 1280 2455 vitae
1297 2413 1415 2457 circa
1433 2423 1563 2468 quam
1582 2412 1798 2467 praecipne
1817 2411 2013 2455 consistit
2032 2410 2301 2466 principatus

508 2517 587 2563 m.
615 2466 1382 2581 utilititigcfiiej{aar325550·
1395 2496 1757 2581 massata·
1770 2494 2185 2579 ῥιῑ-ῑειιῑεῑςρεῑιῑ
2201 2492 2303 2559 {aa

666 2572 903 2615 voluntatis
935 2572 1098 2615 scilicet
1117 2575 1467 2617 constitutionem
1494 2574 1681 2614 civitatis
1710 2583 1807 2615 esse
1828 2581 2115 2615 necessariam
2122 2598 2265 2615 ......
2264 2622 2275 2630 .
2281 2598 2296 2611 .

505 2624 580 2669 lV.
609 2623 670 2667 De
689 2625 994 2667 communitate
1013 2625 1216 2677 civitatis,
1237 2625 1278 2667 in
1301 2636 1386 2679 quo
1408 2625 1618 2675 consistit,
1640 2624 1715 2667 ubi
1754 2624 2003 2668 Aristoteles
2036 2622 2171 2665 refert
2202 2632 2299 2675 opi-

665 2677 835 2721 nionem
857 2677 1050 2721 Socratis
1071 2682 1115 2721 et
1135 2678 1342 2729 Platonis,
1363 2688 1495 2733 quam
1512 2678 1583 2720 hic
1602 2683 1757 2720 auctor
1780 2678 1973 2721 declarat
1982 2705 2293 2719 ............

528 2729 582 2774 V.
612 2728 674 2772 De
695 2730 896 2783 opinione
933 2730 1125 2774 Socratis
1155 2734 1203 2775 et
1234 2730 1433 2774 Platonis
1457 2730 1573 2773 circa
1605 2730 1810 2773 mulieres
1828 2730 2039 2787 quomodo
2060 2727 2149 2771 sint
2168 2737 2297 2782 expo·

666 2783 820 2825 nendae
842 2783 971 2827 rebus
993 2783 1160 2825 bellicis
1163 2810 2293 2829 ...........................................

507 2834 578 2877 vl.
607 2835 798 2877 Assumit
831 2836 1015 2878 alteram
1037 2840 1206 2887 partem
1240 2834 1356 2889 quod
1391 2847 1478 2879 non
1516 2840 1586 2878 est
1615 2838 1873 2880 conveniens
1908 2836 2113 2879 mulieres
2146 2832 2299 2889 exponi

664 2886 825 2929 debere
840 2886 1006 2929 bellicis
1019 2886 1163 2938 rebus,
1177 2891 1220 2930 et
1237 2887 1468 2943 respondet
1482 2887 1538 2931 ad
1554 2896 1807 2943 argumenta
1820 2890 1865 2931 in
1880 2888 2147 2933 contrarium
2165 2887 2293 2932 facta.

488 2940 580 2983 vll.
609 2938 762 2983 Refert
781 2940 913 2983 aliam
931 2938 1176 2995 opinionem
1197 2940 1405 2985 dictorum
1434 2942 1803 2997 philosophorum,
1824 2947 2036 2999 quantum
2057 2941 2113 2985 ad
2135 2939 2295 2995 princi·

665 2998 830 3089 patum,
855 3005 988 3049 quem
1003 2992 1233 3090 ιἔοῑθῑιειιιῑ
1261 3006 1356 3039 esse
1392 2997 1677 3051 perpetuum,
1707 2996 1823 3039 circa
1851 3007 1983 3051 quam
2016 2994 2211 3051 disputat
2242 2992 2299 3035 ad

661 3058 690 3089 u
712 3059 804 3090 ram
839 3058 892 3091 ue
949 3058 1000 3091 ar
1050 3060 1087 3089 m
1099 3076 2289 3093 .............................................

463 3098 576 3143 vni.
607 3099 689 3143 Hic
711 3058 1076 3145 declaratinelius
1093 3111 1188 3144 esse
1202 3100 1248 3143 in
1267 3100 1419 3156 politia
1438 3112 1522 3145 non
1570 3106 1800 3154 erpetuare
1819 3105 2035 3153 rectores;
2061 3106 2105 3145 et
2126 3109 2297 3153 respon-

662 3153 740 3196 det
751 3152 809 3195 ad
827 3157 993 3207 partem
1013 3154 1270 3215 oppositam,
1283 3154 1358 3197 nbi
1378 3154 1511 3197 etiam
1560 3154 1636 3197 icit
1656 3155 1821 3197 nullum
1837 3155 1881 3197 in
1899 3154 2207 3198 Lombardiam
2226 3151 2300 3193 ha-

659 3206 764 3249 bere
779 3206 1029 3258 dominium,
1045 3206 1132 3249 nisi
1142 3218 1221 3261 per
1234 3208 1348 3249 viam
1363 3208 1651 3263 tyrannicam,
1669 3208 1778 3251 duce
1795 3207 2075 3251 venetiarum
2091 3207 2290 3259 excepto.

501 3258 573 3305 lx.
607 3258 686 3301 Hic
705 3258 900 3314 disputat
921 3260 973 3303 de
1004 3264 1272 3303 commutate
1293 3261 1503 3304 bonorum
1522 3263 1733 3315 quantum
1753 3259 1811 3302 ad
1837 3263 2146 3315 possessiones,
2168 3268 2297 3314 quam

688 3311 830 3355 uidem
849 3312 1130 3368 philosophus
1149 3313 1320 3356 nomine
1343 3313 1525 3357 Pheleas
1543 3312 1647 3357 dicit
1668 3313 1828 3357 debere
1848 3312 2074 3368 adaequari
2092 3312 2137 3357 in
2156 3310 2295 3357 omni·

673 3376 759 3426 „us,
786 3370 833 3409 et
849 3365 967 3421 quod
987 3369 1056 3408 est
1072 3364 1230 3409 falsum
1263 3367 1377 3423 quod
1400 3366 1624 3421 Lycurgus
1646 3366 1927 3421 philosophus
1948 3366 2085 3409 sensit
2091 3394 2293 3410 ........

521 3418 578 3461 X.
607 3418 760 3471 Agitur
788 3430 937 3461 rursus
973 3418 1028 3461 de
1061 3419 1215 3473 politia
1251 3418 1447 3463 Platonis
1482 3424 1527 3463 et
1557 3419 1765 3471 Socratis,
1799 3424 2011 3475 quantum
2048 3418 2105 3462 ad
2136 3428 2299 3473 genera

661 3470 879 3515 bominum
893 3470 969 3527 qui
987 3472 1263 3526 requiruntur
1273 3472 1317 3515 in
1334 3484 1388 3516 ea
1402 3484 1504 3528 quae
1522 3476 1625 3517 sunt
1638 3474 1845 3529 quinque,
1857 3472 1934 3516 ubi
1952 3472 2135 3515 multum
2155 3470 2299 3525 dispu-

660 3526 783 3567 tatur
807 3523 861 3567 de
880 3535 1058 3567 numero
1078 3525 1340 3569 bellatorum
1345 3552 2291 3571 ....................................

500 3578 574 3621 tt.
605 3575 686 3620 Hic
725 3575 922 3621 declarat
958 3576 1012 3620 de
1046 3578 1203 3632 politia
1239 3578 1500 3637 Hippodomi
1546 3579 1716 3634 pbiloso
1747 3579 1811 3631 hi,
1849 3578 1924 3641 qui
1960 3576 2299 3633 reprehenditur

656 3634 870 3684 quantum
887 3630 946 3674 ad
983 3642 1145 3693 genera
1176 3631 1397 3677 hominum
1436 3632 1507 3687 qui
1525 3632 1645 3687 ponit
1664 3644 1711 3676 so
1732 3644 1804 3675 um
1824 3636 1925 3683 tria,
1948 3636 1993 3675 et
2010 3634 2222 3686 quantum
2242 3626 2300 3671 ad

483 3732 581 3777 ιιι.
613 3684 2237 3800 marguarita&·.;,··u·.·r.·..·‚;tracasra1sr.·.;‚;.·12‚·.·.·.;·4.;as
2253 3744 2299 3777 ω

666 3790 757 3831 tres
773 3792 923 3842 partes
947 3789 974 3833 d
993 3788 1114 3843 vidit,
1133 3800 1179 3834 in
1195 3800 1284 3846 quo
1303 3789 1498 3835 salvatus
1520 3800 1601 3835 sua
1627 3794 1786 3846 positio
1792 3815 2290 3836 ...................

2321 287 2425 345 1³23.

2351 394 2429 439 338

2353 501 2425 547 341

2340 658 2425 715 vsu

2354 796 2465 863 348'

2355 926 2431 971 350

2353 1084 2430 1129 352

2354 1242 2429 1287 354

2355 1349 2430 1393 356

2356 1667 2433 1711 360

2356 1772 2433 1816 362

2356 1879 2435 1921 364

2356 1984 2437 2029 366

2356 2088 2437 2133 368

2355 2178 2432 2223 271

2354 2302 2430 2346 271

2353 2460 2437 2503 37¹·
2473 2435 2479 2443 ’

2356 2566 2437 2609 376

2353 2672 2437 2717 378
