2784 4392
427 320 548 387 328
907 337 960 382 a.
1005 335 1240 380 raone.
1280 333 1609 384 acuimus
1651 329 1961 378 ornacum·

433 450 565 524 piet,
591 450 724 510 dum
755 449 924 508 totius
957 448 1276 522 populisibi
1303 447 1581 505 commissi
1624 462 1691 503 ex
1728 448 1925 504 affectu
1969 445 2197 520 paterno
2232 445 2448 508 solliciss

433 538 677 596 tudinem
701 537 863 610 gerit,
895 543 953 594 et
979 538 1062 593 sic
1083 535 1344 608 adimplet
1373 537 1692 594 mandatum
1724 536 2035 609 primatum,
2062 537 2130 592 de
2157 552 2267 610 quo
2295 536 2447 593 dici-

433 635 522 687 tur
547 629 600 682 in
630 629 850 684 Denter.
882 641 940 682 vt
974 642 988 681 ε
1013 624 1525 698 Πίῑίροεβοηιὲπιιηι
1555 624 1722 681 Deum
1748 631 1900 680 tuum
1920 639 1990 680 ex
2012 631 2121 682 toto
2144 624 2297 681 corde
2324 625 2444 692 me,

429 721 482 772 et
505 731 570 770 ex
594 720 707 774 tota
729 714 917 770 anima
941 719 1057 778 tua,
1081 719 1132 770 et
1164 728 1230 768 ea:
1247 718 1362 770 tota
1381 711 1711 784 fortitudine
1748 719 1865 777 tua,
1886 719 1935 768 et
1958 712 2263 784 proximum
2288 719 2445 769 taum

427 803 567 860 sicut
596 810 644 859 te
673 803 866 874 ipsum.
895 801 964 858 Bt
991 803 1122 874 quia
1149 801 1202 856 in
1233 802 1340 856 isto
1365 808 1640 872 praecepto
1668 800 1857 857 divino
1888 803 1998 857 no'n
2026 801 2178 858 cadit
2212 802 2444 874 dispen-

429 893 592 955 satio,
625 892 752 948 inde
775 899 860 948 est
888 888 1034 962 quod
1055 888 1264 947 Tullius
1291 890 1429 946 dicit
1450 889 1519 945 de
1551 887 2013 962 1·epublica‚quod
2042 909 2069 940 α
2098 888 2245 946 nulla
2271 904 2443 945 causa

431 979 760 1038 intervenire
787 977 970 1043 debet,
1000 977 1142 1033 unde
1163 977 1378 1050 propria
1412 977 1589 1049 patria
1612 977 1933 1048 denegetur.
1962 995 1987 1028 n
2016 977 2095 1032 De
2124 977 2231 1033 isto
2256 983 2441 1033 autem

431 1081 616 1124 amore
643 1065 836 1138 patriae
863 1065 1168 1138 exemplum
1195 1065 1515 1138 accipimus,
1545 1072 1606 1120 ut
1649 1063 1895 1122 historiae
1924 1064 2167 1121 tradunt.
2194 1065 2261 1120 Et
2303 1064 2445 1120 bea-

433 1162 521 1212 tus
563 1155 902 1226 Augustinus
941 1155 996 1210 in
1041 1154 1084 1211 V
1134 1154 1216 1211 De
1255 1153 1491 1216 Ciuitate
1532 1152 1657 1219 Dei,
1694 1151 1763 1209 de
1799 1153 1987 1209 Marco
2034 1153 2224 1208 Curtio
2272 1153 2441 1209 nobili

431 1241 622 1309 milite,
649 1242 746 1314 qui
781 1248 1056 1300 armatum
1094 1257 1238 1315 eque
1279 1243 1561 1298 sedentem
1608 1241 1663 1296 id
1705 1240 2193 1314 abruptum-terrai
2230 1240 2443 1297 hiatum

429 1346 490 1390 se
528 1331 866 1404 pi‘aecipltem
907 1329 1076 1396 dedit,
1127 1341 1190 1386 ut
1223 1329 1538 1401 pestilentia
1566 1337 1819 1385 cessaret
1858 1329 1939 1386 'ab
1979 1329 2131 1386 urbe.
2183 1329 2337 1394 lteru,
2369 1329 2443 1385 de

429 1419 500 1474 Μ.
548 1417 776 1490 Regulo,
809 1417 905 1490 qui
944 1417 1178 1474 salutem
1218 1417 1539 1488 reipublicae
1574 1431 1691 1474 suae
1742 1417 2058 1490 praeferens,
2080 1417 2365 1474 consultus
2406 1433 2443 1473 a

431 1521 658 1562 romano
681 1505 898 1579 populo,
929 1514 986 1565 et
1009 1507 1152 1562 inter
1175 1506 1502 1580 praedictum
1524 1505 1782 1578 populum
1810 1513 1868 1561 et
1898 1507 2196 1562 Poenorum
2220 1511 2441 1578 gentem

432 1581 702 1652 mediator
732 1595 884 1667 pacis
915 1595 1175 1663 existens,
1207 1595 1260 1651 in
1308 1594 1551 1652 Africam
1592 1594 1809 1648 rediens
1849 1609 1882 1650 a
1921 1594 2444 1664 Carthaginensibus

429 1693 515 1740 est
539 1666 976 1754 occisus.lQuam
1021 1683 1254 1740 mundas
1293 1683 1461 1739 etiam
1505 1678 1812 1738 habuerunt
1842 1697 2034 1737 manus
2068 1698 2099 1739 a
2126 1682 2445 1739 muneribus

433 1773 708 1846 principe-s
735 1787 944 1839 eorum,
970 1785 1070 1842 pro
1113 1770 1485 1827 conservanda
1524 1755 1838 1850 republica(
1855 1776 2007 1840 patet
2046 1770 2114 1825 de
2154 1771 2227 1831 M.
2255 1773 2437 1836 Curio,

432 1859 502 1916 de
525 1875 635 1932 quo
653 1858 845 1914 scribit
869 1859 1135 1916 Maximus
1163 1857 1408 1914 Valerius
1427 1857 1565 1914 libro
1592 1864 1814 1930 quarto,
1836 1856 2111 1928 quomodo
2134 1859 2443 1916 Samnitum

430 1945 654 2004 divitias
686 1947 1035 2017 contempsit.
1059 1947 1195 2003 Cum
1224 1946 1370 2000 enim
1401 1953 1523 2017 post
1569 1945 1859 2002 victoriam
1890 1945 1960 2001 de
1996 1947 2135 2018 ipsis
2170 1947 2436 2018 habitam,

433 2033 596 2106 legati
627 2048 814 2089 eorum
837 2032 908 2090 ad
945 2033 1123 2106 ipsum
1153 2032 1368 2090 aditum
1414 2032 1753 2099 habuissent,
1780 2033 2067 2108 ipsumque
2108 2038 2443 2108 reperissent

433 2122 488 2177 in
535 2135 778 2177 scammo
821 2121 1125 2186 sedentem,
1167 2127 1224 2177 et
1261 2123 1447 2177 catino
1490 2120 1667 2192 ligneo
1708 2131 2039 2187 effluentem,
2073 2138 2453 2198 magnumque.

433 2210 550 2268 auri
582 2209 793 2281 pondus
819 2209 1096 2275 offerrent,
1127 2210 1243 2266 suis
1265 2199 1533 2266 invitatus
1562 2209 1743 2266 verbis
1772 2215 1832 2265 ut
1869 2226 1935 2266 eo
1976 2211 2055 2264 uti
2097 2211 2283 2279 vellet,
2315 2213 2446 2269 vul·

433 2307 549 2354 tum
574 2298 822 2370 protinus
846 2298 958 2354 risu
987 2297 1226 2364 solvens,
1255 2313 1597 2370 supervacue
1621 2298 1801 2371 inquit
1831 2314 1846 2353 ε
1880 2317 1907 2351 α
1952 2299 2188 2355 Narrate
2220 2301 2445 2357 Samni-

434 2387 580 2444 tibus
609 2387 681 2442 M.
710 2387 936 2444 Curium
979 2385 1142 2444 malle
1187 2386 1551 2460 locupletibus
1595 2386 2069 2459 imperare‚quam
2108 2387 2443 2460 locupletum

435 2475 572 2532 fieri.
608 2475 674 2532 Et
711 2480 1043 2534 mementote
1058 2489 1157 2532 ·me
1205 2490 1312 2531 non
1361 2475 1483 2532 acie
1518 2471 1685 2541 vinci,
1711 2489 1813 2530 nec
1840 2475 2070 2546 pecunia
2110 2491 2271 2548 posse
2314 2493 2446 2535 cor-

434 2565 636 2636 rumpi.
667 2583 692 2616 n
718 2564 906 2622 Simile
925 2563 1094 2620 etiam
1124 2562 1290 2620 refert
1318 2563 1465 2620 idem
1488 2570 1683 2620 auctor
1700 2561 1839 2618 libro
1856 2562 2048 2619 eodem
2070 2563 2141 2622 de
2170 2563 2437 2633 Fabricio,

433 2653 528 2723 qui
554 2667 680 2710 cum
709 2653 915 2709 honore
941 2661 999 2708 et
1022 2652 1353 2709 auctoritate
1378 2651 1633 2708 omnibus
1652 2651 1707 2707 in
1730 2657 1897 2708 aetate
1924 2667 2024 2708 sua
2050 2653 2243 2724 major,
2274 2669 2441 2710 censu

434 2753 566 2794 vero
604 2753 702 2810 par
748 2748 896 2796 esset
940 2739 1236 2811 uuicuique
1281 2741 1629 2812 pauperrimo
1671 2739 1969 2812 requisitus
2005 2756 2052 2798 a,
2082 2741 2438 2809 Samnitibus,

433 2839 574 2896 quos
601 2825 656 2880 in
681 2825 937 2883 clientela
973 2827 1276 2894 detinebat,
1311 2827 1599 2911 pecuniam
1616 2835 1674 2883 et
1702 2842 1893 2884 servos
1932 2827 2035 2883 sibi
2079 2829 2273 2886 missos
2306 2827 2443 2886 con-'-

433 2911 677 2982 tempsit,
709 2927 742 2968 a
916 2917 1090 2971 tratos
1119 2914 1743 2987 remisit.lContinentiae
1769 2930 1885 2972 suae
1914 2915 2195 2982 beneficio,
2230 2925 2285 2974 et
2325 2917 2445 2974 zelo

433 3013 506 3079 pa
535 3019 632 3062 riae
657 3004 777 3060 sine
804 3004 1034 3076 pecunia
1059 3004 1348 3076 praedives‚
1379 3008 1439 3059 et
1459 3005 1578 3060 sine
1614 3019 1715 3060 usu
1743 3003 1966 3060 familiai
2007 3003 2223 3061 abunde
2266 3006 2444 3062 comi-

437 3098 605 3160 tatus,
637 3091 771 3166 quia
808 3091 1136 3162 locupletem
1184 3090 1338 3148 illum
1380 3090 1619 3148 faciebat
1648 3107 1754 3148 non
1799 3091 1971 3148 multa
2013 3092 2313 3165 possidere,
2345 3095 2444 3152 sed

435 3196 612 3259 pauca
635 3181 970 3239 desiderare.

502 3271 584 3326 De
631 3268 831 3329 talibus
857 3273 1044 3326 autem
1081 3265 1362 3324 concludit
1395 3264 1579 3323 dictus
1606 3267 1829 3334 Ductor,
1876 3265 2023 3341 quod
2075 3267 2285 3324 eisdem
2332 3283 2441 3326 non

434 3327 598 3416 datur
640 3356 957 3415 dominandi
1001 3361 1264 3428 potestas,
1294 3353 1403 3410 nisi
1442 3355 1642 3411 summi
1682 3354 1781 3410 Dei
1824 3352 2190 3436 providentia,
2222 3357 2445 3428 quando

435 3459 525 3504 res
549 3444 814 3502 humanas
823 3442 1040 3516 judicat
1054 3439 1256 3498 talibus
1267 3440 1427 3497 donis
1446 3455 1567 3497 esse
1594 3438 1809 3512 dignas.
1824 3440 1994 3498 Multa
2009 3442 2211 3498 similia
2239 3441 2443 3502 ibidem

435 3530 590 3598 dicit,
617 3547 715 3604 per
739 3545 866 3605 quae
885 3529 1112 3586 delinire
1140 3529 1358 3586 videtur
1372 3542 1563 3584 eorum
1580 3527 1882 3584 dominium
1910 3528 2082 3586 luisse
2110 3527 2438 3600 legitimum,

435 3625 494 3676 et
521 3619 602 3676 eis
629 3634 664 3677 a
692 3619 806 3676 Deo
841 3617 1122 3674 collatum.
1151 3615 1258 3674 Sed
1286 3622 1342 3672 et
1370 3615 1703 3672 Mathathias
1728 3624 1785 3672 et
1812 3615 1911 3673 filii
1948 3617 2203 3688 quamvis
2240 3616 2445 3674 fuerint

434 3707 506 3764 de
533 3704 862 3764 sacerdotali
897 3720 1117 3778 genere,
1161 3712 1383 3778 propter
1424 3703 1617 3766 zelum·
1645 3702 1780 3779 legis
1816 3710 1873 3759 et
1908 3703 2107 3779 patriae
2145 3706 2201 3760 in
2242 3704 2443 3778 populo

436 3794 740 3850 israelitico
779 3799 1094 3849 meruerunt
1116 3792 1417 3849 dominium
1456 3799 1520 3849 ut
1547 3797 1701 3866 patet
1732 3793 1789 3848 in
1813 3792 1840 3850 1
1866 3802 1925 3849 et
1952 3794 2002 3850 11
2026 3792 2277 3853 machab.
2306 3793 2443 3850 Cum

435 3880 588 3940 enim
615 3879 779 3960 morti
801 3889 948 3937 esset
973 3877 1190 3940 vicinus
1227 3880 1309 3938 sic
1354 3879 1501 3938 illios
1526 3894 1658 3940 suos
1684 3877 1982 3953 alloquitur
2007 3897 2025 3938 a
2055 3879 2445 3948 AEmulateru,
