2784 4392
473 188 555 251 70
953 204 1006 253 s.
1051 205 1284 251 'ruouAE
1324 204 1653 257 Aoumuis
1695 203 2011 249 croscum

473 321 667 379 bemus
692 322 933 391 divitiam,
963 338 1062 379 nec
1088 322 1300 381 oblatas
1328 323 1619 395 dignamur
1644 321 1909 393 accipere,
1943 320 2021 377 ita
2045 326 2101 376 et
2130 318 2208 375 illi
2240 320 2498 376 noverint

475 427 584 467 non
610 428 768 485 posse
789 411 1041 469 notitiam
1065 413 1487 486 scripturarum,
1513 412 1654 467 idest
1679 410 1900 476 Christi,
1928 424 2055 467 cum
2074 408 2265 464 mundi
2288 408 2497 465 habere

477 500 687 555 divitiis
727 517 743 555 z
788 500 868 556 eis
895 508 1082 557 autem
1106 500 1367 572 competit
1398 498 1615 565 docere,
1654 498 1747 570 qui
1779 498 2031 554 notitiam
2062 496 2264 553 habent
2302 497 2501 568 Scrip-

478 596 745 644 turarum.
791 608 816 640 a
855 580 998 661 Ergo
1027 588 1316 661 religiosi-3,
1343 588 1439 661 qui
1469 592 1851 660 paupertatem
1883 584 2226 659 profitentur,
2256 585 2498 641 maxime

480 678 742 748 competit
772 677 990 734 docere.

546 766 700 821 Item.
733 766 885 822 Sicut
907 781 1072 839 supra
1095 764 1384 837 probatum
1409 772 1511 831 est,
1540 764 1615 821 ad
1634 762 1919 838 quodlibet
1943 760 2493 835 opnsmisericordiae

477 855 856 927 exequendum
895 860 1073 927 potest
1118 852 1302 927 aliqua
1330 853 1524 925 religio
1559 853 1790 908 institui.
1828 852 1941 909 Sed'
1974 852 2171 907 docere
2209 857 2297 905 est
2328 855 2490 907 actus

477 942 884 1009 misericordiae,
933 943 1076 998 unde
1129 944 1269 999 inter
1329 941 1704 1015 eleemosynas
1748 938 2067 1013 spirituales
2115 946 2489 1011 computatur.

477 1030 618 1101 Ergo
645 1036 824 1102 potest
859 1030 1041 1104 aliqua
1068 1031 1256 1103 religio
1293 1031 1507 1087 institui
1545 1028 1854 1102 specialiter
1884 1028 1953 1086 ad
1984 1027 2311 1084 docendum.
2342 1029 2495 1084 Prae-

479 1125 646 1184 terea,
677 1119 850 1189 magis
876 1124 1084 1175 remota
1105 1119 1326 1175 videtur
1343 1116 1669 1190 areligionis
1689 1114 2281 1190 prepositocorporaiis
2298 1116 2491 1173 militia

478 1220 602 1279 quae
646 1206 1020 1304 corporalibus
1048 1208 1214 1262 armis
1242 1215 1545 1275 exercetur,
1580 1222 1747 1280 quam
1786 1205 1981 1261 militia
2022 1204 2327 1277 spirituaiis
2368 1220 2493 1278 qnae

477 1295 651 1349 utitur
681 1294 847 1350 armis
876 1294 1268 1366 spiritualibus,
1312 1294 1527 1351 scilicet
1559 1296 1731 1351 sacris
1763 1294 2107 1351 documentis
2134 1294 2205 1350 ad
2244 1310 2491 1350 errorum

477 1383 962 1455 impugnationem,
1007 1383 1074 1439 do
1112 1384 1309 1457 quibus
1353 1384 1555 1440 dicitur
1583 1384 1631 1439 n
1660 1383 1733 1457 ad
1772 1372 2015 1438 Corinth.
2062 1398 2121 1443 x·
2174 1384 2273 1438 ἑ.
2318 1384 2493 1439 Arma

478 1470 690 1528 militioe
717 1479 916 1529 nostrae
941 1488 1048 1527 mm
1073 1479 1198 1527 sunt
1222 1472 1489 1537 carnalia,
1518 1472 1611 1528 sed
1624 1471 1865 1545 potentia
1898 1470 2022 1526 Deo.
2054 1470 2167 1527 Sed*
2202 1470 2493 1542 religion-es

479 1556 679 1633 aliqnae
711 1561 936 1633 provide
959 1560 1228 1617 institutae
1269 1568 1395 1617 sunt
1440 1560 1513 1617 ad
1540 1559 1915 1634 exequendam
1946 1558 2195 1615 militiam
2229 1574 2493 1631 corpora·-

479 1648 585 1704 lem
628 1650 683 1705 in
715 1650 943 1706 tutelam
977 1648 1239 1707 Ecclesiae
1270 1649 1348 1706 ab·
1381 1649 1628 1705 hostibus
1665 1648 2057 1721 corporalibus,
2103 1648 2361 1721 quamvis
2386 1664 2495 1705 non

481 1737 660 1792 desint
696 1738 955 1795 Ecclesiae
982 1740 1251 1810 principes
1290 1737 1599 1803 saeculareS,
1633 1738 1733 1809 qui·
1756 1754 1823 1792 ex
1855 1736 2033 1793 officio
2061 1736 2365 1795 Ecclesiam
2394 1740 2495 1794 de-

482 1823 700 1880 fendere
727 1824 944 1880 debent.
979 1826 1118 1897 Ergo
1148 1834 1204 1881 et
1243 1824 1536 1880 salubriter
1564 1826 1831 1883 institutae
1859 1834 1985 1881 sunt
2024 1826 2224 1899 aliquae
2270 1828 2494 1898 religio-

483 1928 580 1967 nes
605 1911 674 1968 ad
705 1912 1028 1980 docendum,
1076 1918 1134 1968 ut
1163 1914 1244 1969 sic
1271 1929 1367 1986 per
1393 1928 1583 1968 eorum
1610 1914 1913 1969 doctrinam
1942 1914 2185 1970 Ecclesia
2215 1915 2285 1971 ab
2318 1916 2493 1970 hosti-

481 2000 584 2055 bus
609 2000 954 2068 defendatur,
976 2001 1227 2074 quamvis
1253 2002 1424 2059 etiam
1446 2002 1555 2057 sint
1575 2001 1667 2059 alii
1688 2003 1759 2061 ad
1783 2018 1921 2079 quos
1946 2004 2189 2077 pertinet
2208 2003 2313 2061 hoc
2332 2004 2494 2061 modo

482 2086 782 2143 Ecclesiam
811 2088 1116 2144 defensare.

553 2177 712 2231 Item.
739 2176 845 2246 Qui
871 2176 1098 2233 idoneus
1127 2186 1210 2234 est
1238 2178 1318 2235 ad
1333 2178 1435 2235 lioc
1462 2188 1519 2236 ut
1548 2180 1715 2252 possit
1734 2180 1936 2236 assumi
1964 2180 2036 2235 ad
2062 2178 2123 2235 id
2143 2180 2289 2253 quod
2316 2182 2495 2253 maius

485 2271 587 2331 est,
620 2272 676 2322 et
704 2264 759 2321 in
789 2280 897 2337 quo
927 2264 1078 2323 aliud'
1100 2266 1416 2335 includitur,
1448 2267 1675 2323 idoneus
1705 2267 1865 2325 debet
1892 2269 2133 2341 reputari
2158 2268 2233 2325 ad
2262 2270 2320 2324 id
2346 2270 2493 2337 quod

486 2353 662 2409 minus
705 2359 788 2409 est
823 2359 878 2409 et
920 2355 1066 2427 quod
1097 2356 1154 2410 in
1188 2354 1386 2428 majori
1418 2355 1736 2412 includit-ur.
1767 2356 1874 2413 Sed
1908 2356 2196 2429 religiosus·
2230 2358 2401 2414 etiam
2447 2358 2493 2413 si

484 2443 674 2515 religio
704 2444 822 2515 ejus
847 2459 952 2500 non
978 2446 1050 2500 sit
1075 2445 1144 2499 ad
1171 2444 1477 2501 docendum
1503 2446 1769 2513 instituta,
1805 2452 1985 2519 petest
2013 2448 2216 2501 assumi
2247 2446 2318 2502 ad
2348 2462 2496 2520 prae-

484 2531 704 2588 lationis
747 2532 1004 2599 officium,
1051 2540 1111 2587 ut
1155 2538 1306 2604 patet
1341 2530 1421 2587 De
1467 2532 1759 2599 Menaeni-s,
1806 2534 2122 2606 permulta
2157 2536 2328 2607 capit.
2369 2550 2490 2603 xvr,

485 2628 680 2693 quaest.
711 2624 770 2675 q,
802 2622 936 2675 Cum
961 2637 1090 2691 ergo
1121 2619 1461 2691 praelationis*
1488 2620 1723 2677 officium
1754 2622 1829 2677 sit
1857 2623 2037 2695 maj‘us
2058 2638 2226 2695 quam
2254 2624 2495 2680 officium

485 2707 744 2773 doctoris,
785 2709 935 2781 quod
975 2708 1224 2779 magistri
1267 2708 1509 2778 legentes
1547 2710 1603 2764 in
1642 2710 1847 2767 scholis
1888 2718 2161 2781 exercent,
2210 2720 2266 2768 ct
2309 2720 2493 2781 tamea

485 2794 818 2868 praelationis
857 2794 1098 2851 officium.
1140 2796 1299 2851 sImul
1341 2795 1543 2853 habeat
1584 2798 1751 2853 etiam
1800 2798 2105 2855 doctrinam
2152 2800 2489 2873 adjunctam,

483 2898 590 2939 non
634 2882 796 2939 debet
821 2885 1204 2941 inconveniens
1233 2886 1475 2957 reputari
1508 2886 1554 2941 si
1583 2886 1881 2943 monachus
1917 2890 2247 2946 auctoritate
2276 2892 2403 2964 eius
2424 2891 2495 2949 ad

486 2987 649 3046 quem
671 2980 900 3045 spectat,
931 2973 997 3029 ad
1025 2972 1346 3046 praedictum
1369 2974 1635 3031 doctrinae
1660 2974 1896 3031 officium
1927 2985 2258 3034 assumatur.
2524 3026 2527 3029 ,

554 3061 710 3117 Item.
756 3061 964 3118 Minora
991 3061 1134 3119 bona
1174 3076 1272 3134 pro
1317 3063 1613 3135 maJ‘oribus
1642 3064 1935 3120 intermitti·
1962 3074 2207 3137 possunt,
2255 3074 2316 3124 ut
2356 3068 2492 3125 dicit

483 3150 699 3217 Glossa,
737 3166 901 3223 super
928 3148 1064 3207 iilud
1095 3151 1227 3207 Luc.
1261 3167 1342 3219 lx,
1373 3154 1441 3207 60
1480 3168 1493 3207 :
1530 3152 1611 3207 T'u
1637 3160 1815 3208 autem
1837 3152 1986 3220 vade,
2012 3160 2073 3212 σε’
2103 3157 2377 3213 annuntia
2399 3175 2491 3215 rea-

479 3258 645 3313 ynam
685 3238 802 3295 Dei.
851 3238 958 3295 Sed
995 3239 1196 3296 bonum
1239 3256 1528 3297 commune
1562 3240 1849 3313 praefertur
1885 3242 2027 3299 bono
2070 3244 2327 3316 privato;
2364 3262 2491 3303 cnm

481 3345 609 3401 ergo
651 3326 948 3386 monachus
975 3328 1030 3383 in
1072 3328 1310 3384 claustro
1344 3328 1593 3384 ordinem
1620 3342 1777 3385 suum
1818 3344 2048 3387 servans
2086 3333 2303 3404 privato
2348 3334 2489 3391 bono

480 3419 714 3484 insistat,
747 3416 958 3474 scilicet
989 3423 1197 3473 tantum
1232 3432 1348 3474 suae
1373 3416 1556 3482 saluti,
1597 3416 1861 3474 d'octri'nae
1889 3424 2075 3475 autem
2104 3420 2344 3478 officium
2380 3441 2493 3497 quo

449 3529 452 3534 ·
479 3506 693 3577 plurimi
720 3507 1060 3574 erudiuntur,
1091 3508 1144 3562 in
1170 3522 1458 3562 commune
1486 3504 1688 3561 bonum
1714 3506 1881 3563 totius
1908 3506 2169 3566 Ecclesiae
2194 3512 2487 3579 redundet,

478 3610 584 3648 non
621 3604 705 3651 est
737 3596 1121 3652 inconveniens
1148 3596 1193 3650 si
1219 3594 1519 3651 monachus
1548 3601 1702 3649 extra
1732 3580 2030 3652 claustrum
2050 3598 2218 3655 vivat·
2250 3600 2325 3655 ad
2351 3602 2492 3657 doc-

481 3679 636 3735 trinae
675 3678 914 3736 officium
951 3690 1262 3753 assumptus
1299 3682 1368 3737 de
1395 3680 1616 3737 licentia
1658 3682 1776 3753 ejus
1814 3683 1883 3739 ad
1912 3699 2077 3757 quem
2105 3694 2341 3759 spectat.
2374 3688 2491 3745 Nec

477 3765 623 3823 valet
653 3768 796 3838 quod
835 3769 1040 3837 dicunt,
1082 3771 1227 3842 quod
1272 3769 1374 3827 hoc
1404 3776 1587 3843 posset
1617 3770 1759 3839 fieri,
1784 3774 2003 3845 quando
2043 3777 2351 3835 necessitas·
2376 3778 2489 3837 im-
