2784 4392
418 255 541 324 184
654 337 667 348 =
894 273 953 322 s.
991 269 1225 322 sacua
1263 268 1592 326 commus
1629 267 1942 324 ornacum
2001 323 2006 331 ,

419 397 623 466 tempus
654 389 925 466 judicare,
952 389 1098 448 unde
1136 388 1323 448 dicit·
1356 407 1385 442 α
1415 387 1729 446 Cavendum
1765 395 1850 446 est
1879 403 1948 446 ne
1974 387 2278 466 pernitiosa
2301 388 2432 466 opi-

419 483 642 540 natione
671 479 945 548 fallemur,
970 485 1036 536 ut
1059 479 1187 552 quia
1214 493 1325 536 non
1353 491 1644 553 possumus
1670 477 1952 536 hominum
1976 476 2238 552 indagare
2261 494 2433 540 cons-

420 569 679 628 cientiem
706 568 816 628 de
803 569 938 642 ipsis
975 567 1139 628 rebus
1172 566 1472 628 habeamus
1499 581 1688 626 veram
1726 571 2044 646 certamque
2071 570 2432 638 sententiam,

418 657 527 718 hoc
550 658 735 728 modo,
766 664 827 716 ut
847 659 893 716 si
922 658 1250 724 nesciuntne,
1273 655 1458 714 anille
1475 655 1562 714 vel
1588 655 1679 714 ille
1703 655 1864 714 homo
1888 656 1962 714 sit
1985 651 2293 730 impudicus
2319 675 2431 736 pu—

420 747 665 816 dicusve,
712 746 800 804 vel
832 748 1035 822 justus,
1071 745 1160 804 vel
1195 745 1450 818 injustus,
1481 745 1760 806 oderimus
1799 753 1983 804 tamen
2022 745 2432 814 impudicitiam

420 842 477 892 et
513 836 861 908 injustitiam,
892 847 946 894 et
972 834 1247 908 J'ustitiam
1277 834 1708 908 pudicitiamque
1736 833 2046 906 diligamus,
2077 842 2134 892 et
2163 834 2282 896 baec
2321 852 2432 910 ep-

418 926 675 1000 petenda,
706 924 911 1000 illaque
934 924 1161 984 vitanda
1190 925 1245 984 in
1272 923 1375 984 Dei
1403 924 1634 982 veritate
1662 923 2082 1000 conspiciamus,
2113 931 2174 982 ut
2201 940 2328 984 cum
2357 925 2432 985 de

418 1012 555 1086 ipsis
578 1011 745 1071 rebus
768 1014 913 1091 quod
934 1013 1301 1090 appetendum
1323 1018 1432 1082 est,
1460 1011 1798 1086 appetimuS,
1820 1019 1875 1070 et
1899 1011 2046 1084 quod
2069 1011 2430 1072 devitandum

420 1107 506 1156 est
546 1091 874 1167 devitamus,
911 1101 1223 1172 ignoscatur
1259 1101 1436 1170 nobis,
1479 1100 1630 1178 quod
1655 1101 1726 1160 de
1764 1099 2076 1162 hominibus
2106 1101 2422 1180 aliquando,

419 1189 531 1248 imo
560 1189 779 1248 assidue
800 1205 907 1254 non
937 1206 1065 1246 vere
1096 1190 1381 1250 sentimus.
1415 1209 1446 1246 n

491 1277 631 1350 Quia
665 1293 795 1336 vero
834 1278 1162 1354 perversitas
1183 1278 1377 1352 judicii
1409 1278 1480 1336 de
1507 1277 1670 1336 rebus
1701 1277 2059 1354 perniciosior
2083 1282 2188 1348 est,
2224 1285 2286 1338 ut
2311 1279 2427 1336 ibi-

396 1361 545 1426 ’dem
587 1367 819 1426 habetur
856 1383 949 1442 per
980 1365 1231 1426 Glossem
1278 1383 1292 1422 ι
1325 1386 1351 1422 c
1389 1366 1770 1426 Periculosiori
1799 1365 1987 1426 morbo
2028 1366 2284 1443 primitus
2319 1383 2426 1426 oc-

419 1463 733 1524 currentes;
758 1456 935 1534 primo
952 1453 1256 1522 videamus,
1280 1453 1514 1530 qualiter
1524 1454 1794 1528 judicium
1819 1461 2136 1527 pervertunt
2157 1455 2212 1514 in
2233 1456 2418 1526 robae,

418 1543 616 1602 deinde
652 1544 887 1617 qualiter
914 1544 971 1602 in
994 1544 1263 1620 personis.
1292 1562 1317 1594 »
1346 1543 1406 1602 In
1440 1541 1602 1601 rebus
1628 1543 1900 1616 siquidem
1929 1550 2246 1614 pervertunt
2263 1545 2424 1616 judi·

397 1625 564 1690 'cium
592 1634 904 1708 dupliciter.
944 1635 1125 1694 Primo
1163 1631 1451 1692 manifesta
1482 1632 1622 1690 bone
1651 1647 1774 1706 quae
1803 1647 1836 1690 a
1866 1631 2132 1704 religiosis
2159 1641 2416 1708 aguntur,

417 1738 589 1796 prava
618 1739 737 1780 esse
756 1723 1075 1795 judicando,
1103 1723 1400 1778 secundum
1431 1720 1560 1776 illud
1587 1719 1732 1774 Eccl.
1762 1735 1844 1786 ιι,
1873 1722 1984 1776 33:
2017 1720 2210 1780 Bona
2185 1737 2246 1778 m
2274 1724 2433 1782 maia·

417 1816 721 1868 convertens
769 1810 1093 1878 insidiatur,
1138 1817 1187 1870 et
1229 1811 1291 1866 in
1327 1810 1502 1868 electis
1541 1809 1770 1884 imponet
1815 1808 2101 1870 mamam.
2146 1810 2413 1881 Secundo,

416 1911 542 1974 quae
568 1896 707 1954 bene
733 1902 790 1954 et
826 1897 970 1956 mele
994 1905 1221 1970 possunt
1262 1897 1400 1962 lieri.
1431 1896 1622 1956 illicite
1651 1897 2066 1957 assemndo.1n
2102 1897 2207 1958 hoc
2233 1909 2417 1961 autem

416 1985 561 2058 quod
590 1985 733 2042 bona
756 2000 884 2060 quae
918 2001 953 2044 a
980 1984 1249 2058 religiosis
1276 1990 1535 2058 aguntur,
1559 1985 1810 2060 judicant
1839 2002 1957 2044 esse
1986 1986 2152 2058 mala,
2183 2005 2243 2049 se
2259 1987 2418 2066 ipsos

416 2073 813 2143 condemnent,
832 2079 887 2130 et
914 2089 1007 2130 eos
1048 2077 1237 2129 contra
1267 2087 1406 2145 quos
1445 2071 1762 2154 loquuntur,
1801 2074 2040 2134 maxime
2065 2079 2417 2140 commenda-

415 2162 553 2218 biles
580 2162 889 2218 ostendunt.
914 2163 981 2218 Se
1011 2161 1229 2234 quidem
1257 2160 1640 2226 condemnant,
1669 2162 1800 2234 quia
1827 2161 1932 2218 sibi
1953 2155 2104 2220 'bona
2128 2165 2416 2238 displicere

416 2251 742 2320 ostendunt;
776 2251 918 2307 unde
944 2252 1012 2307 de
1042 2250 1243 2310 talibus
1262 2250 1404 2310 dicit
1423 2249 1722 2326 Gregorius
1746 2250 1802 2304 in
1829 2251 1900 2306 VI
1927 2251 2126 2308 Moral.
2153 2269 2174 2311 .·
2205 2275 2232 2308 α
2258 2257 2417 2313 Nunc

418 2339 591 2397 malus
632 2341 789 2398 bonis
822 2342 1067 2412 derogat,
1114 2339 1169 2396 e't
1217 2344 1364 2398 recta
1392 2331 1520 2412 ¹quse
1564 2353 1726 2410 agere
1762 2338 2006 2410 negligit,
2053 2341 2172 2398 haec
2209 2343 2264 2400 in
2293 2345 2417 2402 aliis

419 2429 793 2498 obtrectando,
823 2431 1065 2489 leoerere
1099 2445 1207 2488 non
1234 2435 1436 2486 cesset.
1472 2447 1502 2480 x·
1530 2427 2000 2486 commendabiles
2027 2431 2196 2488 etiam
2219 2448 2286 2488 ex
2312 2433 2418 2492 hoo

417 2516 540 2574 illos
558 2524 748 2576 contra
774 2533 910 2592 quos
930 2517 1244 2596 loquuntur,
1271 2514 1585 2580 ostendunt,
1612 2514 1668 2573 ie
1693 2513 1773 2570 eis
1787 2515 2027 2574 Danielis
2050 2515 2416 2579 innocentiam

405 2607 784 2672 ostendentes,
824 2607 893 2666 de
934 2621 1043 2678 quo
1079 2605 1333 2674 dixerunt
1360 2602 1636 2676 principes
1661 2601 1972 2676 Babylonis,
2022 2605 2162 2664 Dan.
2209 2623 2286 2676 vx,
2323 2612 2355 2664 ὃ
2399 2629 2412 2666 :

416 2695 544 2753 Non
582 2694 906 2748 inveniemus
947 2691 1163 2748 Danieli
1209 2691 1329 2747 huic
1372 2689 1614 2762 aliquam
1650 2691 1994 2759 monem,
2021 2693 2133 2750 nini
2170 2695 2314 2768 soree
2352 2699 2416 2755 in

416 2783 525 2856 leae
562 2780 665 2840 Dei
701 2780 809 2840 sui.
838 2779 1033 2840 Glossa
1060 2797 1074 2837 z
1105 2799 1131 2834 α
1159 2779 1311 2839 Felix
1344 2780 1710 2850 conversatio,
1735 2780 1794 2840 iu
1819 2795 1934 2856 qua
1953 2780 2162 2844 inimici
2198 2785 2418 2862 culpem

418 2885 527 2928 non
564 2868 867 2936 inveniunt,
904 2867 1011 2928 nisi
1040 2867 1095 2926 in
1124 2867 1241 2940 iege
1272 2882 1440 2944 quam
1467 2867 1736 2940 custodit3
1767 2887 1796 2924 u
1829 2868 1908 2928 ita
1935 2875 1992 2932 et
2017 2872 2268 2948 praedicti
2291 2890 2419 2938 me·

417 2957 691 3032 lignantes
727 2957 784 3014 in
820 2955 938 3030 lege
966 2954 1065 3016 Dei
1093 2970 1261 3033 quam
1299 2955 1540 3032 religiosi
1567 2956 1906 3028 custodiunt,
1943 2961 2290 3030 occasionem
2313 2963 2417 3028 de·-

419 3045 707 3106 trectionis
734 3045 1017 3104 inveniunt
1043 3060 1139 3104 eos
1168 3046 1223 3102 in
1252 3051 1628 3120 contemptum
1650 3046 1994 3110 inducentes.

487 3134 687 3200 Primo,
717 3147 785 3190 ex
807 3130 925 3208 ipso
952 3129 1142 3190 habitu
1165 3130 1492 3192 humilitatis
1515 3131 1679 3208 q'uem
1702 3131 1978 3192 deferunt.

486 3222 862 3298 Secundo,‚ex
906 3218 1083 3280 officio
1133 3219 1418 3280 charitatis
1454 3236 1578 3297 quse
1616 3220 1882 3300 proximis
1920 3222 2262 3302 impendunt,
2284 3227 2416 3288 dum

417 3311 541 3372 eliis
559 3310 966 3384 serviuntjusta
990 3324 1148 3386 posse
1168 3309 1402 3370 eliorum
1418 3309 1636 3384 negotia
1656 3309 1984 3370 charitative
2004 3315 2414 3388 pertractando.

486 3400 691 3468 Tertio,
722 3413 791 3458 ex
816 3397 921 3456 hoo
948 3397 1095 3472 quod
1124 3412 1233 3457 non
1268 3396 1531 3456 hebentes
1559 3395 1648 3458 hic
1677 3405 1988 3460 manentem
2013 3400 2318 3481 civitatem,
2346 3403 2418 3468 do

412 3487 537 3550 loco
560 3487 631 3548 ad
657 3487 834 3546 locum
855 3486 1167 3548 discurrunt
1188 3485 1259 3548 ed
1287 3483 1772 3547 fructificandum
1757 3503 1814 3548 in
1832 3487 2030 3566 populo
2058 3489 2183 3552 Dei

486 3577 713 3648 Quarto,
746 3575 817 3632 de
841 3574 948 3638 hoc
970 3565 1115 3655 quod
1144 3574 1327 3634 studio
1344 3579 1568 3634 vacant..

486 3665 709 3752 Quinto,
748 3663 817 3722 de
857 3662 961 3726 hoc
998 3662 1146 3741 quod
1173 3661 1398 3724 verbum
1441 3661 1538 3723 Dei
1569 3662 1820 3726 ordinate
1861 3670 1918 3725 et
1947 3666 2188 3742 gratiose
2210 3685 2418 3744 propo-

415 3759 573 3812 nunt.
602 3752 687 3811 Ad
715 3752 819 3812 hoc
848 3750 1017 3812 etiam
1052 3751 1304 3824 refertur,
1334 3751 1482 3830 quod
1521 3751 1578 3812 in
1605 3752 1684 3812 eis
1710 3760 2090 3834 paupertatem
2120 3763 2176 3816 et
2199 3760 2418 3822 mendi-

413 3840 639 3906 citatem
668 3844 726 3899 et
752 3839 1061 3934 doctrinam
1081 3846 1436 3906 contemnunt
1463 3846 1520 3904 et
1542 3840 1782 3964 fructum
1809 3842 2135 3922 animarum,
2166 3862 2332 3926 quem
2361 3848 2417 3910 in
