2784 4392
475 310 590 371 374
953 327 1005 373 s.
1051 326 1283 371 ¹1·quAE
1321 324 1650 376 Aoumms
1691 322 2003 370 orusoum

1273 530 1557 599 CAPUT
1608 532 1692 598 ΙΙ.

480 664 608 727 Hic
657 664 914 727 ostendit
963 664 1364 726 necessitatem
1410 644 1817 725 constituendi
1860 659 2189 734 civitatem,
2243 667 2493 741 propter

557 753 1038 817 communitatem
1058 752 1350 815 necessari
1353 770 1451 813 am
1473 752 1746 813 humana}
1768 750 1927 824 vitoe,
1953 751 2115 813 circa
2133 766 2317 829 quam
2333 768 2490 828 prce·

559 842 752 919 cipuae
779 841 1057 904 consistit
1075 840 1466 920 principatus
1484 839 1800 918 politiam.

547 972 769 1044 thnia
813 974 1052 1044 regimen
1093 972 1377 1044 politicum
1408 970 1639 1026 maxime
1677 968 1930 1033 consistit
1960 969 2015 1023 in
2050 969 2387 1037 civitatibuS,
2416 977 2477 1026 ut

477 1075 544 1114 ex
569 1060 901 1130 supradictis
925 1065 1170 1133 apparet,
1200 1059 1498 1133 provinciae
1526 1058 1669 1113 enim
1692 1056 1865 1127 magis
1900 1054 1973 1117 ad
2003 1056 2185 1128 rega-le
2209 1058 2481 1131 pertinere

479 1146 748 1211 videntur,
780 1157 839 1204 ut
878 1148 932 1203 in
965 1147 1207 1218 pluribus
1237 1148 1526 1220 reperitur,
1560 1152 1787 1217 excepta
1824 1145 2018 1210 Roma,
2051 1160 2177 1218 quae
2220 1162 2315 1217 per
2352 1160 2485 1201 con-

477 1234 624 1289 sules
648 1241 703 1288 et
723 1234 975 1291 'tribunos
1000 1250 1066 1291 ac
1084 1244 1364 1291 senatores
1387 1234 1727 1306 gubernabat
1754 1233 1959 1299 orbem,
1990 1240 2049 1287 ut
2080 1234 2133 1288 in
2173 1234 2322 1290 dicto
2348 1234 2485 1290 iibro

479 1322 724 1377 Machab.
767 1330 850 1377 est
896 1322 1264 1391 manifestum,
1295 1330 1350 1376 ot
1398 1322 1726 1394 quibusdam
1768 1322 1891 1377 aliis
1935 1321 2110 1378 ltaliae
2146 1308 2482 1389 civitatibus,

483 1426 606 1483 quae
633 1410 1122 1466 licetdominentur
1149 1411 1462 1481 provinciis,
1498 1418 1759 1481 reguntur
1789 1418 1971 1465 tamen
2001 1408 2239 1482 politice,
2275 1410 2398 1465 ideo
2419 1411 2485 1465 de

483 1499 652 1571 ipsius
677 1498 1070 1555 constitutione
1101 1514 1244 1554 nunc
1286 1508 1368 1559 ess.
1406 1497 1695 1569 agendum.
1730 1498 1813 1552 Et·
1840 1498 2021 1569 primo
2046 1498 2268 1570 quidem
2300 1504 2485 1554 osten·

483 1586 659 1642 denda
689 1596 772 1643 est
796 1588 914 1659 ejus
943 1587 1341 1644 constituendae
1371 1585 1688 1651 necessitaS,
1720 1594 1775 1642 et
1801 1600 1925 1659 quae
1954 1588 2072 1658 ejus
2098 1588 2482 1642 communitas.

485 1675 733 1731 Secundo
755 1690 884 1731 vero
908 1681 1043 1747 quot
1073 1681 1198 1730 sunt
1229 1682 1411 1747 partes
1438 1675 1575 1746 ejus,
1610 1674 1725 1730 sive
1750 1690 1817 1729 ex
1844 1674 2043 1746 quibus
2080 1673 2358 1729 hominum
2388 1690 2483 1745 ge-

487 1763 708 1817 neribus
733 1763 1096 1834 componitur.

558 1850 914 1905 Necessitudo
949 1856 1132 1905 autem
1163 1857 1388 1921 apparet
1418 1851 1593 1921 primo
1618 1849 1840 1921 quidem
1873 1850 2217 1907 considerata
2256 1850 2488 1906 humana

487 1938 805 2010 indigentia,
837 1954 931 2008 per
960 1952 1125 2009 quam
1152 1938 1365 2009 cogitur
1394 1937 1554 1994 homo
1585 1939 1637 1993 in
1665 1938 1929 1994 societate
1956 1940 2156 2004 vivere,
2190 1940 2317 2009 quia
2346 1947 2406 1994 ut
2435 1938 2486 1992 iu

487 2024 607 2081 Job.
638 2027 811 2091 xiv,t
851 2024 1107 2081 scribitur
1137 2024 1346 2079 :Homo
1387 2032 1547 2083 natus
1586 2026 1649 2081 de
1688 2026 1913 2081 muliere
1958 2026 2102 2081 brevi
2142 2025 2319 2081 vivens
2356 2018 2487 2082 tem-

483 2128 636 2184 pore,
667 2113 894 2183 repletus
919 2113 1099 2168 multis
1121 2112 1373 2179 miseriis,
1398 2114 1452 2168 id
1479 2121 1560 2169 est
1588 2115 2005 2170 necessitatibus
2031 2114 2175 2175 vitae,
2210 2116 2259 2168 in
2294 2114 2489 2187 quibus

491 2200 708 2255 miseria
739 2200 1116 2257 manifestatur
1143 2217 1155 2255 ε
1185 2201 1327 2256 unde
1351 2202 1652 2258 secundum
1678 2208 1931 2257 naturam
1958 2208 2041 2257 est
2067 2202 2266 2257 animal
2292 2201 2490 2257 sociale

491 2289 606 2345 sive
633 2289 931 2361 politicum,
963 2298 1020 2346 ut
1050 2289 1408 2361 Philosophus
1436 2291 1627 2363 probat
1661 2291 1712 2346 in
1739 2294 1759 2346 l
1789 2290 1950 2347 Polie.
1974 2308 1987 2359 ;
2015 2298 2070 2346 et
2112 2292 2239 2346 inde
2268 2287 2493 2345 conclu-

491 2378 640 2432 ditur
659 2379 1106 2435 communitatem
1134 2379 1375 2436 civitatis
1406 2395 1524 2435 esse
1557 2379 1918 2435 necessariam
1951 2395 2047 2450 pro
2078 2378 2492 2435 necessitatibus

494 2466 745 2525 humanae
770 2469 917 2524 vitae.
1345 2464 1348 2468 ’
1842 2520 1851 2539 ,
2263 2461 2267 2465 ’

564 2546 810 2628 Amplius
841 2562 1022 2610 autem
1067 2562 1260 2611 natura
1289 2555 1527 2626 providit
1572 2555 1787 2611 caeteris
1827 2554 2151 2611 animalibus
2176 2561 2491 2611 ornamenta

491 2651 544 2697 et
571 2646 900 2699 munimenta
928 2644 979 2697 in
1010 2644 1094 2697 sui
1119 2643 1359 2698 exordi0.
1391 2644 1547 2701 Unde
1577 2660 1642 2697 ex
1682 2643 1885 2698 virtute
1916 2650 2127 2699 naturae
2158 2642 2493 2699 aestimativa

495 2733 634 2786 vitat
656 2732 930 2787 contraria
957 2737 1009 2785 et
1049 2731 1426 2787 convenientia
1456 2731 1652 2802 diligit,
1682 2730 1829 2785 nullo
1866 2730 2135 2803 dirigente
2181 2730 2402 2802 praevio,
2433 2737 2492 2786 ut

495 2834 629 2890 opus
654 2825 866 2873 naturae
891 2820 961 2873 sit
999 2818 1052 2874 in
1082 2818 1159 2873 eis
1188 2834 1322 2891 opus
1352 2819 1747 2889 intelligentiae‚
1776 2819 1925 2874 sicut·
1944 2818 2297 2891 Philosophus
2326 2817 2492 2875 tradit

495 2922 547 2959 in
574 2906 618 2961 ll
660 2906 817 2975 Phys.
851 2906 965 2969 Sed,
1000 2906 1052 2960 in
1090 2907 1307 2963 homine
1338 2922 1445 2961 non
1485 2908 1584 2972 sic,
1620 2906 1786 2962 immo
1816 2909 2145 2963 instructore
2178 2906 2386 2978 indiget
2421 2905 2491 2962 ad

494 2994 798 3065 eligendum
819 2994 1224 3065 proportionata
1254 3000 1481 3063 naturae,
1507 3005 1729 3067 propter
1758 2997 1902 3067 quod
1934 2996 2205 3051 nutricem
2233 2994 2393 3050 habet
2421 2994 2491 3050 ad

495 3082 599 3139 ista
623 3082 884 3142 docenda.
2330 3125 2333 3127 v

563 3160 772 3229 Rursus
795 3172 862 3227 ad
891 3172 1052 3227 idem.
1074 3172 1268 3229 Vestes
1291 3180 1344 3228 et
1369 3178 1704 3244 tegumenta,
1724 3173 1923 3246 quibus
1951 3180 2213 3229 ornantur
2236 3170 2491 3227 animalia

492 3266 547 3315 et
598 3258 797 3331 plantae
843 3260 1030 3315 statim
1073 3261 1214 3315 sicut
1259 3268 1577 3326 nascuntur,
1604 3269 1665 3316 et
1706 3260 1867 3317 homo
1913 3266 2083 3327 caret,
2130 3258 2493 3331 significativa

491 3356 618 3403 sunt
642 3348 972 3417 indigentiae,
1005 3363 1101 3419 pro
1142 3348 1339 3419 quibus
1368 3354 1584 3419 oportet
1621 3364 1902 3405 recurrere
1932 3350 1999 3405 ad
2028 3348 2309 3405 hominum
2348 3346 2493 3403 mul-

494 3436 798 3499 titudinem,
835 3436 976 3489 unde
1011 3436 1618 3492 civitas-constituitur.
1646 3439 1872 3509 Propter
1906 3438 2049 3509 quod
2095 3438 2359 3492 Dominus
2397 3449 2493 3491 os-

492 3524 667 3581 tendit
692 3524 745 3577 in
771 3522 872 3578 hoc
895 3522 1004 3578 lilia
1034 3522 1168 3594 agri,
1203 3534 1256 3578 et
1283 3527 1530 3580 volucres
1552 3524 1694 3591 coeli,
1724 3534 1779 3581 et
1808 3527 1887 3581 sic
1914 3526 1979 3581 de
2004 3525 2273 3581 similibus
2298 3523 2495 3579 melio-

492 3612 568 3666 ris
593 3628 712 3667 esse
735 3610 1080 3676 conditionis,
1110 3627 1271 3684 quam
1305 3612 1484 3679 homo,
1514 3612 1797 3668 referendo
1839 3613 2195 3683 indigentiam
2235 3612 2303 3669 ad
2340 3610 2493 3667 illurn

490 3700 835 3769 magnificum
871 3715 1054 3770 regem
1091 3691 1453 3767 Salomonem,
1482 3702 1574 3772 qui
1614 3707 1727 3755 tam
1768 3701 2097 3756 excellenter
2148 3700 2445 3757 abundavit
2477 3717 2493 3753 t

446 3855 450 3859 Α
491 3787 767 3854 Respicite,
790 3788 966 3859 inquit
996 3787 1202 3857 (Matth.
1223 3804 1298 3855 vt,
1319 3790 1423 3859 26),
1443 3788 1679 3843 volucres
1703 3789 1836 3853 coelI,
1859 3790 1985 3859 quia
2004 3805 2109 3843 non
2128 3795 2315 3845 semul
2330 3804 2497 3859 neque

488 3879 711 3939 metum,
741 3890 903 3945 neque
929 3882 1244 3945 conyreqant
1286 3876 1345 3929 in
1385 3876 1598 3931 horrea.
1635 3876 1979 3933 Considerate
2020 3876 2138 3933 lilia
2184 3875 2331 3948 agri,
2358 3891 2497 3947 quo-

1243 4132 1274 4148 Ἀ
