<?xml version="1.0" encoding="UTF-8"?>
<!DOCTYPE html PUBLIC "-//W3C//DTD XHTML 1.0 Transitional//EN"
    "http://www.w3.org/TR/xhtml1/DTD/xhtml1-transitional.dtd">
<html xmlns="http://www.w3.org/1999/xhtml" xml:lang="en" lang="en">
 <head>
  <title>
</title>
<meta http-equiv="Content-Type" content="text/html;charset=utf-8" />
  <meta name='ocr-system' content='tesseract 3.04.00' />
  <meta name='ocr-capabilities' content='ocr_page ocr_carea ocr_par ocr_line ocrx_word'/>
</head>
<body>
  <div class='ocr_page' id='page_1' title='image "./sthomaquinatisd01thomgoog_0309.png"; bbox 0 0 2784 4392; ppageno 0'>
   <div class='ocr_carea' id='block_1_1' title="bbox 773 264 2306 337">
    <p class='ocr_par' dir='ltr' id='par_1_1' title="bbox 773 264 2306 337">
     <span class='ocr_line' id='line_1_1' title="bbox 773 264 2306 337; baseline -0.005 -1"><span class='ocrx_word' id='word_1_1' title='bbox 773 275 881 337; x_wconf 79' lang='lat' dir='ltr'><strong>xv&#39;.</strong></span> <span class='ocrx_word' id='word_1_2' title='bbox 903 275 992 321; x_wconf 77' lang='lat'>&#39;·--</span> <span class='ocrx_word' id='word_1_3' title='bbox 1018 288 1098 335; x_wconf 75' lang='lat' dir='ltr'><strong>nn</strong></span> <span class='ocrx_word' id='word_1_4' title='bbox 1140 270 1443 333; x_wconf 68' lang='lat' dir='ltr'><strong>anamiim</strong></span> <span class='ocrx_word' id='word_1_5' title='bbox 1486 267 1821 333; x_wconf 58' lang='lat' dir='ltr'><strong>tamarim</strong></span> <span class='ocrx_word' id='word_1_6' title='bbox 2182 264 2306 330; x_wconf 70' lang='lat'><strong>297</strong></span> 
     </span>
    </p>
   </div>
   <div class='ocr_carea' id='block_1_2' title="bbox 297 402 2307 1403">
    <p class='ocr_par' dir='ltr' id='par_1_2' title="bbox 297 402 2307 1369">
     <span class='ocr_line' id='line_1_2' title="bbox 299 402 2303 480; baseline -0 -19"><span class='ocrx_word' id='word_1_7' title='bbox 299 406 449 462; x_wconf 82' lang='lat' dir='ltr'><strong>ribus</strong></span> <span class='ocrx_word' id='word_1_8' title='bbox 477 420 583 463; x_wconf 90' lang='lat' dir='ltr'><strong>non</strong></span> <span class='ocrx_word' id='word_1_9' title='bbox 611 409 801 464; x_wconf 86' lang='lat' dir='ltr'><strong>carent</strong></span> <span class='ocrx_word' id='word_1_10' title='bbox 836 404 1190 480; x_wconf 73' lang='lat' dir='ltr'>sophismate,</span> <span class='ocrx_word' id='word_1_11' title='bbox 1221 411 1276 461; x_wconf 89' lang='lat' dir='ltr'><strong>et</strong></span> <span class='ocrx_word' id='word_1_12' title='bbox 1319 402 1443 461; x_wconf 89' lang='lat' dir='ltr'><strong>ldeo</strong></span> <span class='ocrx_word' id='word_1_13' title='bbox 1487 418 1592 459; x_wconf 91' lang='lat' dir='ltr'><strong>non</strong></span> <span class='ocrx_word' id='word_1_14' title='bbox 1640 408 1767 460; x_wconf 85' lang='lat' dir='ltr'><strong>sunt</strong></span> <span class='ocrx_word' id='word_1_15' title='bbox 1822 410 1988 460; x_wconf 84' lang='lat' dir='ltr'><strong>tantae</strong></span> <span class='ocrx_word' id='word_1_16' title='bbox 2044 402 2303 460; x_wconf 83' lang='lat' dir='ltr'><strong>efficaciae</strong></span> 
     </span>
     <span class='ocr_line' id='line_1_3' title="bbox 299 488 2299 567; baseline -0.003 -18"><span class='ocrx_word' id='word_1_17' title='bbox 299 494 444 549; x_wconf 90' lang='lat' dir='ltr'><strong>sicut</strong></span> <span class='ocrx_word' id='word_1_18' title='bbox 471 494 687 567; x_wconf 86' lang='lat' dir='ltr'><strong>propria</strong></span> <span class='ocrx_word' id='word_1_19' title='bbox 716 492 784 550; x_wconf 85' lang='lat' dir='ltr'><strong>ad</strong></span> <span class='ocrx_word' id='word_1_20' title='bbox 815 492 1166 551; x_wconf 87' lang='lat' dir='ltr'><strong>nutriendum</strong></span> <span class='ocrx_word' id='word_1_21' title='bbox 1194 510 1208 547; x_wconf 75' lang='grc' dir='ltr'>ι</span> <span class='ocrx_word' id='word_1_22' title='bbox 1236 490 1380 549; x_wconf 90' lang='lat' dir='ltr'><strong>unde</strong></span> <span class='ocrx_word' id='word_1_23' title='bbox 1400 488 1547 548; x_wconf 89' lang='lat' dir='ltr'><strong>idem</strong></span> <span class='ocrx_word' id='word_1_24' title='bbox 1570 488 1823 549; x_wconf 88' lang='lat' dir='ltr'><strong>Salomon</strong></span> <span class='ocrx_word' id='word_1_25' title='bbox 1838 490 1907 547; x_wconf 88' lang='lat' dir='ltr'><strong>·in</strong></span> <span class='ocrx_word' id='word_1_26' title='bbox 1938 490 2095 547; x_wconf 84' lang='lat' dir='ltr'><strong>Prov.</strong></span> <span class='ocrx_word' id='word_1_27' title='bbox 2119 504 2172 556; x_wconf 89' lang='lat' dir='ltr'><strong>v,</strong></span> <span class='ocrx_word' id='word_1_28' title='bbox 2200 492 2299 545; x_wconf 72' lang='lat'><strong>⁴5:</strong></span> 
     </span>
     <span class='ocr_line' id='line_1_4' title="bbox 301 576 2303 654; baseline -0.002 -19"><span class='ocrx_word' id='word_1_29' title='bbox 301 581 448 647; x_wconf 82' lang='lat' dir='ltr'><strong>Bibe,</strong></span> <span class='ocrx_word' id='word_1_30' title='bbox 475 580 670 653; x_wconf 85' lang='lat' dir='ltr'><strong>inquit,</strong></span> <span class='ocrx_word' id='word_1_31' title='bbox 697 596 889 654; x_wconf 77' lang='lat' dir='ltr'><strong>aquam</strong></span> <span class='ocrx_word' id='word_1_32' title='bbox 919 580 982 636; x_wconf 77' lang='lat' dir='ltr'><strong>de</strong></span> <span class='ocrx_word' id='word_1_33' title='bbox 1011 581 1246 637; x_wconf 72' lang='lat' dir='ltr'><strong>cisterna</strong></span> <span class='ocrx_word' id='word_1_34' title='bbox 1271 588 1387 646; x_wconf 79' lang='lat' dir='ltr'><strong>tua,</strong></span> <span class='ocrx_word' id='word_1_35' title='bbox 1419 578 1473 636; x_wconf 89' lang='lat' dir='ltr'><strong>in</strong></span> <span class='ocrx_word' id='word_1_36' title='bbox 1502 576 1606 636; x_wconf 90' lang='lat' dir='ltr'><strong>hoc</strong></span> <span class='ocrx_word' id='word_1_37' title='bbox 1642 576 2110 651; x_wconf 87' lang='lat' dir='ltr'><strong>comprehendens</strong></span> <span class='ocrx_word' id='word_1_38' title='bbox 2145 592 2303 633; x_wconf 88' lang='lat' dir='ltr'><strong>omno</strong></span> 
     </span>
     <span class='ocr_line' id='line_1_5' title="bbox 298 666 2305 751; baseline -0.001 -27"><span class='ocrx_word' id='word_1_39' title='bbox 298 671 710 737; x_wconf 77' lang='lat' dir='ltr'><strong>nutrimentum,</strong></span> <span class='ocrx_word' id='word_1_40' title='bbox 740 671 836 728; x_wconf 86' lang='lat' dir='ltr'><strong>sed</strong></span> <span class='ocrx_word' id='word_1_41' title='bbox 866 670 1138 744; x_wconf 85' lang='lat' dir='ltr'><strong>praecipue</strong></span> <span class='ocrx_word' id='word_1_42' title='bbox 1175 675 1385 743; x_wconf 84' lang='lat' dir='ltr'><strong>potum,</strong></span> <span class='ocrx_word' id='word_1_43' title='bbox 1414 668 1545 743; x_wconf 82' lang='lat' dir='ltr'><strong>quia</strong></span> <span class='ocrx_word' id='word_1_44' title='bbox 1576 667 1787 751; x_wconf 68' lang='lat' dir='ltr'><strong>facilius</strong></span> <span class='ocrx_word' id='word_1_45' title='bbox 1823 674 2005 742; x_wconf 85' lang='lat' dir='ltr'><strong>potest</strong></span> <span class='ocrx_word' id='word_1_46' title='bbox 2042 666 2305 741; x_wconf 82' lang='lat' dir='ltr'><strong>sophisti-</strong></span> 
     </span>
     <span class='ocr_line' id='line_1_6' title="bbox 299 754 2306 832; baseline -0.002 -17"><span class='ocrx_word' id='word_1_47' title='bbox 299 757 431 824; x_wconf 85' lang='lat' dir='ltr'><strong>cari‚</strong></span> <span class='ocrx_word' id='word_1_48' title='bbox 464 766 519 815; x_wconf 87' lang='lat' dir='ltr'><strong>et</strong></span> <span class='ocrx_word' id='word_1_49' title='bbox 547 759 725 832; x_wconf 86' lang='lat' dir='ltr'><strong>ipsum</strong></span> <span class='ocrx_word' id='word_1_50' title='bbox 751 760 929 817; x_wconf 86' lang='lat' dir='ltr'><strong>minus</strong></span> <span class='ocrx_word' id='word_1_51' title='bbox 954 776 984 815; x_wconf 84' lang='lat' dir='ltr'><strong>a</strong></span> <span class='ocrx_word' id='word_1_52' title='bbox 1011 772 1110 815; x_wconf 81' lang='lat' dir='ltr'><strong>sua</strong></span> <span class='ocrx_word' id='word_1_53' title='bbox 1140 766 1337 815; x_wconf 82' lang='lat' dir='ltr'><strong>natura</strong></span> <span class='ocrx_word' id='word_1_54' title='bbox 1365 762 1423 814; x_wconf 86' lang='lat' dir='ltr'><strong>et</strong></span> <span class='ocrx_word' id='word_1_55' title='bbox 1452 756 1693 832; x_wconf 89' lang='lat' dir='ltr'><strong>puritate</strong></span> <span class='ocrx_word' id='word_1_56' title='bbox 1736 764 2026 824; x_wconf 89' lang='lat' dir='ltr'><strong>remotum,</strong></span> <span class='ocrx_word' id='word_1_57' title='bbox 2050 754 2214 812; x_wconf 86' lang='lat' dir='ltr'><strong>citius</strong></span> <span class='ocrx_word' id='word_1_58' title='bbox 2238 754 2306 811; x_wconf 87' lang='lat' dir='ltr'><strong>do</strong></span> 
     </span>
     <span class='ocr_line' id='line_1_7' title="bbox 297 844 2306 922; baseline -0.002 -18"><span class='ocrx_word' id='word_1_59' title='bbox 297 848 467 922; x_wconf 85' lang='lat' dir='ltr'><strong>ipsius</strong></span> <span class='ocrx_word' id='word_1_60' title='bbox 488 848 697 907; x_wconf 86' lang='lat' dir='ltr'><strong>malitia</strong></span> <span class='ocrx_word' id='word_1_61' title='bbox 722 846 947 905; x_wconf 86' lang='lat' dir='ltr'><strong>indicat.</strong></span> <span class='ocrx_word' id='word_1_62' title='bbox 976 847 1185 905; x_wconf 80' lang='lat' dir='ltr'>Rursus</span> <span class='ocrx_word' id='word_1_63' title='bbox 1209 846 1425 921; x_wconf 87' lang='lat' dir='ltr'><strong>propria</strong></span> <span class='ocrx_word' id='word_1_64' title='bbox 1457 844 1718 904; x_wconf 76' lang='lat' dir='ltr'><strong>victualia</strong></span> <span class='ocrx_word' id='word_1_65' title='bbox 1741 852 1867 903; x_wconf 89' lang='lat' dir='ltr'><strong>sunt</strong></span> <span class='ocrx_word' id='word_1_66' title='bbox 1894 846 2116 919; x_wconf 89' lang='lat' dir='ltr'><strong>majoris</strong></span> <span class='ocrx_word' id='word_1_67' title='bbox 2146 860 2306 901; x_wconf 89' lang='lat' dir='ltr'><strong>secu-</strong></span> 
     </span>
     <span class='ocr_line' id='line_1_8' title="bbox 298 931 2305 1011; baseline -0.002 -18"><span class='ocrx_word' id='word_1_68' title='bbox 298 940 478 995; x_wconf 83' lang='lat' dir='ltr'><strong>ritatis</strong></span> <span class='ocrx_word' id='word_1_69' title='bbox 503 940 558 994; x_wconf 92' lang='lat' dir='ltr'><strong>in</strong></span> <span class='ocrx_word' id='word_1_70' title='bbox 585 937 1018 1011; x_wconf 83' lang='lat' dir='ltr'><strong>sumend0,quia</strong></span> <span class='ocrx_word' id='word_1_71' title='bbox 1050 944 1276 1011; x_wconf 88' lang='lat' dir='ltr'><strong>possunt</strong></span> <span class='ocrx_word' id='word_1_72' title='bbox 1303 934 1521 993; x_wconf 79' lang='lat' dir='ltr'><strong>facilius</strong></span> <span class='ocrx_word' id='word_1_73' title='bbox 1546 936 1615 993; x_wconf 87' lang='lat' dir='ltr'><strong>ab</strong></span> <span class='ocrx_word' id='word_1_74' title='bbox 1643 941 1902 993; x_wconf 83' lang='lat' dir='ltr'><strong>extraneo</strong></span> <span class='ocrx_word' id='word_1_75' title='bbox 1928 934 2204 1000; x_wconf 65' lang='lat' dir='ltr'><strong>venenam,</strong></span> <span class='ocrx_word' id='word_1_76' title='bbox 2222 931 2305 990; x_wconf 85' lang='lat' dir='ltr'><strong>vel</strong></span> 
     </span>
     <span class='ocr_line' id='line_1_9' title="bbox 299 1022 2303 1105; baseline -0.002 -21"><span class='ocrx_word' id='word_1_77' title='bbox 299 1044 418 1084; x_wconf 85' lang='lat' dir='ltr'><strong>esse</strong></span> <span class='ocrx_word' id='word_1_78' title='bbox 445 1029 660 1099; x_wconf 85' lang='lat' dir='ltr'><strong>nociva,</strong></span> <span class='ocrx_word' id='word_1_79' title='bbox 693 1042 858 1101; x_wconf 88' lang='lat' dir='ltr'><strong>quam</strong></span> <span class='ocrx_word' id='word_1_80' title='bbox 894 1028 940 1083; x_wconf 92' lang='lat' dir='ltr'><strong>si</strong></span> <span class='ocrx_word' id='word_1_81' title='bbox 973 1028 1026 1081; x_wconf 92' lang='lat' dir='ltr'><strong>in</strong></span> <span class='ocrx_word' id='word_1_82' title='bbox 1066 1024 1286 1100; x_wconf 84' lang='lat' dir='ltr'><strong>proprio</strong></span> <span class='ocrx_word' id='word_1_83' title='bbox 1325 1022 1519 1081; x_wconf 86' lang='lat' dir='ltr'><strong>horreo</strong></span> <span class='ocrx_word' id='word_1_84' title='bbox 1563 1024 1645 1082; x_wconf 85' lang='lat' dir='ltr'><strong>vel</strong></span> <span class='ocrx_word' id='word_1_85' title='bbox 1686 1023 1906 1082; x_wconf 85' lang='lat' dir='ltr'><strong>cellario</strong></span> <span class='ocrx_word' id='word_1_86' title='bbox 1952 1032 2303 1105; x_wconf 85' lang='lat' dir='ltr'><strong>reponantur.</strong></span> 
     </span>
     <span class='ocr_line' id='line_1_10' title="bbox 301 1101 2307 1191; baseline -0.004 -17"><span class='ocrx_word' id='word_1_87' title='bbox 301 1117 452 1174; x_wconf 85' lang='lat' dir='ltr'><strong>Unde</strong></span> <span class='ocrx_word' id='word_1_88' title='bbox 496 1126 552 1173; x_wconf 91' lang='lat' dir='ltr'><strong>et</strong></span> <span class='ocrx_word' id='word_1_89' title='bbox 593 1116 858 1191; x_wconf 85' lang='lat' dir='ltr'><strong>propheta</strong></span> <span class='ocrx_word' id='word_1_90' title='bbox 899 1114 1026 1172; x_wconf 86' lang='lat' dir='ltr'><strong>lsai.</strong></span> <span class='ocrx_word' id='word_1_91' title='bbox 1073 1130 1194 1187; x_wconf 88' lang='lat' dir='ltr'><strong>cap.</strong></span> <span class='ocrx_word' id='word_1_92' title='bbox 1219 1126 1296 1182; x_wconf 77' lang='lat' dir='ltr'><strong>vr,</strong></span> <span class='ocrx_word' id='word_1_93' title='bbox 1333 1116 1420 1181; x_wconf 85' lang='lat'><strong>33,</strong></span> <span class='ocrx_word' id='word_1_94' title='bbox 1454 1113 1511 1169; x_wconf 89' lang='lat' dir='ltr'><strong>in</strong></span> <span class='ocrx_word' id='word_1_95' title='bbox 1552 1112 1885 1172; x_wconf 79' lang='lat' dir='ltr'><strong>exaltatione</strong></span> <span class='ocrx_word' id='word_1_96' title='bbox 1931 1101 2307 1169; x_wconf 76' lang='lat' dir='ltr'><strong>retributionis</strong></span> 
     </span>
     <span class='ocr_line' id='line_1_11' title="bbox 301 1200 2305 1291; baseline -0.002 -30"><span class='ocrx_word' id='word_1_97' title='bbox 301 1206 401 1267; x_wconf 82' lang='lat' dir='ltr'><strong>viri</strong></span> <span class='ocrx_word' id='word_1_98' title='bbox 425 1206 579 1279; x_wconf 83' lang='lat' dir='ltr'><strong>justi.</strong></span> <span class='ocrx_word' id='word_1_99' title='bbox 608 1206 794 1273; x_wconf 78' lang='lat' dir='ltr'><strong>Panis,</strong></span> <span class='ocrx_word' id='word_1_100' title='bbox 825 1204 1024 1277; x_wconf 85' lang='lat' dir='ltr'><strong>inquit,</strong></span> <span class='ocrx_word' id='word_1_101' title='bbox 1053 1204 1209 1260; x_wconf 75' lang='lat' dir='ltr'><strong>datus</strong></span> <span class='ocrx_word' id='word_1_102' title='bbox 1246 1208 1317 1259; x_wconf 77' lang='lat' dir='ltr'><strong>eal</strong></span> <span class='ocrx_word' id='word_1_103' title='bbox 1347 1201 1418 1269; x_wconf 84' lang='lat' dir='ltr'><strong>ei,</strong></span> <span class='ocrx_word' id='word_1_104' title='bbox 1440 1211 1492 1262; x_wconf 82' lang='lat' dir='ltr'><strong>et</strong></span> <span class='ocrx_word' id='word_1_105' title='bbox 1532 1218 1683 1276; x_wconf 69' lang='lat' dir='ltr'><strong>aquae</strong></span> <span class='ocrx_word' id='word_1_106' title='bbox 1710 1203 1823 1276; x_wconf 83' lang='lat' dir='ltr'><strong>ejus</strong></span> <span class='ocrx_word' id='word_1_107' title='bbox 1854 1200 2119 1291; x_wconf 77' lang='lat' dir='ltr'><strong>fideliores</strong></span> <span class='ocrx_word' id='word_1_108' title='bbox 2158 1205 2305 1268; x_wconf 67' lang='lat' dir='ltr'><strong>sulit,</strong></span> 
     </span>
     <span class='ocr_line' id='line_1_12' title="bbox 301 1273 2218 1403; baseline -0.003 -52"><span class='ocrx_word' id='word_1_109' title='bbox 301 1296 452 1367; x_wconf 83' lang='lat' dir='ltr'><strong>quasi</strong></span> <span class='ocrx_word' id='word_1_110' title='bbox 480 1296 698 1403; x_wconf 80' lang='lat' dir='ltr'><strong>propria</strong></span> <span class='ocrx_word' id='word_1_111' title='bbox 727 1294 934 1351; x_wconf 88' lang='lat' dir='ltr'><strong>cibaria</strong></span> <span class='ocrx_word' id='word_1_112' title='bbox 959 1298 1014 1351; x_wconf 92' lang='lat' dir='ltr'><strong>et</strong></span> <span class='ocrx_word' id='word_1_113' title='bbox 1041 1291 1301 1365; x_wconf 74' lang='lat' dir='ltr'><strong>notabilia</strong></span> <span class='ocrx_word' id='word_1_114' title='bbox 1328 1290 1605 1349; x_wconf 85' lang='lat' dir='ltr'><strong>securiora</strong></span> <span class='ocrx_word' id='word_1_115' title='bbox 1631 1299 1756 1348; x_wconf 89' lang='lat' dir='ltr'><strong>sunt</strong></span> <span class='ocrx_word' id='word_1_116' title='bbox 1786 1291 1854 1348; x_wconf 92' lang='lat' dir='ltr'><strong>ad</strong></span> <span class='ocrx_word' id='word_1_117' title='bbox 1876 1273 2218 1348; x_wconf 83' lang='lat' dir='ltr'><strong>sumendum.</strong></span> 
     </span>
    </p>
   </div>
   <div class='ocr_carea' id='block_1_3' title="bbox 1066 1524 1531 1595">
    <p class='ocr_par' dir='ltr' id='par_1_3' title="bbox 1066 1524 1531 1595">
     <span class='ocr_line' id='line_1_13' title="bbox 1066 1524 1531 1595; baseline -0.009 0"><span class='ocrx_word' id='word_1_118' title='bbox 1066 1526 1351 1595; x_wconf 85' lang='lat' dir='ltr'>CAPUT</span> <span class='ocrx_word' id='word_1_119' title='bbox 1416 1524 1531 1591; x_wconf 90' lang='lat' dir='ltr'><strong>VI.</strong></span> 
     </span>
    </p>
   </div>
   <div class='ocr_carea' id='block_1_4' title="bbox 307 1668 2309 1937">
    <p class='ocr_par' dir='ltr' id='par_1_4' title="bbox 307 1668 2309 1937">
     <span class='ocr_line' id='line_1_14' title="bbox 307 1668 2309 1757; baseline -0.003 -15"><span class='ocrx_word' id='word_1_120' title='bbox 307 1676 486 1756; x_wconf 77' lang='lat' dir='ltr'><strong>Quod</strong></span> <span class='ocrx_word' id='word_1_121' title='bbox 525 1676 760 1757; x_wconf 62' lang='lat' dir='ltr'><strong>&lt;impedit</strong></span> <span class='ocrx_word' id='word_1_122' title='bbox 793 1672 927 1757; x_wconf 64' lang='lat' dir='ltr'><strong>roffi</strong></span> <span class='ocrx_word' id='word_1_123' title='bbox 959 1672 1168 1739; x_wconf 69' lang='lat' dir='ltr'><strong>habere</strong></span> <span class='ocrx_word' id='word_1_124' title='bbox 1209 1672 1369 1737; x_wconf 73' lang='lat' dir='ltr'><strong>alias</strong></span> <span class='ocrx_word' id='word_1_125' title='bbox 1411 1670 1667 1737; x_wconf 79' lang='lat' dir='ltr'><strong>divitias</strong></span> <span class='ocrx_word' id='word_1_126' title='bbox 1702 1668 2036 1746; x_wconf 75' lang='lat' dir='ltr'><strong>naturales,</strong></span> <span class='ocrx_word' id='word_1_127' title='bbox 2066 1678 2136 1736; x_wconf 75' lang='lat' dir='ltr'><strong>ut</strong></span> <span class='ocrx_word' id='word_1_128' title='bbox 2162 1676 2309 1735; x_wconf 62' lang='lat' dir='ltr'><strong>sulit</strong></span> 
     </span>
     <span class='ocr_line' id='line_1_15' title="bbox 375 1758 2308 1917; baseline -0.004 -86"><span class='ocrx_word' id='word_1_129' title='bbox 375 1772 648 1831; x_wconf 73' lang='lat' dir='ltr'><strong>armenta</strong></span> <span class='ocrx_word' id='word_1_130' title='bbox 671 1771 727 1829; x_wconf 78' lang='lat' dir='ltr'><strong>el</strong></span> <span class='ocrx_word' id='word_1_131' title='bbox 743 1782 976 1917; x_wconf 54' lang='grc' dir='ltr'><strong>ἔνερθε,</strong></span> <span class='ocrx_word' id='word_1_132' title='bbox 1003 1762 1131 1829; x_wconf 76' lang='lat' dir='ltr'><strong>sine</strong></span> <span class='ocrx_word' id='word_1_133' title='bbox 1167 1760 1386 1845; x_wconf 76' lang='lat' dir='ltr'><strong>quibus</strong></span> <span class='ocrx_word' id='word_1_134' title='bbox 1428 1760 1658 1825; x_wconf 78' lang='lat' dir='ltr'><strong>domini</strong></span> <span class='ocrx_word' id='word_1_135' title='bbox 1686 1758 1818 1825; x_wconf 80' lang='lat' dir='ltr'><strong>bene</strong></span> <span class='ocrx_word' id='word_1_136' title='bbox 1844 1778 2043 1843; x_wconf 60' lang='lat' dir='ltr'><strong>repere</strong></span> <span class='ocrx_word' id='word_1_137' title='bbox 2086 1766 2308 1825; x_wconf 77' lang='lat' dir='ltr'><strong>terram</strong></span> 
     </span>
     <span class='ocr_line' id='line_1_16' title="bbox 377 1873 790 1937; baseline -0.007 -18"><span class='ocrx_word' id='word_1_138' title='bbox 377 1874 492 1919; x_wconf 79' lang='lat' dir='ltr'><strong>non</strong></span> <span class='ocrx_word' id='word_1_139' title='bbox 515 1873 741 1937; x_wconf 74' lang='lat' dir='ltr'><strong>possim</strong></span> <span class='ocrx_word' id='word_1_140' title='bbox 776 1901 790 1916; x_wconf 91' lang='lat'><strong>.</strong></span> 
     </span>
    </p>
   </div>
   <div class='ocr_carea' id='block_1_5' title="bbox 1851 1590 1957 1633">
    <p class='ocr_par' dir='ltr' id='par_1_5' title="bbox 1851 1590 1957 1633">
     <span class='ocr_line' id='line_1_17' title="bbox 1851 1590 1957 1633; baseline 0 -9"><span class='ocrx_word' id='word_1_141' title='bbox 1851 1590 1957 1633; x_wconf 43' lang='lat' dir='ltr'><strong>sp&amp;</strong></span> 
     </span>
    </p>
   </div>
   <div class='ocr_carea' id='block_1_6' title="bbox 243 1998 2316 3943">
    <p class='ocr_par' dir='ltr' id='par_1_6' title="bbox 243 1998 2316 3943">
     <span class='ocr_line' id='line_1_18' title="bbox 371 1998 2307 2077; baseline -0.004 -13"><span class='ocrx_word' id='word_1_142' title='bbox 371 2008 489 2064; x_wconf 89' lang='lat' dir='ltr'><strong>Non</strong></span> <span class='ocrx_word' id='word_1_143' title='bbox 509 2004 684 2062; x_wconf 88' lang='lat' dir='ltr'><strong>solum</strong></span> <span class='ocrx_word' id='word_1_144' title='bbox 714 2006 896 2061; x_wconf 86' lang='lat' dir='ltr'><strong>autem</strong></span> <span class='ocrx_word' id='word_1_145' title='bbox 927 2000 1191 2077; x_wconf 78' lang='lat' dir='ltr'><strong>praedicta</strong></span> <span class='ocrx_word' id='word_1_146' title='bbox 1219 2002 1289 2059; x_wconf 89' lang='lat' dir='ltr'><strong>ad</strong></span> <span class='ocrx_word' id='word_1_147' title='bbox 1316 1999 1595 2059; x_wconf 86' lang='lat' dir='ltr'><strong>naturales</strong></span> <span class='ocrx_word' id='word_1_148' title='bbox 1618 1998 1843 2059; x_wconf 84' lang='lat' dir='ltr'><strong>divitias</strong></span> <span class='ocrx_word' id='word_1_149' title='bbox 1884 2001 2175 2077; x_wconf 89' lang='lat' dir='ltr'><strong>pertinent,</strong></span> <span class='ocrx_word' id='word_1_150' title='bbox 2210 1998 2307 2057; x_wconf 86' lang='lat' dir='ltr'><strong>sed</strong></span> 
     </span>
     <span class='ocr_line' id='line_1_19' title="bbox 302 2090 2308 2167; baseline -0.004 -14"><span class='ocrx_word' id='word_1_151' title='bbox 302 2106 357 2153; x_wconf 90' lang='lat' dir='ltr'><strong>et</strong></span> <span class='ocrx_word' id='word_1_152' title='bbox 385 2096 600 2153; x_wconf 83' lang='lat' dir='ltr'><strong>diversa</strong></span> <span class='ocrx_word' id='word_1_153' title='bbox 630 2108 830 2167; x_wconf 85' lang='lat' dir='ltr'><strong>genera</strong></span> <span class='ocrx_word' id='word_1_154' title='bbox 869 2092 1231 2163; x_wconf 82' lang='lat' dir='ltr'><strong>animantium</strong></span> <span class='ocrx_word' id='word_1_155' title='bbox 1266 2104 1333 2147; x_wconf 83' lang='lat' dir='ltr'><strong>ex</strong></span> <span class='ocrx_word' id='word_1_156' title='bbox 1369 2090 1563 2147; x_wconf 87' lang='lat' dir='ltr'><strong>eadem</strong></span> <span class='ocrx_word' id='word_1_157' title='bbox 1602 2092 1815 2159; x_wconf 87' lang='lat' dir='ltr'><strong>ratione</strong></span> <span class='ocrx_word' id='word_1_158' title='bbox 1859 2095 1914 2146; x_wconf 85' lang='lat' dir='ltr'><strong>et</strong></span> <span class='ocrx_word' id='word_1_159' title='bbox 1942 2106 2127 2158; x_wconf 88' lang='lat' dir='ltr'><strong>causa,</strong></span> <span class='ocrx_word' id='word_1_160' title='bbox 2164 2096 2219 2146; x_wconf 89' lang='lat' dir='ltr'><strong>ut</strong></span> <span class='ocrx_word' id='word_1_161' title='bbox 2254 2091 2308 2145; x_wconf 89' lang='lat' dir='ltr'><strong>in</strong></span> 
     </span>
     <span class='ocr_line' id='line_1_20' title="bbox 303 2178 2311 2259; baseline -0.003 -17"><span class='ocrx_word' id='word_1_162' title='bbox 303 2184 734 2259; x_wconf 75' lang='lat' dir='ltr'><strong>praecedentibus</strong></span> <span class='ocrx_word' id='word_1_163' title='bbox 759 2190 841 2238; x_wconf 89' lang='lat' dir='ltr'><strong>est</strong></span> <span class='ocrx_word' id='word_1_164' title='bbox 866 2189 1165 2239; x_wconf 85' lang='lat' dir='ltr'><strong>ostensum.</strong></span> <span class='ocrx_word' id='word_1_165' title='bbox 1187 2181 1247 2236; x_wconf 90' lang='lat' dir='ltr'><strong>ln</strong></span> <span class='ocrx_word' id='word_1_166' title='bbox 1271 2178 1471 2252; x_wconf 86' lang='lat' dir='ltr'><strong>quibus</strong></span> <span class='ocrx_word' id='word_1_167' title='bbox 1497 2178 1671 2253; x_wconf 87' lang='lat' dir='ltr'><strong>primo</strong></span> <span class='ocrx_word' id='word_1_168' title='bbox 1702 2178 1843 2253; x_wconf 87' lang='lat' dir='ltr'><strong>patri</strong></span> <span class='ocrx_word' id='word_1_169' title='bbox 1874 2185 2136 2253; x_wconf 84' lang='lat' dir='ltr'><strong>tanquam</strong></span> <span class='ocrx_word' id='word_1_170' title='bbox 2164 2194 2311 2252; x_wconf 84' lang='lat' dir='ltr'><strong>prae·</strong></span> 
     </span>
     <span class='ocr_line' id='line_1_21' title="bbox 301 2267 2308 2341; baseline -0.003 -10"><span class='ocrx_word' id='word_1_171' title='bbox 301 2274 602 2331; x_wconf 79' lang='lat' dir='ltr'><strong>dominanti</strong></span> <span class='ocrx_word' id='word_1_172' title='bbox 649 2272 749 2326; x_wconf 90' lang='lat' dir='ltr'><strong>toti</strong></span> <span class='ocrx_word' id='word_1_173' title='bbox 800 2270 1052 2327; x_wconf 82' lang='lat' dir='ltr'><strong>humanae</strong></span> <span class='ocrx_word' id='word_1_174' title='bbox 1086 2276 1318 2339; x_wconf 74' lang='lat' dir='ltr'><strong>naturae,</strong></span> <span class='ocrx_word' id='word_1_175' title='bbox 1347 2268 1539 2323; x_wconf 87' lang='lat' dir='ltr'><strong>datum</strong></span> <span class='ocrx_word' id='word_1_176' title='bbox 1578 2272 1662 2323; x_wconf 90' lang='lat' dir='ltr'><strong>est</strong></span> <span class='ocrx_word' id='word_1_177' title='bbox 1700 2267 2045 2341; x_wconf 86' lang='lat' dir='ltr'><strong>privilegium</strong></span> <span class='ocrx_word' id='word_1_178' title='bbox 2085 2268 2308 2340; x_wconf 85' lang='lat' dir='ltr'><strong>regendi</strong></span> 
     </span>
     <span class='ocr_line' id='line_1_22' title="bbox 302 2354 2309 2431; baseline -0.004 -10"><span class='ocrx_word' id='word_1_179' title='bbox 302 2373 356 2421; x_wconf 88' lang='lat' dir='ltr'><strong>et</strong></span> <span class='ocrx_word' id='word_1_180' title='bbox 386 2358 722 2427; x_wconf 87' lang='lat' dir='ltr'><strong>dominandi,</strong></span> <span class='ocrx_word' id='word_1_181' title='bbox 752 2366 811 2415; x_wconf 87' lang='lat' dir='ltr'><strong>ut</strong></span> <span class='ocrx_word' id='word_1_182' title='bbox 846 2358 897 2413; x_wconf 91' lang='lat' dir='ltr'><strong>in</strong></span> <span class='ocrx_word' id='word_1_183' title='bbox 927 2356 1198 2427; x_wconf 49' lang='lat' dir='ltr'><strong>Genesin</strong></span> <span class='ocrx_word' id='word_1_184' title='bbox 1207 2360 1336 2424; x_wconf 82' lang='lat'>‚28,</span> <span class='ocrx_word' id='word_1_185' title='bbox 1365 2357 1665 2413; x_wconf 74' lang='lat' dir='ltr'><strong>scribitur.</strong></span> <span class='ocrx_word' id='word_1_186' title='bbox 1692 2354 1943 2423; x_wconf 78' lang='lat' dir='ltr'><strong>Crescite,</strong></span> <span class='ocrx_word' id='word_1_187' title='bbox 1975 2358 2150 2431; x_wconf 84' lang='lat' dir='ltr'><strong>inquit</strong></span> <span class='ocrx_word' id='word_1_188' title='bbox 2194 2358 2309 2413; x_wconf 90' lang='lat' dir='ltr'><strong>Do-</strong></span> 
     </span>
     <span class='ocr_line' id='line_1_23' title="bbox 303 2428 2311 2519; baseline -0.003 -10"><span class='ocrx_word' id='word_1_189' title='bbox 303 2454 502 2519; x_wconf 84' lang='lat' dir='ltr'><strong>minus,</strong></span> <span class='ocrx_word' id='word_1_190' title='bbox 526 2456 573 2506; x_wconf 81' lang='lat' dir='ltr'><strong>el</strong></span> <span class='ocrx_word' id='word_1_191' title='bbox 603 2444 1052 2519; x_wconf 78' lang='lat' dir='ltr'><strong>multiplicamini,</strong></span> <span class='ocrx_word' id='word_1_192' title='bbox 1078 2450 1126 2502; x_wconf 80' lang='lat' dir='ltr'><strong>el</strong></span> <span class='ocrx_word' id='word_1_193' title='bbox 1161 2428 1354 2517; x_wconf 76' lang='lat' dir='ltr'><strong>replet&#39;e</strong></span> <span class='ocrx_word' id='word_1_194' title='bbox 1385 2452 1611 2510; x_wconf 80' lang='lat' dir='ltr'><strong>terram,</strong></span> <span class='ocrx_word' id='word_1_195' title='bbox 1634 2451 1682 2500; x_wconf 80' lang='lat' dir='ltr'><strong>et</strong></span> <span class='ocrx_word' id='word_1_196' title='bbox 1712 2446 2066 2502; x_wconf 73' lang='lat' dir='ltr'><strong>dominamini</strong></span> <span class='ocrx_word' id='word_1_197' title='bbox 2081 2446 2311 2519; x_wconf 75' lang='lat' dir='ltr'><strong>piscibus</strong></span> 
     </span>
     <span class='ocr_line' id='line_1_24' title="bbox 243 2529 2311 2607; baseline -0.004 -8"><span class='ocrx_word' id='word_1_198' title='bbox 243 2529 249 2541; x_wconf 62' lang='lat'><strong>¹</strong></span> <span class='ocrx_word' id='word_1_199' title='bbox 303 2540 490 2604; x_wconf 77' lang='lat' dir='ltr'><strong>maris,</strong></span> <span class='ocrx_word' id='word_1_200' title='bbox 521 2544 573 2597; x_wconf 82' lang='lat' dir='ltr'><strong>et</strong></span> <span class='ocrx_word' id='word_1_201' title='bbox 617 2534 921 2594; x_wconf 78' lang='lat' dir='ltr'><strong>volatilibus</strong></span> <span class='ocrx_word' id='word_1_202' title='bbox 968 2532 1102 2601; x_wconf 83' lang='lat' dir='ltr'><strong>coeli,</strong></span> <span class='ocrx_word' id='word_1_203' title='bbox 1125 2538 1175 2591; x_wconf 77' lang='lat' dir='ltr'><strong>el</strong></span> <span class='ocrx_word' id='word_1_204' title='bbox 1212 2533 1417 2591; x_wconf 73' lang='lat' dir='ltr'><strong>citnclis</strong></span> <span class='ocrx_word' id='word_1_205' title='bbox 1458 2531 1820 2591; x_wconf 79' lang='lat' dir='ltr'><strong>animantibus</strong></span> <span class='ocrx_word' id='word_1_206' title='bbox 1866 2552 1981 2607; x_wconf 78' lang='lat' dir='ltr'><strong>quoe</strong></span> <span class='ocrx_word' id='word_1_207' title='bbox 2028 2541 2311 2591; x_wconf 78' lang='lat' dir='ltr'><strong>moventur</strong></span> 
     </span>
     <span class='ocr_line' id='line_1_25' title="bbox 304 2620 2311 2707; baseline -0.006 -18"><span class='ocrx_word' id='word_1_208' title='bbox 304 2646 462 2704; x_wconf 76' lang='lat' dir='ltr'><strong>super</strong></span> <span class='ocrx_word' id='word_1_209' title='bbox 481 2634 702 2687; x_wconf 75' lang='lat' dir='ltr'><strong>terram.</strong></span> <span class='ocrx_word' id='word_1_210' title='bbox 730 2626 884 2683; x_wconf 82' lang='lat' dir='ltr'>Unde</span> <span class='ocrx_word' id='word_1_211' title='bbox 922 2624 990 2681; x_wconf 89' lang='lat' dir='ltr'><strong>ad</strong></span> <span class='ocrx_word' id='word_1_212' title='bbox 1021 2620 1226 2695; x_wconf 83' lang='lat' dir='ltr'><strong>regiam</strong></span> <span class='ocrx_word' id='word_1_213' title='bbox 1269 2621 1615 2707; x_wconf 85' lang='lat' dir='ltr'><strong>majestatem</strong></span> <span class='ocrx_word' id='word_1_214' title='bbox 1645 2622 1878 2695; x_wconf 76' lang='lat' dir='ltr'><strong>pertinet</strong></span> <span class='ocrx_word' id='word_1_215' title='bbox 1925 2622 2011 2679; x_wconf 86' lang='lat' dir='ltr'><strong>his</strong></span> <span class='ocrx_word' id='word_1_216' title='bbox 2057 2623 2311 2678; x_wconf 88' lang='lat' dir='ltr'><strong>omnibus</strong></span> 
     </span>
     <span class='ocr_line' id='line_1_26' title="bbox 305 2700 2308 2788; baseline -0.003 -12"><span class='ocrx_word' id='word_1_217' title='bbox 305 2723 384 2777; x_wconf 89' lang='lat' dir='ltr'><strong>uti</strong></span> <span class='ocrx_word' id='word_1_218' title='bbox 405 2729 460 2775; x_wconf 89' lang='lat' dir='ltr'><strong>et</strong></span> <span class='ocrx_word' id='word_1_219' title='bbox 486 2717 781 2783; x_wconf 85' lang='lat' dir='ltr'><strong>abundare,</strong></span> <span class='ocrx_word' id='word_1_220' title='bbox 805 2725 859 2772; x_wconf 89' lang='lat' dir='ltr'><strong>et</strong></span> <span class='ocrx_word' id='word_1_221' title='bbox 881 2721 1087 2788; x_wconf 86' lang='lat' dir='ltr'><strong>quanto</strong></span> <span class='ocrx_word' id='word_1_222' title='bbox 1114 2713 1269 2786; x_wconf 87' lang='lat' dir='ltr'><strong>plus</strong></span> <span class='ocrx_word' id='word_1_223' title='bbox 1259 2730 1310 2767; x_wconf 88' lang='lat' dir='ltr'><strong>m</strong></span> <span class='ocrx_word' id='word_1_224' title='bbox 1336 2700 1423 2769; x_wconf 83' lang='lat' dir='ltr'><strong>his</strong></span> <span class='ocrx_word' id='word_1_225' title='bbox 1450 2713 1783 2779; x_wconf 81' lang='lat' dir='ltr'><strong>dominatur,</strong></span> <span class='ocrx_word' id='word_1_226' title='bbox 1816 2718 1967 2769; x_wconf 86' lang='lat' dir='ltr'><strong>tanto</strong></span> <span class='ocrx_word' id='word_1_227' title='bbox 1999 2712 2117 2786; x_wconf 86' lang='lat' dir='ltr'><strong>plus</strong></span> <span class='ocrx_word' id='word_1_228' title='bbox 2148 2712 2308 2786; x_wconf 88' lang='lat' dir='ltr'><strong>primi</strong></span> 
     </span>
     <span class='ocr_line' id='line_1_27' title="bbox 308 2800 2310 2903; baseline -0.003 -37"><span class='ocrx_word' id='word_1_229' title='bbox 308 2806 511 2866; x_wconf 89' lang='lat' dir='ltr'><strong>domini</strong></span> <span class='ocrx_word' id='word_1_230' title='bbox 539 2806 903 2903; x_wconf 81' lang='lat' dir='ltr'><strong>principatum</strong></span> <span class='ocrx_word' id='word_1_231' title='bbox 947 2802 1108 2860; x_wconf 85' lang='lat' dir='ltr'><strong>babet</strong></span> <span class='ocrx_word' id='word_1_232' title='bbox 1151 2800 1491 2871; x_wconf 80' lang='lat' dir='ltr'><strong>similiorem,</strong></span> <span class='ocrx_word' id='word_1_233' title='bbox 1520 2818 1645 2859; x_wconf 89' lang='lat' dir='ltr'><strong>cum</strong></span> <span class='ocrx_word' id='word_1_234' title='bbox 1684 2804 1866 2859; x_wconf 84' lang='lat' dir='ltr'><strong>omnia</strong></span> <span class='ocrx_word' id='word_1_235' title='bbox 1901 2803 2014 2861; x_wconf 88' lang='lat' dir='ltr'><strong>sint</strong></span> <span class='ocrx_word' id='word_1_236' title='bbox 2042 2802 2108 2859; x_wconf 81' lang='lat' dir='ltr'><strong>ad</strong></span> <span class='ocrx_word' id='word_1_237' title='bbox 2149 2820 2310 2859; x_wconf 87' lang='lat' dir='ltr'><strong>usum</strong></span> 
     </span>
     <span class='ocr_line' id='line_1_28' title="bbox 308 2888 2311 2964; baseline -0.003 -12"><span class='ocrx_word' id='word_1_238' title='bbox 308 2894 540 2952; x_wconf 85' lang='lat' dir='ltr'><strong>hominis</strong></span> <span class='ocrx_word' id='word_1_239' title='bbox 567 2892 828 2964; x_wconf 82' lang='lat' dir='ltr'><strong>deputata</strong></span> <span class='ocrx_word' id='word_1_240' title='bbox 864 2890 917 2945; x_wconf 91' lang='lat' dir='ltr'><strong>in</strong></span> <span class='ocrx_word' id='word_1_241' title='bbox 959 2889 1254 2946; x_wconf 83' lang='lat' dir='ltr'><strong>creationis</strong></span> <span class='ocrx_word' id='word_1_242' title='bbox 1288 2889 1605 2962; x_wconf 87' lang='lat' dir='ltr'><strong>primordio.</strong></span> <span class='ocrx_word' id='word_1_243' title='bbox 1640 2888 1867 2962; x_wconf 84' lang='lat' dir='ltr'><strong>Propter</strong></span> <span class='ocrx_word' id='word_1_244' title='bbox 1886 2892 2029 2964; x_wconf 87' lang='lat' dir='ltr'><strong>quod</strong></span> <span class='ocrx_word' id='word_1_245' title='bbox 2066 2891 2311 2947; x_wconf 79' lang='lat' dir='ltr'><strong>Philoso-</strong></span> 
     </span>
     <span class='ocr_line' id='line_1_29' title="bbox 308 2976 2314 3058; baseline -0.002 -18"><span class='ocrx_word' id='word_1_246' title='bbox 308 2984 446 3058; x_wconf 88' lang='lat' dir='ltr'><strong>phus</strong></span> <span class='ocrx_word' id='word_1_247' title='bbox 471 2980 606 3038; x_wconf 86' lang='lat' dir='ltr'><strong>dicit</strong></span> <span class='ocrx_word' id='word_1_248' title='bbox 628 2981 682 3035; x_wconf 88' lang='lat' dir='ltr'><strong>in</strong></span> <span class='ocrx_word' id='word_1_249' title='bbox 711 2980 734 3034; x_wconf 94' lang='lat'><em>1</em></span> <span class='ocrx_word' id='word_1_250' title='bbox 761 2977 923 3035; x_wconf 75' lang='lat' dir='ltr'><strong>Polie.</strong></span> <span class='ocrx_word' id='word_1_251' title='bbox 951 2978 1095 3051; x_wconf 89' lang='lat' dir='ltr'><strong>quod</strong></span> <span class='ocrx_word' id='word_1_252' title='bbox 1126 2996 1150 3029; x_wconf 78' lang='grc' dir='ltr'><strong>α</strong></span> <span class='ocrx_word' id='word_1_253' title='bbox 1183 2978 1405 3033; x_wconf 86' lang='lat' dir='ltr'><strong>venatio</strong></span> <span class='ocrx_word' id='word_1_254' title='bbox 1426 2976 1743 3039; x_wconf 83' lang='lat' dir='ltr'><strong>animalium</strong></span> <span class='ocrx_word' id='word_1_255' title='bbox 1770 2976 2121 3053; x_wconf 80' lang='lat' dir='ltr'><strong>sylvestrium</strong></span> <span class='ocrx_word' id='word_1_256' title='bbox 2146 2986 2314 3036; x_wconf 86' lang='lat' dir='ltr'><strong>natu-</strong></span> 
     </span>
     <span class='ocr_line' id='line_1_30' title="bbox 309 3063 2311 3141; baseline -0.003 -12"><span class='ocrx_word' id='word_1_257' title='bbox 309 3071 495 3129; x_wconf 79' lang='lat' dir='ltr'><strong>raliter</strong></span> <span class='ocrx_word' id='word_1_258' title='bbox 521 3076 606 3127; x_wconf 88' lang='lat' dir='ltr'><strong>est</strong></span> <span class='ocrx_word' id='word_1_259' title='bbox 641 3068 812 3141; x_wconf 82' lang='lat' dir='ltr'><strong>justa,</strong></span> <span class='ocrx_word' id='word_1_260' title='bbox 846 3065 976 3139; x_wconf 85' lang='lat' dir='ltr'><strong>quia</strong></span> <span class='ocrx_word' id='word_1_261' title='bbox 1017 3080 1110 3137; x_wconf 93' lang='lat' dir='ltr'><strong>per</strong></span> <span class='ocrx_word' id='word_1_262' title='bbox 1148 3075 1270 3121; x_wconf 87' lang='lat' dir='ltr'><strong>eam</strong></span> <span class='ocrx_word' id='word_1_263' title='bbox 1301 3063 1465 3120; x_wconf 87' lang='lat' dir='ltr'><strong>homo</strong></span> <span class='ocrx_word' id='word_1_264' title='bbox 1506 3064 1607 3120; x_wconf 87' lang='lat' dir='ltr'><strong>sibi</strong></span> <span class='ocrx_word' id='word_1_265' title='bbox 1656 3064 1910 3124; x_wconf 83' lang='lat' dir='ltr'><strong>vendicat</strong></span> <span class='ocrx_word' id='word_1_266' title='bbox 1957 3066 2103 3140; x_wconf 90' lang='lat' dir='ltr'><strong>quod</strong></span> <span class='ocrx_word' id='word_1_267' title='bbox 2150 3082 2311 3123; x_wconf 86' lang='lat' dir='ltr'><strong>suum</strong></span> 
     </span>
     <span class='ocr_line' id='line_1_31' title="bbox 309 3150 2313 3230; baseline -0.003 -13"><span class='ocrx_word' id='word_1_268' title='bbox 309 3168 421 3230; x_wconf 84' lang='lat' dir='ltr'><strong>est;</strong></span> <span class='ocrx_word' id='word_1_269' title='bbox 453 3180 479 3213; x_wconf 72' lang='lat'><strong>1&gt;</strong></span> <span class='ocrx_word' id='word_1_270' title='bbox 506 3158 652 3215; x_wconf 90' lang='lat' dir='ltr'><strong>etde</strong></span> <span class='ocrx_word' id='word_1_271' title='bbox 681 3155 982 3229; x_wconf 85' lang='lat' dir='ltr'><strong>piscatione</strong></span> <span class='ocrx_word' id='word_1_272' title='bbox 1015 3160 1070 3209; x_wconf 85' lang='lat' dir='ltr'><strong>et</strong></span> <span class='ocrx_word' id='word_1_273' title='bbox 1097 3150 1741 3225; x_wconf 83' lang='lat' dir='ltr'><strong>aucupationesimiliter</strong></span> <span class='ocrx_word' id='word_1_274' title='bbox 1783 3153 1891 3210; x_wconf 92' lang='lat' dir='ltr'><strong>dici</strong></span> <span class='ocrx_word' id='word_1_275' title='bbox 1940 3162 2139 3226; x_wconf 86' lang='lat' dir='ltr'><strong>potest,</strong></span> <span class='ocrx_word' id='word_1_276' title='bbox 2168 3155 2313 3210; x_wconf 86' lang='lat' dir='ltr'><strong>unde</strong></span> 
     </span>
     <span class='ocr_line' id='line_1_32' title="bbox 309 3239 2311 3317; baseline -0.004 -10"><span class='ocrx_word' id='word_1_277' title='bbox 309 3256 364 3308; x_wconf 87' lang='lat' dir='ltr'><strong>et</strong></span> <span class='ocrx_word' id='word_1_278' title='bbox 389 3254 584 3307; x_wconf 86' lang='lat' dir='ltr'><strong>natura</strong></span> <span class='ocrx_word' id='word_1_279' title='bbox 613 3262 742 3305; x_wconf 85' lang='lat' dir='ltr'><strong>aves</strong></span> <span class='ocrx_word' id='word_1_280' title='bbox 783 3256 1009 3317; x_wconf 80' lang='lat' dir='ltr'><strong>rapaces</strong></span> <span class='ocrx_word' id='word_1_281' title='bbox 1047 3240 1305 3316; x_wconf 86' lang='lat' dir='ltr'><strong>providit,</strong></span> <span class='ocrx_word' id='word_1_282' title='bbox 1327 3247 1385 3296; x_wconf 86' lang='lat' dir='ltr'><strong>et</strong></span> <span class='ocrx_word' id='word_1_283' title='bbox 1408 3254 1575 3297; x_wconf 85' lang='lat' dir='ltr'><strong>canes</strong></span> <span class='ocrx_word' id='word_1_284' title='bbox 1622 3242 1691 3298; x_wconf 92' lang='lat' dir='ltr'><strong>ad</strong></span> <span class='ocrx_word' id='word_1_285' title='bbox 1734 3239 2041 3315; x_wconf 86' lang='lat' dir='ltr'><strong>hujusmodi</strong></span> <span class='ocrx_word' id='word_1_286' title='bbox 2074 3242 2311 3299; x_wconf 84' lang='lat' dir='ltr'><strong>officium</strong></span> 
     </span>
     <span class='ocr_line' id='line_1_33' title="bbox 310 3328 2313 3404; baseline -0.003 -9"><span class='ocrx_word' id='word_1_287' title='bbox 310 3334 692 3395; x_wconf 85' lang='lat' dir='ltr'><strong>exercendum.</strong></span> <span class='ocrx_word' id='word_1_288' title='bbox 720 3332 862 3404; x_wconf 84' lang='lat' dir='ltr'><strong>Quia</strong></span> <span class='ocrx_word' id='word_1_289' title='bbox 893 3345 1022 3389; x_wconf 79' lang='lat' dir='ltr'><strong>vero</strong></span> <span class='ocrx_word' id='word_1_290' title='bbox 1071 3330 1125 3387; x_wconf 90' lang='lat' dir='ltr'><strong>in</strong></span> <span class='ocrx_word' id='word_1_291' title='bbox 1169 3328 1413 3403; x_wconf 86' lang='lat' dir='ltr'><strong>piscibus</strong></span> <span class='ocrx_word' id='word_1_292' title='bbox 1458 3344 1567 3386; x_wconf 90' lang='lat' dir='ltr'><strong>non</strong></span> <span class='ocrx_word' id='word_1_293' title='bbox 1614 3330 1863 3403; x_wconf 88' lang='lat' dir='ltr'><strong>aptitudo</strong></span> <span class='ocrx_word' id='word_1_294' title='bbox 1912 3330 2017 3387; x_wconf 91' lang='lat' dir='ltr'><strong>loci</strong></span> <span class='ocrx_word' id='word_1_295' title='bbox 2060 3332 2127 3388; x_wconf 89' lang='lat' dir='ltr'><strong>ad</strong></span> <span class='ocrx_word' id='word_1_296' title='bbox 2183 3331 2313 3389; x_wconf 83' lang='lat' dir='ltr'><strong>talia</strong></span> 
     </span>
     <span class='ocr_line' id='line_1_34' title="bbox 311 3418 2316 3498; baseline -0.003 -14"><span class='ocrx_word' id='word_1_297' title='bbox 311 3425 632 3491; x_wconf 84' lang='lat' dir='ltr'><strong>ministeria,</strong></span> <span class='ocrx_word' id='word_1_298' title='bbox 653 3423 769 3478; x_wconf 90' lang='lat' dir='ltr'><strong>loco</strong></span> <span class='ocrx_word' id='word_1_299' title='bbox 798 3438 997 3478; x_wconf 85' lang='lat' dir='ltr'><strong>canum</strong></span> <span class='ocrx_word' id='word_1_300' title='bbox 1020 3428 1077 3477; x_wconf 89' lang='lat' dir='ltr'><strong>et</strong></span> <span class='ocrx_word' id='word_1_301' title='bbox 1099 3421 1282 3477; x_wconf 88' lang='lat' dir='ltr'><strong>avium</strong></span> <span class='ocrx_word' id='word_1_302' title='bbox 1311 3418 1473 3475; x_wconf 89' lang='lat' dir='ltr'><strong>homo</strong></span> <span class='ocrx_word' id='word_1_303' title='bbox 1500 3420 1638 3477; x_wconf 82' lang='lat' dir='ltr'><strong>retia</strong></span> <span class='ocrx_word' id='word_1_304' title='bbox 1664 3418 1961 3477; x_wconf 84' lang='lat' dir='ltr'><strong>adinvenit.</strong></span> <span class='ocrx_word' id='word_1_305' title='bbox 1976 3421 2059 3477; x_wconf 86' lang='lat' dir='ltr'><strong>Ad</strong></span> <span class='ocrx_word' id='word_1_306' title='bbox 2089 3421 2316 3498; x_wconf 84' lang='lat' dir='ltr'><strong>supple-</strong></span> 
     </span>
     <span class='ocr_line' id='line_1_35' title="bbox 311 3505 2314 3592; baseline -0.002 -20"><span class='ocrx_word' id='word_1_307' title='bbox 311 3519 554 3573; x_wconf 85' lang='lat' dir='ltr'><strong>mentum</strong></span> <span class='ocrx_word' id='word_1_308' title='bbox 583 3512 747 3584; x_wconf 82' lang='lat' dir='ltr'><strong>igitur</strong></span> <span class='ocrx_word' id='word_1_309' title='bbox 775 3516 831 3567; x_wconf 83' lang='lat' dir='ltr'><strong>et</strong></span> <span class='ocrx_word' id='word_1_310' title='bbox 858 3510 1112 3592; x_wconf 76' lang='lat' dir='ltr'><strong>decorem</strong></span> <span class='ocrx_word' id='word_1_311' title='bbox 1144 3508 1316 3578; x_wconf 86' lang='lat' dir='ltr'><strong>regni,</strong></span> <span class='ocrx_word' id='word_1_312' title='bbox 1343 3522 1442 3564; x_wconf 81' lang='lat' dir='ltr'><strong>rex</strong></span> <span class='ocrx_word' id='word_1_313' title='bbox 1466 3505 1676 3579; x_wconf 84' lang='lat' dir='ltr'><strong>indiget</strong></span> <span class='ocrx_word' id='word_1_314' title='bbox 1700 3509 2051 3581; x_wconf 84' lang='lat' dir='ltr'><strong>supradictis,</strong></span> <span class='ocrx_word' id='word_1_315' title='bbox 2080 3510 2314 3585; x_wconf 87' lang='lat' dir='ltr'><strong>quibus-</strong></span> 
     </span>
     <span class='ocr_line' id='line_1_36' title="bbox 312 3597 2313 3676; baseline -0.002 -15"><span class='ocrx_word' id='word_1_316' title='bbox 312 3605 438 3661; x_wconf 85' lang='lat' dir='ltr'><strong>dam</strong></span> <span class='ocrx_word' id='word_1_317' title='bbox 472 3599 693 3676; x_wconf 86' lang='lat' dir='ltr'><strong>quidem</strong></span> <span class='ocrx_word' id='word_1_318' title='bbox 721 3600 794 3656; x_wconf 85' lang='lat' dir='ltr'><strong>ad</strong></span> <span class='ocrx_word' id='word_1_319' title='bbox 823 3612 980 3655; x_wconf 86' lang='lat' dir='ltr'><strong>usum</strong></span> <span class='ocrx_word' id='word_1_320' title='bbox 1024 3604 1079 3653; x_wconf 90' lang='lat' dir='ltr'><strong>et</strong></span> <span class='ocrx_word' id='word_1_321' title='bbox 1108 3610 1279 3666; x_wconf 87' lang='lat' dir='ltr'><strong>esum,</strong></span> <span class='ocrx_word' id='word_1_322' title='bbox 1308 3602 1368 3653; x_wconf 88' lang='lat' dir='ltr'><strong>ut</strong></span> <span class='ocrx_word' id='word_1_323' title='bbox 1404 3600 1533 3651; x_wconf 84' lang='lat' dir='ltr'><strong>sunt</strong></span> <span class='ocrx_word' id='word_1_324' title='bbox 1581 3597 1757 3668; x_wconf 88' lang='lat' dir='ltr'><strong>pisces</strong></span> <span class='ocrx_word' id='word_1_325' title='bbox 1786 3605 1844 3654; x_wconf 92' lang='lat' dir='ltr'><strong>et</strong></span> <span class='ocrx_word' id='word_1_326' title='bbox 1888 3612 2036 3668; x_wconf 72' lang='lat' dir='ltr'><strong>uvea,</strong></span> <span class='ocrx_word' id='word_1_327' title='bbox 2067 3606 2313 3657; x_wconf 82' lang='lat' dir='ltr'><strong>armenta</strong></span> 
     </span>
     <span class='ocr_line' id='line_1_37' title="bbox 312 3683 2313 3762; baseline -0.004 -9"><span class='ocrx_word' id='word_1_328' title='bbox 312 3696 496 3761; x_wconf 88' lang='lat' dir='ltr'><strong>boum,</strong></span> <span class='ocrx_word' id='word_1_329' title='bbox 525 3699 580 3748; x_wconf 89' lang='lat' dir='ltr'><strong>et</strong></span> <span class='ocrx_word' id='word_1_330' title='bbox 623 3704 816 3762; x_wconf 84' lang='lat' dir='ltr'><strong>greges</strong></span> <span class='ocrx_word' id='word_1_331' title='bbox 852 3686 1056 3754; x_wconf 83' lang='lat' dir='ltr'><strong>ovium,</strong></span> <span class='ocrx_word' id='word_1_332' title='bbox 1083 3683 1282 3759; x_wconf 88' lang='lat' dir='ltr'><strong>quibus</strong></span> <span class='ocrx_word' id='word_1_333' title='bbox 1326 3683 1583 3741; x_wconf 83' lang='lat' dir='ltr'><strong>Salomon</strong></span> <span class='ocrx_word' id='word_1_334' title='bbox 1614 3684 1934 3759; x_wconf 87' lang='lat' dir='ltr'><strong>abundavit,</strong></span> <span class='ocrx_word' id='word_1_335' title='bbox 1964 3696 2024 3745; x_wconf 91' lang='lat' dir='ltr'><strong>ut</strong></span> <span class='ocrx_word' id='word_1_336' title='bbox 2054 3688 2313 3745; x_wconf 90' lang='lat' dir='ltr'><strong>scribitur</strong></span> 
     </span>
     <span class='ocr_line' id='line_1_38' title="bbox 313 3772 2310 3847; baseline -0.002 -7"><span class='ocrx_word' id='word_1_337' title='bbox 313 3786 370 3840; x_wconf 88' lang='lat' dir='ltr'><strong>in</strong></span> <span class='ocrx_word' id='word_1_338' title='bbox 412 3780 561 3839; x_wconf 88' lang='lat' dir='ltr'><strong>Eccl.</strong></span> <span class='ocrx_word' id='word_1_339' title='bbox 590 3779 731 3836; x_wconf 81' lang='lat' dir='ltr'><strong>etin</strong></span> <span class='ocrx_word' id='word_1_340' title='bbox 768 3778 841 3836; x_wconf 87' lang='lat'><strong>111</strong></span> <span class='ocrx_word' id='word_1_341' title='bbox 867 3774 960 3834; x_wconf 88' lang='lat' dir='ltr'><strong>lib.</strong></span> <span class='ocrx_word' id='word_1_342' title='bbox 991 3774 1126 3847; x_wconf 87' lang='lat' dir='ltr'><strong>Reg.</strong></span> <span class='ocrx_word' id='word_1_343' title='bbox 1159 3772 1227 3831; x_wconf 86' lang='lat' dir='ltr'><strong>ad</strong></span> <span class='ocrx_word' id='word_1_344' title='bbox 1269 3773 1354 3829; x_wconf 83' lang='lat' dir='ltr'><strong>sui</strong></span> <span class='ocrx_word' id='word_1_345' title='bbox 1399 3772 1864 3845; x_wconf 83' lang='lat' dir='ltr'><strong>magnificentiam</strong></span> <span class='ocrx_word' id='word_1_346' title='bbox 1906 3776 2310 3836; x_wconf 86' lang='lat' dir='ltr'><strong>ostentandam.</strong></span> 
     </span>
     <span class='ocr_line' id='line_1_39' title="bbox 313 3860 2313 3943; baseline -0.003 -10"><span class='ocrx_word' id='word_1_347' title='bbox 313 3870 449 3933; x_wconf 80' lang='lat' dir='ltr'><strong>Aliis</strong></span> <span class='ocrx_word' id='word_1_348' title='bbox 472 3872 658 3929; x_wconf 85' lang='lat' dir='ltr'><strong>autem</strong></span> <span class='ocrx_word' id='word_1_349' title='bbox 681 3862 1008 3927; x_wconf 83' lang='lat' dir='ltr'><strong>animalibus</strong></span> <span class='ocrx_word' id='word_1_350' title='bbox 1037 3870 1138 3921; x_wconf 73' lang='lat' dir='ltr'><strong>rex</strong></span> <span class='ocrx_word' id='word_1_351' title='bbox 1165 3860 1375 3935; x_wconf 82' lang='lat' dir='ltr'><strong>indiget</strong></span> <span class='ocrx_word' id='word_1_352' title='bbox 1413 3860 1484 3920; x_wconf 79' lang='lat' dir='ltr'><strong>ed</strong></span> <span class='ocrx_word' id='word_1_353' title='bbox 1518 3860 1899 3936; x_wconf 85' lang='lat' dir='ltr'><strong>ministerium,</strong></span> <span class='ocrx_word' id='word_1_354' title='bbox 1928 3872 1991 3923; x_wconf 87' lang='lat' dir='ltr'><strong>ut</strong></span> <span class='ocrx_word' id='word_1_355' title='bbox 2030 3874 2157 3925; x_wconf 89' lang='lat' dir='ltr'><strong>sunt</strong></span> <span class='ocrx_word' id='word_1_356' title='bbox 2182 3870 2313 3943; x_wconf 81' lang='lat' dir='ltr'><strong>equi</strong></span> 
     </span>
    </p>
   </div>
  </div>
 </body>
</html>
