2784 4392
477 201 596 266 160
950 217 1004 268 s.
1049 217 1282 264 'rnouAE
1321 215 1649 270 Aoumms
1700 215 2015 292 opuscuns

545 334 703 394 Hunc
742 331 912 406 igitur
957 350 1198 392 errorem
1244 331 1534 391 excludere
1578 331 1843 400 volenteS,
1892 331 1998 394 hoc
2044 330 2236 388 ordine
2285 345 2493 406 proce-

477 419 690 483 demus.

548 511 743 582 Primo,
759 511 1109 571 ostendemus
1125 512 1270 587 quod
1298 525 1565 586 pauperes
1584 508 1679 586 qui
1701 509 2041 584 reliquerunt
2064 509 2247 569 omnia
2266 516 2499 585 propter

476 601 771 669 Christum,
803 609 1031 676 possunt
1060 603 1127 658 de
1152 594 1515 676 eleemosynis
1545 601 1750 657 vivere.

547 692 817 759 Secunde,
851 691 996 765 quod
1029 691 1438 763 praedicatores,
1470 691 1573 746 etsi
1604 683 1708 746 non
1743 688 1854 746 sint
1880 649 2112 761 praelati,
2134 690 2431 746 dummodo
2458 707 2496 748 a

477 779 718 854 praelatis
768 781 1026 837 Ecclesiae
1071 779 1378 847 mittantur,
1414 785 1640 853 possunt
1684 778 1755 837 ab
1792 779 1871 834 eis
1913 776 2113 852 quibus
2160 779 2490 852 praedicant,
2598 861 2607 867 ·

478 869 727 940 accipere
756 869 900 924 unde
927 869 1136 925 vivant.

547 957 750 1024 Tertio,
780 957 924 1029 quod
965 956 1124 1014 liceat
1159 957 1439 1030 praedictis
1474 954 1850 1030 eleemosynas
1881 965 2067 1029 petere
2102 957 2495 1030 mendicando,

477 1046 733 1118 quamvis
758 1046 868 1101 sint
891 1059 1118 1119 corpore
1148 1047 1335 1102 validi.
1884 1034 1887 1037 ’

549 1135 777 1202 Quarto,
807 1135 950 1206 quod
983 1136 1060 1190 eis
1091 1135 1364 1206 praecipue
1388 1138 1515 1190 sunt
1544 1133 1909 1208 eleemosynae
1933 1134 2148 1192 dandae.

551 1223 774 1291 Quinte,
808 1221 1084 1278 solvemus
1107 1239 1172 1278 ea
1198 1239 1322 1296 quae
1353 1223 1410 1277 in
1438 1224 1772 1297 contrarium
1804 1229 1931 1279 sunt
1956 1223 2193 1295 objecta.

548 1311 702 1378 Quod
735 1317 917 1366 autem
949 1297 1216 1383 pauperes
1245 1311 1336 1384 qui
1370 1310 1709 1384 reliquerunt
1738 1312 1921 1368 omnia
1962 1318 2187 1384 propter
2215 1311 2495 1368 Christum

478 1399 686 1473 possint
733 1399 802 1455 de
844 1399 1204 1472 eleemosynis
1249 1400 1471 1469 vivere3
1524 1400 1789 1473 probatur
1827 1401 2003 1472 primo
2044 1400 2289 1476 exemplo
2342 1401 2497 1456 beati

480 1486 780 1554 Benedicti,
813 1485 881 1542 de
911 1503 1020 1560 quo
1049 1493 1237 1544 narrat
1272 1487 1467 1544 beatus
1489 1487 1789 1558 Gregorius
1816 1487 1875 1542 in
1898 1488 1946 1542 11
1971 1486 2064 1543 lib.
2098 1487 2311 1559 Dialoq.
2343 1487 2493 1560 quod

477 1575 654 1630 tribus
679 1576 836 1631 annis
859 1575 916 1630 in
932 1588 1111 1648 'specu
1131 1591 1378 1642 manens,
1394 1575 1463 1632 de
1483 1575 1567 1633 his
1587 1592 1712 1650 quae
1732 1577 1978 1632 Romano
2005 1575 2270 1632 monacho
2294 1577 2495 1633 minis-

480 1665 786 1732 trabantur,
834 1664 1070 1720 refectus
1117 1671 1218 1732 est,
1268 1671 1563 1737 postquam
1604 1664 1825 1720 domum
1870 1663 2113 1736 parentis
2168 1663 2514 1736 reliquerat,'

480 1759 536 1809 et
561 1762 740 1809 tamen
771 1753 982 1809 validus
1010 1769 1236 1826 corpore
1267 1755 1527 1822 existenS,
1562 1770 1668 1810 non
1697 1752 1897 1824 legitur
1922 1752 1989 1809 de
2018 1752 2203 1809 labore
2232 1769 2493 1810 manuum

479 1841 686 1898 victum
717 1843 1056 1916 quaesivisse.
1261 1861 1268 1866 ·

548 1931 706 1987 Item.
739 1933 790 1998 l,
825 1935 961 2003 q.-2,
995 1946 1044 1986 c.
1087 1929 1360 1996 Sacerdos,
1387 1929 1590 1986 dicit-ut·
1636 1929 1782 2002 quod
1829 1949 1855 1983 α
1888 1929 1980 1987 ille
2024 1930 2119 2003 qui
2160 1929 2344 1988 omnia
2390 1947 2493 1988 sua

479 2009 580 2076 aut
627 2020 851 2093 reliquit
888 2019 1205 2092 parentibus
1248 2026 1344 2075 aut
1388 2019 1721 2092 pauperibus
1763 2019 2061 2084 distribuit,
2094 2028 2189 2076 aut
2232 2019 2495 2079 Ecclesiae

480 2109 644 2166 rebus
682 2110 952 2182 adjunxit,
997 2115 1052 2164 et
1095 2125 1152 2164 se
1193 2108 1250 2164 in
1293 2123 1523 2163 numero
1572 2123 1871 2182 pauperum
1916 2105 2257 2181 paupertatis
2306 2124 2493 2166 amore

478 2198 786 2264 constituit,
820 2212 926 2253 non
968 2195 1146 2253 solum
1187 2193 1304 2253 sin‘e
1339 2195 1659 2269 cupiditate,
1692 2195 1789 2251 sed
1828 2195 1995 2252 etiam
2022 2211 2147 2251 cum
2177 2195 2336 2252 laude
2368 2199 2495 2270 pie-

481 2288 614 2342 tatis
639 2287 837 2360 accipit
861 2302 891 2343 a
919 2285 1120 2361 populo
1151 2285 1535 2356 dispensanda,
1566 2291 1621 2340 et
1648 2283 1881 2340 fideliter
1916 2284 2198 2357 dispensat
2242 2295 2489 2359 accepta,

480 2381 540 2430 ut
569 2375 710 2430 unde
746 2372 1079 2448 pauperibus
1121 2373 1521 2440 subministrat,
1555 2373 1682 2429 inde
1724 2379 1783 2428 et
1815 2373 1933 2446 ipse
1982 2382 2243 2446 tanquam
2284 2391 2492 2448 pauper

479 2463 822 2520 voluntarius
845 2463 1017 2522 vivat.
1049 2481 1076 2515 i>
1107 2464 1266 2530 Patet
1294 2478 1426 2535 ergo
1451 2458 1829 2536 quod²pauper
1854 2461 1947 2535 qui
1984 2463 2169 2518 omnia
2196 2477 2297 2518 sua
2328 2479 2495 2538 prop-

479 2558 566 2608 ter
595 2553 868 2610 Christum
898 2551 1140 2625 reliquit,
1169 2557 1352 2624 potest
1378 2551 1565 2606 vivere
1594 2549 1663 2606 de
1691 2549 2053 2624 eleemosynis
2082 2566 2207 2622 quae
2238 2567 2269 2607 a
2293 2551 2494 2624 populo

481 2641 810 2712 pauperibus
838 2639 1239 2696 ministrantur.

552 2727 710 2783 Item.
734 2727 921 2782 Potius
949 2725 1113 2783 debet
1139 2727 1302 2783 homo
1331 2727 1533 2783 bonum
1563 2726 2004 2799 praetermittere,
2029 2728 2177 2801 quod
2212 2729 2330 2786 sine
2358 2745 2495 2802 pec-

483 2823 608 2872 cato
639 2815 984 2888 praetermitti
1025 2820 1223 2888 potest,
1257 2831 1424 2889 quam
1453 2814 1675 2888 aliquod
1714 2819 2001 2899 peccatum
2039 2817 2406 2874 committere.
2436 2819 2495 2874 Si

483 2918 612 2974 ergo
644 2901 719 2958 illi
751 2899 845 2975 qui
875 2911 1002 2960 sunt
1026 2903 1192 2960 validi
1223 2917 1469 2977 corpore,
1487 2910 1717 2977 peccant
1748 2894 2124 2976 eleemosynas
2155 2905 2492 2978 recipiendo,

481 2991 666 3066 potius
689 2991 889 3048 debent
905 2997 1093 3050 omnes
1115 2991 1250 3050 alias
1278 2993 1666 3066 occupationes
1686 2992 1963 3053 dimittere
1987 2998 2496 3067 quantumcumque

483 3081 652 3139 bonas
681 3096 846 3155 quam
871 3082 1244 3157 eleemosynas
1269 3081 1518 3156 accipere
1550 3097 1563 3135 ε
1596 3080 1700 3138 hoc
1723 3089 1908 3138 autem
1938 3089 2126 3154 aperte
2160 3088 2244 3136 est
2270 3081 2491 3151 falsum,

485 3187 583 3244 per
607 3172 708 3228 hoc
733 3171 1030 3244 quoddicit
1050 3171 1407 3244 Augustinus,
1435 3170 1487 3225 in
1517 3167 1613 3225 lib‘.
1642 3171 1720 3226 De
1738 3185 1823 3243 op.
1846 3185 2008 3235 mon„
2030 3167 2176 3241 quod
2194 3187 2221 3220 α
2242 3167 2319 3224 illi
2348 3173 2495 3227 servi

481 3259 582 3316 Dei
612 3261 706 3334 qui
731 3261 898 3316 etiam
928 3260 982 3316 in
1013 3259 1264 3318 manibus
1291 3265 1607 3332 operantur,
1634 3258 1702 3316 ad
1732 3275 1799 3315 ea
1826 3257 2086 3314 discenda
2116 3273 2243 3330 quae
2282 3275 2493 3316 memo·

483 3345 617 3404 riter
642 3347 904 3415 recolant,
937 3348 1138 3404 debent
1175 3346 1377 3404 habere
1406 3347 1648 3418 seposita
1688 3354 1955 3418 tempora,
1988 3345 2187 3417 quibus
2226 3347 2441 3403 scilicet
2463 3363 2495 3404 a

484 3436 670 3494 labore
698 3427 958 3494 manuum
987 3443 1210 3517 vacent..
1234 3435 1316 3491 Ad
1346 3434 1451 3491 hoc
1486 3426 1633 3492 enim
1663 3443 1719 3492 et
1744 3435 1837 3491 illa
1866 3433 2008 3490 bona
2053 3448 2219 3506 opera
2256 3435 2495 3491 fidelium

485 3526 727 3582 subsidio
758 3526 1178 3600 sopplendorum
1203 3525 1637 3581 necessariorum
1664 3524 1855 3580 deesse
1886 3538 1992 3580 non
2019 3522 2238 3590 debent,
2259 3531 2317 3580 ut
2348 3523 2499 3581 borae

485 3615 684 3686 quibus
720 3614 790 3670 ad
838 3613 1196 3669 erudiendum
1236 3613 1477 3669 animum
1528 3613 1608 3669 ita
1654 3617 1902 3678 vacatur,
1936 3617 1999 3666 ut
2048 3611 2143 3667 illa
2192 3611 2499 3684 corporalia

483 3715 649 3774 opera
674 3703 787 3773 geri
819 3718 924 3758 non
951 3701 1180 3773 possint,
1204 3717 1310 3756 non
1337 3701 1719 3772 opprimantur
1748 3706 2015 3771 egestate.
2042 3713 2069 3754 i>
2094 3700 2173 3755 Ex
2196 3716 2305 3774 quo
2329 3701 2499 3757 etiam

478 3791 638 3861 'patet
663 3788 809 3860 quod
833 3787 1170 3858 Augustinus
1194 3803 1300 3847 non
1326 3789 1563 3846 intendit
1585 3789 1731 3861 quod
1762 3785 2015 3847 monachi
2040 3787 2287 3849 laborent
2316 3791 2498 3845 mani·
