2784 4392
711 315 822 366 xv.
849 328 931 352 -ι
957 316 1036 365 nn
1076 314 1381 367 anonam·
1422 314 1763 367 amomon
2116 294 2239 366 42⁸7

915 522 1202 595 CAPUT
1241 524 1565 596 XXVIII.

276 650 407 721 Hic
432 652 706 723 declarat
730 650 802 721 de
826 658 1166 721 nominibus
1189 658 1413 723 ducum
1432 664 1489 723 et
1510 658 1849 731 demuma-o
1873 656 2205 736 ocbertum,

695 746 928 829 etquid
951 744 1781 831 siguificatunumquodque.

309 878 414 936 Sed
457 880 586 952 quia
619 880 690 936 de
727 880 1036 937 nominibus
1079 882 1260 953 agitur
1299 881 1519 949 ducum,
1553 881 1845 938 vivendum
1876 888 1961 939 est
1993 880 2061 937 de
2091 880 2243 952 ipsiS,

239 972 399 1036 prout
426 967 708 1037 Scriptura
747 980 906 1023 sacra
934 966 1250 1024 denominat
1285 974 1342 1023 et
1368 968 1615 1025 Romana
1648 966 1973 1040 respublica,
2021 983 2087 1023 ac
2125 982 2247 1022 mo-

237 1053 394 1109 derni
440 1052 776 1109 describunt.
825 1052 894 1111 Bt
935 1056 1112 1128 primo
1163 1053 1386 1127 quidem
1428 1054 1498 1112 de
1544 1056 1783 1123 tribuno,
1834 1053 1980 1129 quod
2024 1052 2246 1127 quidem

239 1156 434 1196 nomen
461 1140 598 1197 dicit
619 1138 879 1213 vegetius
908 1156 974 1198 ex
1005 1142 1150 1200 tribu
1172 1143 1441 1215 originem
1468 1144 1687 1213 habere,
1722 1144 1850 1218 quia
1877 1150 2111 1217 praeerat
2140 1140 2247 1198 mi-

240 1226 430 1285 litibus
457 1244 596 1302 quos
627 1226 892 1286 Romulus
929 1230 1190 1303 elegerat,
1229 1234 1325 1303 qui
1359 1246 1429 1288 ex
1468 1232 1611 1288 tribu
1642 1232 1908 1304 originem
1938 1234 2245 1289 traxerunt.

237 1318 480 1373 Isidorus
503 1324 687 1374 autem
705 1317 756 1373 in
783 1316 862 1375 1x
880 1316 1176 1393 Etymoloy.
1193 1318 1349 1387 dicit,
1377 1322 1523 1392 quod
1550 1320 1753 1376 tribuni
1774 1320 1909 1377 'dicti
1930 1326 2076 1386 sunt,
2102 1320 2247 1391 quod

237 1404 444 1477 plebeis
465 1406 593 1478 jura
621 1404 865 1479 praebent
891 1422 905 1462 ε
941 1408 1082 1463 unde
1115 1409 1171 1463 in
1193 1406 1437 1465 savorem
1468 1422 1657 1465 eorum
1687 1414 1816 1464 sunt
1845 1408 2083 1464 instituti
2116 1422 2250 1479 pro-

242 1492 512 1550 consules.
556 1494 701 1550 Alibi
749 1508 878 1550 vero
923 1494 1128 1551 dicitur
1171 1495 1320 1567 quod
1361 1496 1564 1550 tribuni
1602 1494 1929 1551 dicebantur
1967 1494 2061 1567 qui
2102 1492 2250 1548 mille

245 1581 855 1653 militibu8,praeeraut,
901 1594 1040 1655 quos
1077 1582 1258 1639 Graeci
1295 1584 1550 1649 χιλιαρχος
1595 1582 1889 1655 appellant,
1928 1582 2073 1637 sicut
2117 1595 2249 1636 cen-

246 1670 489 1727 turiones
523 1686 556 1726 a
583 1676 804 1726 centum
841 1669 1106 1726 militibus
1143 1675 1271 1727 sunt
1307 1671 1595 1727 nominati.
1628 1672 1707 1725 De
1742 1668 2247 1743 quinquagenariis,

244 1760 362 1815 sive
398 1759 888 1831 pentacontarchis,
936 1759 1080 1832 quod
1125 1758 1268 1816 idem
1311 1766 1414 1827 est,
1464 1758 1725 1831 vegetius
1769 1759 2099 1815 mentionem
2142 1770 2247 1813 non

243 1846 408 1916 facit;
435 1846 532 1903 sed
557 1847 837 1927 Scriptura
861 1862 1017 1905 sacra
1039 1849 1094 1904 in
1117 1846 1362 1921 praefatis
1380 1862 1497 1921 jam
1522 1846 1675 1904 libris
1703 1848 1841 1905 etin
1867 1844 1938 1904 IV
1968 1844 2061 1902 lib.
2084 1845 2245 1917 Reg.,

246 1952 385 2009 quos
413 1935 482 1992 ad
509 1934 953 2009 imprecationem
979 1932 1116 1994 Eliae
1141 1939 1300 2009 Juxta
1337 1950 1523 1993 eorum
1550 1937 1804 1993 meritum
1842 1935 2063 1992 flamma
2091 1948 2249 1991 com-

250 2026 457 2094 bussit,
443 2040 456 2056 ·
488 2024 582 2082 sed
613 2025 867 2093 decanos,
894 2027 1012 2081 eive
1037 2026 1359 2083 decuriones
1387 2026 1469 2083 slc
1504 2026 1702 2097 dictos,
1732 2024 1878 2100 quod
1917 2024 2105 2081 decem
2141 2022 2249 2079 ml·

237 2114 408 2169 litum
433 2128 622 2170 curam
663 2112 864 2169 habent
891 2112 947 2168 in
983 2114 1200 2182 castris,
1227 2112 1487 2185 vegetius
1528 2114 1630 2171 sub
1670 2128 1779 2173 uno
1810 2111 2167 2173 contubernio
2197 2120 2252 2169 et

251 2218 358 2257 uno
386 2200 658 2273 papilione
686 2198 942 2272 disponit.

318 2288 552 2344 Nomina
581 2300 710 2343 vero
738 2286 1012 2357 generalia
1049 2286 1419 2343 multitudinis
1446 2242 1782 2344 armatorum
1806 2286 1873 2345 ad
1899 2290 2251 2361 pugnandum

251 2376 532 2449 dispositio
559 2374 678 2431 haec
705 2380 850 2441 sunt,
879 2374 1132 2431 videlicet
1161 2377 1435 2431 exercitus
1464 2374 1535 2432 ab
1561 2376 1821 2432 exercitio
1850 2376 1965 2434 eive
1994 2374 2063 2432 ab
2088 2388 2252 2431 exer-

254 2464 471 2522 citando
511 2464 711 2521 dictus.
750 2464 1054 2537 Utrumque
1095 2464 1323 2521 enimin
1352 2466 1617 2539 praedicta
1656 2465 1955 2538 requiritur
1996 2462 2253 2520 multitu-

253 2554 398 2622 dine,
440 2560 708 2611 vocantur
741 2561 800 2611 et
827 2559 1008 2609 castra
1046 2566 1077 2609 a
1105 2555 1362 2610 castitate
1403 2554 1572 2624 dicta,
1614 2558 1675 2609 ut
1700 2552 1869 2609 tradit
1893 2554 2151 2618 Isidorus,
2186 2567 2255 2609 eo

253 2644 397 2717 qued
439 2644 514 2699 ibi
553 2642 716 2699 debet
755 2642 984 2700 castrari
1029 2642 1214 2699 libido.
1264 2642 1737 2700 subtrahebantur
1774 2640 1921 2698 enim
1966 2638 2180 2699 deliciae
2222 2654 2255 2698 a
2324 2685 2327 2689 .

253 2732 467 2799 castris„
494 2746 616 2787 cum
642 2733 977 2788 incumberet
1002 2731 1236 2788 hostium
1263 2734 1463 2803 pugna,
1496 2736 1557 2786 ut
1584 2730 1842 2802 Vegetius
1870 2728 2081 2797 seribit,
2108 2730 2254 2785 undo

253 2828 436 2876 castra
464 2818 694 2874 filiorum
723 2818 887 2875 Israel
913 2821 1128 2879 devicta
1155 2820 1376 2877 fuerunt
1418 2832 1451 2876 a
1478 2818 1808 2883 madianitis,
1842 2819 1971 2892 quia
1999 2816 2256 2875 fornicati

255 2916 380 2963 sunt
413 2920 538 2963 cum
566 2906 778 2962 filiabus
805 2899 1010 2974 eorum,
1045 2912 1105 2963 ut
1137 2910 1398 2965 scribitur
1426 2909 1481 2964 in
1512 2908 1738 2966 Numer.
1770 2908 1996 2981 Propter
2022 2905 2168 2981 quod
2198 2905 2251 2962 i'n

256 2998 478 3052 Denter.
520 2994 794 3062 scribitur,
827 2994 974 3067 quod
1002 2996 1265 3051 Dominus
1301 2996 1615 3053 ambulabat
1645 2998 1699 3053 in
1730 2995 1909 3053 medio
1942 2990 2255 3053 'castrorum

257 3082 540 3140 israelitici
581 3080 784 3155 populi,
831 3088 894 3137 ut
932 3083 1042 3137 sint
1090 3088 1272 3137 caetra
1314 3094 1503 3136 eorum
1530 3086 1741 3149 sancta,
1786 3080 2029 3155 nihilque
2074 3082 2129 3137 ln
2174 3081 2253 3138 eis

255 3178 518 3245 appareat
557 3166 846 3229 foeditatim
894 3168 990 3228 Vel
1041 3178 1224 3226 castra
1267 3168 1593 3225 dicebantur
1638 3176 1857 3241 propter
1898 3168 2255 3226 munitionem

255 3263 528 3319 exercitus
563 3262 616 3315 in
647 3258 934 3331 aggeribus
981 3264 1034 3315 et
1064 3256 1313 3328 vallibus,
1346 3270 1413 3314 ac
1450 3256 1572 3314 aliis
1609 3256 1875 3314 clausuris
1917 3256 2247 3326 fortissimis,

256 3350 453 3424 quibus
477 3349 704 3406 Romani
734 3346 1004 3421 principes
1022 3346 1316 3403 utebantur
1339 3358 1466 3403 cum
1493 3345 1824 3403 invadebant
1846 3344 2053 3403 hostes.
2080 3346 2255 3421 Prop-

257 3447 340 3496 ter
382 3438 526 3512 quod
563 3436 820 3506 fossores,
862 3436 1020 3504 fabri,
1067 3448 1132 3493 ac
1173 3435 1361 3492 latomi
1400 3435 1819 3492 assumebantur
1860 3432 1929 3493 ad
1960 3434 2254 3493 militarem

256 3528 617 3599 disciplinam,
651 3534 710 3582 ut
737 3524 996 3583 haberent
1023 3523 1079 3581 in
1113 3532 1366 3597 promptu
1395 3524 1635 3583 artifices
1666 3524 2004 3583 necessarios
2038 3524 2107 3583 ad
2138 3524 2254 3583 tui·-

256 3619 461 3675 tionem
483 3616 772 3671 exercituS.

325 3706 421 3762 Est
443 3710 499 3761 ot
522 3702 672 3761 aliud
701 3716 916 3773 nomen,
941 3712 1040 3775 per
1065 3701 1213 3775 quod
1241 3705 1297 3758 et
1327 3698 1623 3759 multitudo
1648 3709 2031 3776 pugnatorum,
2064 3700 2251 3777 expri-

253 3797 439 3863 mitur,
486 3790 740 3849 videlicet
768 3790 928 3864 legio,
966 3788 1036 3847 ab
1075 3790 1337 3849 electione
1373 3790 1543 3859 dicta,
1590 3793 1650 3847 ut
1688 3788 1855 3848 tradit
1878 3788 2138 3862 Isidorus,
2186 3802 2251 3847 eo

256 3884 402 3958 quod
441 3882 642 3941 milites
676 3878 733 3941 in
771 3892 841 3941 ea
880 3878 1122 3940 conteuti
1155 3877 1498 3953 eligebantur
1523 3878 1595 3940 ab
1628 3876 1751 3939 aliis
1778 3884 2039 3957 tanquam
2077 3876 2254 3953 magis
