2784 4392
1115 523 1123 530 .
1360 457 1521 538 xv,

491 643 662 747 DE
769 635 1461 748 REGIMINE
1562 631 2380 746 PRINCIPUM

870 845 1052 908 AD
1115 841 1554 909 REGEM
1620 843 1999 909 CYPRI

1054 991 1202 1056 (aare.
1223 993 1356 1041 nom.
1387 969 1671 1052 ommim
1696 988 1813 1054 xx.)

954 1261 1573 1336 ARGUMENTUM
1618 1263 1925 1334 OPERIS

516 1399 788 1476 Cogitanti
820 1402 950 1463 mihi
977 1407 1107 1481 quid
1127 1404 1378 1464 offerrem
1398 1407 1566 1480 regiae
1588 1404 1901 1464 celsitudini
1922 1401 2167 1478 dignum,
2192 1415 2445 1479 meaeque

447 1483 766 1564 professioni
795 1511 1094 1570 congruum
1115 1503 1171 1554 et
1198 1494 1395 1565 officio,
1424 1496 1479 1553 id
1504 1495 1743 1554 occurrit
1772 1493 2053 1569 potissime
2082 1495 2439 1564 offerendum,

449 1587 508 1637 ut
533 1583 648 1656 regi
691 1584 886 1641 librum
913 1587 979 1642 de
1008 1603 1173 1659 regno
1202 1585 1623 1654 conscriberem,
1656 1587 1710 1642 in
1739 1600 1849 1660 quo
1886 1591 1941 1641 et
1975 1571 2130 1656 regni*
2152 1585 2438 1657 originem,

449 1679 504 1728 et
547 1689 611 1731 ea
640 1692 766 1748 quae
810 1677 880 1733 ad
915 1679 1060 1750 regis
1105 1675 1342 1734 officium
1372 1676 1665 1749 pertinent,
1694 1673 1995 1731 secundum
2029 1674 2328 1747 Scriptura}
2360 1675 2445 1732 di-

451 1763 594 1819 vinae
619 1765 1022 1834 auctoritatem,
1048 1766 1491 1839 Philosophorum
1515 1765 1714 1838 dogma
1742 1773 1800 1821 et
1824 1764 2071 1837 exempla
2098 1763 2447 1822 laudatorum

450 1851 758 1923 principum
794 1854 1082 1926 diligenter
1118 1855 1515 1927 depromerem,
1540 1855 1697 1928 juxta
1740 1855 1942 1928 ingenii
1972 1855 2178 1928 proprii
2209 1853 2449 1912 faculta-

454 1947 582 2006 tem,
620 1941 964 2014 principium,
998 1959 1362 2017 progressum,
1397 1944 1921 2001 consummationem
1962 1945 2145 2016 operis
2190 1959 2256 2000 ex
2304 1943 2449 2002 iilius

453 2039 748 2100 expectans
799 2031 1000 2089 auxilio
1023 2031 1118 2106 qui
1143 2041 1226 2088 est
1253 2033 1370 2088 Rex
1400 2048 1589 2104 regum
1617 2039 1674 2090 et
1703 2033 1965 2117 Dominus
2000 2032 2402 2090 dominantium
2430 2049 2444 2090 ε

451 2133 546 2188 per
577 2136 739 2190 quem
769 2135 924 2193 reges
963 2130 1210 2194 regnant,
1241 2121 1404 2190 DeuS,
1438 2138 1665 2195 magnus
1695 2121 1979 2195 Dominus,
2006 2129 2063 2180 et
2090 2137 2185 2180 rex
2216 2139 2449 2196 magnus

451 2221 616 2278 super
640 2223 826 2268 omnes
849 2211 1010 2268 Deos·

1092 2521 1376 2606 LIBER
1452 2521 1804 2606 PRIMUS

1253 2847 1535 2917 CAPUT
1590 2850 1645 2916 Ι.

595 2955 798 3055 ”Quod
822 2995 1042 3044 necesse
1070 2987 1154 3045 est
1190 2982 1451 3046 homines
1476 2982 1662 3046 simul
1695 2982 1953 3045 viventes
1982 2980 2055 3046 ab
2083 2980 2291 3067 aliquo

1189 3073 1511 3152 diliyenteo·
1559 3072 1709 3153 νομί.

525 3205 857 3278 Principium
887 3214 1069 3262 autem
1119 3206 1436 3263 intentionis
1482 3213 1681 3262 nostrae
1734 3206 1859 3262 hinc
1887 3221 2102 3262 sumere
2144 3210 2360 3276 oportet
2390 3208 2452 3260 ut

454 3296 582 3368 quid
616 3297 830 3351 nomine
853 3297 994 3366 regis
1015 3293 1424 3367 intelligendum
1445 3297 1533 3365 sit,
1556 3302 1879 3368 exponatur.
1902 3297 1960 3350 In
1990 3295 2239 3350 omnibus
2265 3299 2449 3350 autem

456 3401 578 3456 quae
604 3386 669 3440 ad
702 3385 863 3441 finem
880 3385 1114 3456 aliquem
1137 3385 1477 3451 ordinantur,
1506 3387 1558 3439 in
1585 3385 1782 3458 quibus
1806 3384 2074 3456 contingit
2102 3385 2183 3438 sic
2207 3392 2262 3438 et
2292 3382 2450 3438 aliter

454 3473 765 3544 procedere,
782 3490 917 3544 opus
945 3481 1028 3529 est
1054 3473 1236 3545 aliquo
1257 3473 1546 3545 dirigente,
1569 3490 1665 3546 per
1686 3474 1829 3547 quod
1848 3474 2055 3529 directe
2072 3473 2315 3528 debitum
2337 3486 2452 3543 per·

457 3561 706 3616 veniatur
745 3564 811 3618 ad
853 3564 1033 3618 finem.
1059 3563 1179 3619 Non
1209 3563 1353 3618 enim
1378 3564 1551 3630 naviS,
1582 3579 1745 3636 quam
1770 3563 2069 3619 secundum
2110 3561 2451 3616 diversorum

457 3659 741 3707 ventorum
767 3652 1058 3725 impulsum
1097 3653 1150 3707 in
1193 3654 1409 3710 diversa
1452 3655 1656 3709 moveri
1687 3653 1974 3724 contingit,
2012 3652 2080 3708 ad
2113 3652 2453 3707 destinatum

455 3739 616 3794 finem
642 3743 966 3813 perveniret,
995 3742 1100 3798 nisi
1134 3759 1230 3815 per
1264 3741 1643 3814 gubernatoris
1672 3742 1996 3798 industriam
2026 3739 2353 3812 dirigeretur
2380 3739 2451 3794 ad

456 3834 706 3898 portum;
733 3829 965 3885 hominis
993 3837 1176 3886 autem
1207 3839 1289 3886 est
1330 3833 1528 3905 aliquis
1568 3833 1709 3898 finiS,
1743 3831 1810 3888 ad
1837 3846 1999 3903 quem
2032 3835 2145 3886 tota
2177 3829 2288 3884 vita
2332 3829 2451 3900 ejus

462 3921 516 3970 et
538 3915 681 3971 actio
706 3916 1006 3985 ordinatur,
1037 3932 1162 3973 cum
1192 3919 1264 3975 sit
1283 3935 1447 3991 agens
1474 3936 1569 3990 per
1600 3919 1951 3986 intellectum,
1982 3919 2136 3989 cujus
2156 3925 2239 3974 est
2269 3918 2452 3973 mani·
2489 3910 2496 3916 ’
