2784 4392
576 261 712 310 ειν.
742 277 827 296 -
848 259 1091 315 comas
1128 263 1345 320 rurus.
1390 264 1494 321 nm
1534 268 1709 328 cunr.
1754 277 1833 328 m·
1870 283 2076 336 Runa.
2209 272 2330 340 209

318 375 369 434 si
408 366 850 452 contemnuntur,
880 385 1143 458 proficere
1179 387 1237 447 in
1272 391 1353 449 eis
1390 408 1496 452 non
1537 404 1785 470 possunt,
1817 410 1873 461 et
1913 405 1992 463 sic
2028 411 2324 484 Apostolus

317 483 379 526 se
395 468 573 542 ipsum
594 472 835 544 praetulit
864 473 1030 532 etiam
1056 476 1200 534 veris
1222 481 1500 552 Apostolis
1519 493 1784 559 quantum
1809 491 1878 548 ad
1903 494 2130 570 aliquid.
2153 503 2321 564 1Cor.

314 557 515 624 xvrlfl
544 559 784 618 :Gt-utin
807 562 929 634 ejvs
958 563 1025 621 in
1059 579 1143 623 me
1168 581 1339 626 uacua
1380 585 1490 629 mn
1523 574 1772 646 {saiand
1816 577 2182 646 abundantius
2211 592 2321 652 illis

314 646 556 703 omnibus
582 648 841 706 laboravi.
872 651 977 708 Sed
1010 653 1187 712 adhue
1216 660 1391 732 magis
1417 663 1535 720 sine
1572 668 1994 740 reprehensione
2018 680 2317 750 praeferunt

312 739 519 790 statum
564 741 722 792 suum
770 735 940 794 statui
988 737 1221 799 aliorum
1268 743 1751 828 minusperfecto²
1778 757 1849 814 in
1877 772 2142 833 quantum
2192 772 2318 830 talis

310 823 649 897 comparatio
692 823 873 882 minus
918 828 1061 901 sepit
1108 830 1382 904 privatam
1429 837 1688 912 gloriarm
1722 851 1778 903 et
1814 845 1918 906 hoo
1952 855 2112 913 modo
2136 862 2317 933 Apos-

310 911 473 982 tolus,
499 909 551 968 11
592 909 716 970 Cor.
766 931 853 984 111,
884 916 1129 989 praetulit
1176 921 1456 982 ministros
1497 933 1622 988 novi
1671 933 2004 997 Testamenti
2055 947 2318 1010 ministris

306 1001 528 1058 veteris.
544 997 659 1059 Hoc
683 1001 850 1061 etiam
870 1003 1198 1074 modo,1.ad
1226 1009 1465 1073 Timoth.
1492 1033 1546 1086 v,
1567 1018 1656 1092 ⁴¹7,
1679 1030 1886 1083 statum
1905 1029 2210 1110 doctorum,
2245 1044 2314 1102 de

304 1106 537 1164 quorum
578 1105 804 1148 nurnero
850 1099 988 1163 erat,
1031 1097 1154 1155 aliis
1198 1102 1438 1170 statibus
1482 1103 1744 1170 Ecclesiae
1789 1117 2028 1190 praesert,
2075 1127 2310 1192 dicens:

307 1179 412 1248 Qui
462 1179 583 1236 bene
628 1171 878 1254 praesunt
918 1181 1238 1260 presbyteri,
1284 1191 1486 1266 duplici
1535 1195 1734 1258 hortere
1790 1197 1954 1278 diani-
1989 1211 2306 1294 habeamur,

301 1264 533 1323 maxime
576 1268 669 1340 qui
716 1263 963 1328 laborant
1004 1271 1159 1332 verbo
1203 1281 1255 1336 et
1295 1277 1578 1354 doctrinm
1624 1285 1711 1345 vel
1751 1299 1934 1364 potest
1983 1299 2112 1370 dici,
2161 1313 2306 1383 quod

300 1351 497 1413 Glossa
521 1351 613 1414 illa
639 1355 699 1413 in
726 1355 862 1416 falso
890 1374 1053 1419 sensu
1098 1362 1393 1426 inducitur.
1423 1373 1720 1446 Apostolus
1749 1382 1895 1439 enim
1943 1386 2016 1444 ibi
2064 1392 2307 1470 loquitur

298 1455 407 1501 non
432 1441 503 1502 de
524 1445 997 1506 commendatione
1022 1466 1118 1523 per
1152 1454 1339 1524 verba,
1368 1456 1466 1515 sed
1498 1478 1592 1532 per
1617 1463 1783 1535 facta,
1817 1472 2014 1542 quibus
2041 1495 2102 1537 se
2149 1501 2300 1546 eom-

298 1531 635 1592 mendabiles
661 1533 718 1591 in
744 1537 1074 1596 conscentiis
1109 1537 1393 1601 hominum
1435 1546 1758 1624 reddebant,
1785 1563 1846 1612 ut
1881 1569 2032 1631 patet
2071 1585 2140 1628 ex
2183 1574 2302 1648 ipso

297 1627 469 1692 textu,
502 1631 559 1680 et
585 1629 801 1680 constat
830 1625 979 1698 quod
1008 1643 1075 1683 ex
1100 1629 1356 1702 operibus
1384 1649 1445 1691 se
1469 1635 1720 1697 meliores
1747 1649 2104 1712 ostendebant
2134 1677 2302 1734 quem

207 1704 213 1712 '
293 1709 732 1785 pseudoapostoli
763 1709 1025 1784 facerent,
1068 1731 1193 1774 eum
1234 1717 1460 1782 meliora
1489 1741 1657 1798 opera
1679 1727 1942 1794 facerent.
1971 1740 2126 1803 Unde
2149 1757 2296 1825 quod

290 1795 429 1857 dicit
461 1816 475 1855 ε
507 1821 533 1854 α
556 1799 683 1858 Sine
713 1801 1122 1874 eom-paratione
1160 1807 1621 1887 adversariorum,
1655 1837 1682 1872 >2
1709 1830 2086 1896 exponendum
2111 1847 2216 1912 est,
2241 1843 2296 1901 id

288 1895 375 1946 est
406 1885 907 1963 incomparabiliter
932 1891 1221 1968 plusquam
1248 1897 1568 1976 adversarii,
1591 1909 1734 1968 unde
1759 1913 1955 1978 Glossa
1982 1930 2068 1980 est
2101 1937 2292 1993 cont-ra
2351 1931 2358 1937 '

290 1973 345 2034 id
374 1975 445 2034 ad
474 1976 619 2052 quod
644 1977 944 2038 ind'ucitur.'
993 2055 1003 2064 ι
1034 1979 1037 1984 ’

357 2064 442 2124 Ad
466 2067 717 2140 quintum
742 2075 891 2142 patet
920 2071 1201 2145 responsio
1224 2091 1322 2149 per
1350 2074 1455 2140 hoe
1483 2085 1630 2158 quod
1659 2081 1857 2153 G‘lossa
1881 2095 2083 2164 ibidem
2112 2107 2248 2168 dicit
2274 2131 2290 2170 t

286 2151 415 2214 Non
459 2155 599 2212 enim
651 2155 1017 2228 praedicamus.
1058 2165 1395 2240 nosmetipsos
1446 2170 1504 2230 id
1554 2183 1640 2234 est
1693 2184 2038 2254 praediclatio
2103 2207 2290 2261 nostra
2403 2180 2408 2202 ⁸

285 2257 393 2300 non
422 2243 597 2300 tendit
626 2243 695 2302 ad
724 2244 953 2317 gloriam
982 2259 1225 2310 nostram
1266 2257 1351 2314 vel
1390 2259 1464 2317 ad
1505 2261 1660 2323 lucra
1700 2277 1906 2344 nostra,
1929 2281 2024 2338 sed
2067 2287 2137 2344 ad
2165 2291 2288 2362 glo..-

284 2333 426 2390 riam
464 2331 685 2390 Christi.
726 2331 919 2408 *Sancti
966 2336 1113 2394 enirn
1155 2341 1259 2398 etsi
1308 2342 1604 2422 aliquando
1653 2371 1714 2414 se
1745 2371 2148 2448 commendant,
2179 2393 2284 2439 non

285 2426 467 2478 tamen
510 2438 577 2478 ex
612 2420 717 2480 hoe
758 2431 1013 2498 quaerunt
1054 2427 1284 2500 gloriam
1324 2449 1501 2509 suam,
1535 2443 1634 2500 sed
1674 2445 1775 2506 Dei
1829 2466 1928 2524 per
1981 2463 2284 2532 profectum

281 2507 533 2568 aliorum.
562 2529 590 2564 a

352 2599 438 2658 Ad
468 2605 681 2658 sextum
706 2605 859 2676 patet
898 2603 1179 2680 responsio
1204 2625 1305 2686 per
1331 2611 1586 2678 Glossam
1626 2636 1754 2698 quae
1793 2627 1868 2688 ibi
1899 2633 2032 2696 dicit
2064 2654 2078 2698 z
2109 2664 2136 2698 α
2163 2645 2284 2708 Non

280 2684 573 2746 inserimus
606 2705 703 2747 nos
749 2690 1097 2766 quibusdam,
1130 2697 1188 2755 id
1228 2710 1315 2760 est
1352 2709 1580 2780 pseudo,
1608 2715 1702 2787 qui
1747 2734 1855 2777 non
1900 2727 2050 2786 missi
2098 2749 2130 2792 a
2173 2739 2283 2800 Deo

278 2779 663 2836 commendant
690 2795 749 2836 se
784 2781 929 2854 ipsos
956 2781 1229 2859 aliquibus
1258 2791 1492 2866 actibus,
1523 2815 1632 2858 non
1660 2803 1810 2866 Deus
1833 2827 1946 2872 eos.
1981 2837 2008 2871 ιο
2041 2821 2194 2883 Unde
2217 2845 2284 2886 ex

278 2859 384 2924 hoe
424 2883 529 2924 non
567 2877 747 2940 potest
782 2871 1034 2930 concludi
1078 2877 1211 2949 quin
1242 2879 1321 2938 illi
1363 2885 1458 2958 qui
1500 2899 1626 2947 sunt
1655 2909 1688 2951 a
1735 2897 1849 2956 Dee
1891 2921 1987 2976 per
2025 2915 2283 2984 praelatos

278 2954 537 3013 Ecclesiae
565 2959 737 3027 missi,
758 2971 983 3032 possunt
1012 2969 1395 3030 commendare
1415 2991 1476 3032 se
1495 2973 1644 3050 ipsos
1666 2997 1790 3042 eum
1819 2989 1965 3049 Deus
1989 2996 2109 3057 illos
2129 3019 2284 3063 eom-

267 3045 497 3102 ‘mendet
523 3045 803 3118 largiendo
833 3065 1057 3110 munera
1082 3058 1385 3126 gratiarum
1415 3079 1488 3120 ex
1506 3070 1700 3128 cau-sis
1718 3080 1900 3136 tamen
1929 3089 2279 3158 supradicti&
2331 3075 2336 3083 ⁴

346 3130 416 3189 Et
444 3135 525 3190 sio
548 3137 714 3192 etiam
743 3145 896 3211 patet
926 3145 1207 3214 responsio
1236 3147 1305 3204 ad
1330 3153 1648 3226 septimum.

344 3220 431 3279 Ad
497 3231 753 3282 octavum
808 3227 871 3282 et'
919 3245 1119 3288 nonum
1176 3234 1488 3310 dicendum,
1541 3248 1688 3318 quod
1746 3259 2283 3332 auctoritates..illae

274 3309 572 3384 loquuntur
614 3314 683 3370 de
728 3313 891 3374 laude
928 3335 1040 3391 qua
1076 3319 1279 3397 aliquis
1313 3341 1375 3384 se
1425 3327 1600 3404 ipsum
1638 3347 2005 3421 commendat,
2051 3355 2282 3428 gloriam·
2331 3369 2334 3372 ’
2417 3341 2432 3384 ”

272 3402 551 3474 propriam
574 3416 848 3474 quaerens.

339 3489 426 3547 Ad
473 3489 745 3546 decimum
798 3492 968 3550 eliam
1014 3505 1166 3568 patet
1218 3508 1501 3577 responsio
1556 3529 1652 3584 per
1695 3517 2128 3604 Interlinearem,
2158 3543 2283 3610 quae‘

273 3574 407 3634 dicit
433 3594 446 3633 ε
482 3599 509 3632 α
541 3575 598 3636 Si
626 3594 727 3652 ego
755 3588 967 3639 tantum
996 3585 1241 3656 glorifico
1266 3609 1353 3652 me
1382 3596 1582 3670 ipsum.
1609 3623 1636 3656 a
1666 3607 1821 3666 Unde
1847 3620 1902 3669 et
1921 3617 2154 3694 illorum,
2185 3631 2281 3702 qui

272 3681 305 3725 a
340 3669 457 3726 Deo
498 3685 605 3730 non
646 3669 1041 3746 glorificantur,
1076 3677 1209 3736 eise
1243 3681 1389 3754 ipsos
1412 3687 1738 3767 glorificant,
1765 3699 1940 3772 gloria
1977 3711 2109 3768 nihil
2157 3727 2276 3790 est;

269 3771 429 3814 secus
456 3766 643 3816 autem
666 3767 751 3816 est
776 3757 845 3817 de
869 3759 977 3822 illis
990 3779 1129 3840 quos
1144 3767 1291 3830 Deus
1302 3771 1575 3846 glorificat
1603 3800 1702 3858 per
1719 3803 1946 3856 munera
1975 3803 2281 3873 gratiarum

270 3862 392 3920 quae
413 3847 493 3904 eis
517 3847 767 3921 largitur.

770 3964 823 4019 S.
855 3967 1011 4025 Tuon.
1043 3973 1133 4034 Ao.
1156 3976 1423 4038 orosam.
1444 4006 1508 4028 -
1527 3988 1611 4060 lll⁵
1632 4017 1696 4034 -·-
1721 3993 1779 4050 Μ
