2784 4392
600 342 736 390 xw.
763 305 845 372 -’
870 307 1111 388 com-'Ra
1149 303 1375 388 meve.
1413 343 1517 388 nm
1559 342 1733 389 cunr.
1779 305 2104 390 nr'nnmo.
2243 325 2358 388 187

356 454 727 531 praedicatori.
764 475 791 508 ι
816 455 898 514 Ex
922 456 1123 530 quibus
1146 462 1317 531 patet,
1350 457 1495 532 quod
1535 457 1677 516 servi
1721 458 1820 515 Dei
1863 464 1918 513 et
1955 459 2224 534 praecipue
2265 458 2361 534 qui

352 544 735 620 poenitentiam
761 545 1081 618 praedicant,
1100 546 1313 604 *dehent
1333 545 1533 606 vilibus
1560 547 1806 605 vestibus
1835 547 2008 605 indui.

419 635 578 690 Item.
619 633 885 690 Probatur
926 635 1174 707 exemplo
1214 635 1566 710 antiquorum
1607 635 2020 709 prophetarum,
2047 637 2116 693 de
2160 624 2361 712 quibus

349 722 554 778 dicitur
582 723 650 779 ad
682 723 843 779 Hebr.
875 739 980 780 xr:
1012 723 1419 782 circumierunt
1464 725 1524 780 in
1567 725 1789 792 melotis,
1815 725 1874 780 in
1907 725 2132 798 pellitus
2171 727 2363 800 capri-

348 809 455 877 nis,
490 811 688 869 Glossa
733 829 747 867 ι
795 832 820 864 α
852 813 926 869 Ut
967 812 1151 871 Helias
1193 822 1248 870 et
1294 813 1409 871 alii.
1439 832 1469 868 r·
1505 813 1676 871 Melus
1715 820 1798 870 est
1853 814 2077 882 animal,
2109 816 2254 888 quod
2301 821 2359 871 et

352 908 511 956 taxus
539 901 760 967 dicitur,
787 903 943 973 cujus
964 900 1120 976 pellis
1144 900 1345 959 melota
1370 902 1593 970 dicitur,
1626 909 1683 959 et
1711 910 1794 959 est
1820 901 1978 959 valdo
2004 903 2237 974 hispida,
2268 905 2352 962 vel

351 987 552 1044 melota
582 996 665 1045 est
690 990 858 1046 vestis
879 988 947 1047 de
978 989 1100 1062 pilis
1122 990 1474 1058 camelorum,
1503 996 1563 1047 ut
1591 997 1744 1064 patet
1767 990 1844 1047 ibi
1867 1007 1962 1064 per
1985 990 2258 1048 Glossam.

419 1077 577 1132 Item.
608 1077 873 1134 Probatur
894 1079 1044 1135 Beati
1084 1077 1380 1137 Hilarionis
1429 1079 1677 1152 exemplo
1707 1086 1760 1138 et
1785 1079 1997 1138 Arsenii
2035 1087 2090 1138 et
2124 1078 2355 1136 aliorum

351 1175 570 1238 patrum
610 1166 663 1223 in
716 1183 919 1234 eremo,
970 1167 1039 1223 de
1087 1166 1285 1240 quibus
1340 1176 1597 1226 narratur
1638 1168 1692 1224 in
1735 1183 1922 1224 eorum
1971 1168 2158 1238 gestis„
2209 1169 2354 1241 quod

351 1254 629 1311 vilissimis
655 1255 898 1314 vestibus
925 1255 1309 1314 induebantur.
1903 1313 1906 1316 ,

422 1345 577 1400 Item.
609 1345 908 1420 Apocalyp.
938 1362 982 1405 ιι
1010 1362 1021 1402 t
1052 1345 1198 1402 Dabo
1230 1345 1430 1403 duobus
1461 1345 1676 1402 testibus
1698 1345 1848 1411 meis,
1875 1354 1926 1405 et
1962 1345 2356 1418 prophetabunt

352 1425 532 1489 diebus
563 1434 705 1491 mille
745 1434 983 1493 ducentis
1018 1435 1297 1507 sexayima
1338 1435 1528 1493 amicti
1569 1436 1755 1500 saccis,
1802 1434 2000 1493 Glossa
2043 1452 2056 1490 :
2095 1455 2120 1487 «
2156 1434 2208 1490 id
2248 1442 2350 1504 est,

351 1522 715 1596 praedicantes
738 1523 1135 1595 poenitentiam,
1165 1531 1224 1579 et
1252 1523 1499 1595 exemplo
1521 1522 1893 1579 ostendentes,
1929 1541 1956 1574 ι)

424 1611 578 1666 Item.
607 1610 727 1670 Alia
752 1609 947 1668 Glossa
976 1611 1048 1666 ibi
1078 1627 1092 1666 ε
1125 1631 1151 1662 α
1183 1610 1251 1666 Ει
1276 1609 1347 1666 ad
1370 1609 1677 1682 exemplum
1719 1623 1908 1666 eorum
1950 1607 2162 1666 debetis
2208 1613 2356 1681 praess

350 1701 558 1756 dicare.
590 1719 616 1750 ι
655 1699 736 1754 Ex
781 1713 888 1770 quo
935 1700 1133 1754 iterum
1177 1704 1365 1772 aperte
1422 1697 1674 1770 habetur,
1705 1697 1851 1774 quod
1907 1696 2108 1754 debent
2161 1697 2358 1758 vilibus

351 1787 527 1854 indui,
560 1787 831 1860 praecipue
859 1788 1234 1860 poenitentiam
1266 1786 1648 1862 praedicantes.

422 1878 579 1932 Item.
609 1875 765 1948 Quod
794 1876 977 1932 vilitas
1007 1875 1243 1932 vestium
1282 1877 1355 1932 sit
1403 1875 1718 1948 apprbanda
1744 1882 1800 1931 et
1825 1875 2140 1949 pretiositas
2165 1892 2354 1948 repro-

353 1967 566 2033 banda,
606 1972 795 2038 aperte
852 1966 1093 2022 ostendit
1146 1966 1446 2038 Gregorius
1488 1967 1542 2023 in
1589 1966 1872 2024 Humiliat
1919 1965 2087 2023 Homo
2140 1967 2354 2039 quidam

354 2063 474 2112 erat
518 2055 678 2120 dives,
728 2055 809 2111 sic
849 2055 1037 2110 dicens
1069 2073 1081 2109 :
1114 2076 1140 2108 α
1182 2056 1321 2112 Sunt
1366 2047 1634 2122 nonnulli,¹
1667 2057 1760 2128 qui
1814 2054 2021 2112 cultum
2073 2054 2355 2111 subtilium

354 2144 826 2219 pretiosarumque
860 2144 1094 2200 vestium
1117 2158 1224 2200 non
1256 2150 1451 2217 putant
1484 2159 1603 2200 esse
1637 2151 1942 2217 peccatum,
1977 2145 2122 2217 quod
2160 2145 2361 2200 videli-

355 2233 461 2299 cet,
496 2236 539 2287 si
582 2232 742 2305 culpa
789 2247 895 2290 non
939 2240 1103 2300 esset,
1152 2234 1500 2307 nequaquam
1537 2247 1717 2288 sermo
1761 2234 1857 2289 Dei
1907 2240 2019 2289 tam
2069 2233 2358 2304 vigilanter

357 2324 702 2395 exprimeret,
733 2322 879 2394 quod
917 2321 1070 2378 dives
1115 2321 1209 2394 qui
1257 2320 1619 2396 torquebatur
1648 2322 1788 2394 apud
1838 2321 2058 2390 inferOS,
2093 2322 2257 2394 bysso
2304 2328 2362 2377 et

354 2427 595 2484 purpura
628 2408 1091 2465 indutus-fuisset.
1118 2411 1291 2465 Nemo
1334 2410 1536 2482 quippe
1561 2411 1890 2467 vestimenta
1934 2411 2211 2483 praecipua
2255 2411 2358 2466 nisi

356 2500 425 2555 ad
459 2501 671 2554 inanem
700 2497 929 2569 gloriam
958 2498 1176 2572 quaerit,
1210 2497 1466 2554 videlicet
1495 2505 1555 2553 ut
1597 2497 1964 2554 honorabilior
1992 2499 2210 2554 caeteris
2242 2511 2362 2554 esse

360 2589 625 2644 videatur.
656 2588 795 2643 Nam
841 2587 969 2660 quia
1012 2601 1110 2659 pro
1159 2585 1275 2643 sola
1313 2587 1464 2643 inani
1505 2586 1680 2660 gloria
1726 2587 2113 2642 vestimentum
2150 2587 2362 2658 pretio·

356 2693 477 2735 sum
498 2677 778 2750 quaeritur,
797 2676 915 2749 ipsa
938 2691 1024 2732 res
1049 2681 1302 2743 testatur,
1335 2676 1482 2749 quod
1513 2691 1672 2732 nemo
1700 2675 1817 2731 vult
1847 2675 1922 2730 ibi
1949 2675 2202 2747 pretiosis
2230 2690 2360 2730 ves-

357 2764 505 2820 tibus
533 2765 705 2831 indui,
736 2763 826 2820 ubi
853 2765 923 2821 ab
959 2764 1083 2821 aliis
1121 2779 1226 2820 non
1258 2764 1431 2838 possit
1457 2764 1654 2822 videri.
1685 2763 1862 2834 Quam
1906 2763 2121 2837 culpam
2160 2779 2362 2836 possu-

356 2869 478 2908 mus
521 2852 710 2909 melius
747 2853 869 2910 vilis
897 2853 1235 2909 indumentis
1273 2854 1478 2910 virtute
1503 2869 1570 2910 ex
1595 2852 1811 2910 diverso
1837 2853 2112 2924 colligere,
2141 2854 2271 2926 quia
2311 2853 2359 2910 si

356 2942 591 3014 abjectio
645 2942 867 3017 pretiosi
920 2942 1222 2998 indumenti
1269 2942 1446 2998 virtus
1497 2956 1602 2996 non
1659 2950 1824 3009 esset,
1882 2941 2232 3013 Evangelista
2289 2944 2359 2998 de

355 3034 423 3088 de
446 3034 651 3089 Ioanne
678 3037 789 3087 tam
824 3030 1114 3102 vigilanter
1138 3046 1245 3086 non
1275 3031 1485 3086 diceret
1521 3046 1534 3082 :
1558 3029 1702 3086 Erat
1723 3029 1956 3087 Ioannes
1979 3030 2203 3087 indutus
2225 3029 2358 3102 pilis

355 3121 687 3176 camelorum.
706 3139 731 3196 n
1076 3114 1081 3120 ”

424 3209 619 3264 Item.1
647 3210 756 3264 Pet.
788 3223 874 3274 ιιι,
895 3211 925 3263 3
958 3225 971 3263 :
998 3223 1161 3279 super
1190 3205 1355 3263 illud:
1376 3206 1621 3274 Quarum
1647 3223 1754 3263 non
1780 3207 1850 3264 sit
1874 3206 2221 3269 extrinsecus,
2243 3212 2352 3263 etc.

355 3299 491 3355 dicit
528 3298 723 3354 Glossa
769 3297 913 3353 sicut
949 3296 1255 3370 Cyprianus
1292 3296 1370 3353 ait
1402 3313 1419 3352 t
1451 3317 1478 3349 α
1506 3297 1691 3354 Serico
1737 3304 1792 3352 et
1833 3311 2072 3369 purpura
2124 3295 2350 3362 indutoe,

354 3387 628 3444 Christum
677 3386 901 3441 induere
951 3401 1057 3440 non
1106 3390 1353 3456 possunt.
1407 3388 1555 3442 Auro
1597 3394 1652 3441 et
1697 3383 2011 3456 margaritis
2066 3389 2121 3438 et
2176 3384 2358 3439 moni-

355 3475 495 3531 libus
520 3475 820 3538 adornatae,
854 3481 1174 3530 ornamenta
1202 3473 1384 3530 cordis
1418 3480 1473 3530 et
1511 3473 1753 3546 corporis
1776 3463 2164 3545 perdiderunt..
2195 3471 2350 3540 Quod

354 3565 399 3618 si
428 3564 623 3619 Petrus
645 3560 902 3618 mulieres
940 3575 1078 3634 quas
1106 3560 1363 3618 admonet
1387 3559 1737 3629 coercendas,
1761 3573 1886 3633 quae
1921 3573 2183 3615 excusare
2223 3573 2358 3629 pos·

354 3658 480 3709 sunt
500 3650 680 3708 cultus
704 3666 832 3707 suos
855 3666 950 3722 per
978 3648 1224 3717 maritos,
1244 3655 1450 3721 quanto
1480 3648 1655 3719 magis
1680 3647 1749 3704 ad
1773 3646 2040 3720 virginem
2063 3646 2354 3704 observare

354 3739 436 3796 fas
462 3749 565 3808 est,
585 3740 672 3798 cui
704 3739 848 3797 nulla
877 3739 959 3794 sui
992 3736 1172 3794 cultus
1190 3737 1453 3810 competit
1483 3735 1680 3808 venia?
1715 3756 1740 3788 »
1766 3735 1846 3792 Ex
1871 3751 1978 3808 quo
2005 3740 2173 3808 patet,
2204 3738 2350 3810 quod

354 3830 523 3886 etiarn
563 3831 620 3886 in
655 3827 869 3887 clericis
904 3825 1077 3886 multo
1119 3826 1352 3904 amplius
1399 3825 1839 3906 reprehensibilis
1875 3831 1961 3886 est
2002 3823 2219 3886 habitus
2255 3841 2352 3885 or-

357 3927 539 3979 natus-
