2784 4392
584 287 718 333 x1v.
748 302 828 318 -
854 288 1092 333 comm
1131 289 1345 335 meua.
1394 291 1496 336 nm
1537 291 1708 338 cunr.
1755 291 1834 338 nr
1873 294 2074 338 nnuc.
2217 278 2333 338 197

328 401 463 460 tiam
504 401 627 460 doce
661 418 761 460 me.
802 404 999 476 Glossa
1030 421 1043 460 τ
1078 423 1107 458 α
1152 403 1480 470 Beniamin,
1505 403 1558 460 id
1601 411 1684 462 est
1720 405 2048 463 charitatem
2095 407 2333 480 inspira,

326 490 709 564 disciplinam,
751 492 809 548 id
849 498 934 548 est
988 492 1313 566 patientiam
1355 492 1462 562 da;
1517 491 1815 559 scientiam,
1855 493 1910 549 id
1961 503 2044 548 est
2091 499 2331 550 mentem

324 578 657 652 illumina»
682 580 923 637 Scientia
948 581 1094 638 enim
1125 581 1275 650 utilis
1300 586 1384 636 est
1414 597 1522 654 qua
1553 581 1655 636 sibi
1685 582 1846 638 homo
1875 582 2190 638 innot.·scit.

395 669 554 724 Item.
594 668 961 742 Hieronymus
1003 670 1071 725 ad
1115 666 1397 724 Rusticum
1439 669 1752 725 monachum
1785 685 1805 727 .·
1843 689 1869 722 α
1922 671 2210 742 Nunquam
2257 668 2328 724 de

326 770 493 811 manu
524 763 581 812 et
624 755 797 813 oculis
836 757 946 812 tuis
988 756 1209 813 recedat
1248 756 1405 813 liber.
1438 775 1464 808 ι)
1503 757 1572 811 Et
1600 756 1744 814 infra
1773 773 1787 813 ε
1818 777 1844 811 α
1872 761 2012 815 Ama
2042 758 2329 814 scientiam

325 844 731 916 Scripturarum
756 852 811 901 et
844 845 1025 901 carnis
1061 846 1199 902 vitia
1228 861 1333 902 non
1374 829 1607 902 amabi'S.
1642 865 1668 898 »
1698 846 1848 903 Idem
1899 846 1976 901 in.
1997 846 2235 919 Epistola
2263 846 2334 902 ad

324 930 619 988 Paulinum
658 933 969 989 monachum
1000 951 1017 990 .·
1046 954 1072 986 α
1118 933 1321 990 Sancta
1347 934 1630 990 rusticitas
1667 934 1844 1006 solum
1869 935 1971 990 sibi
2003 935 2244 1007 prodest,
2274 941 2332 991 et

328 1028 597 1092 quantum
616 1021 855 1077 aedificat
885 1038 953 1078 ex
979 1023 1107 1079 vitae
1132 1023 1331 1079 merito
1360 1023 1662 1079 Ecclesiam
1687 1023 1906 1092 Christi,
1938 1030 2119 1079 tamen
2149 1033 2329 1094 nocet,

324 1108 370 1162 si
408 1109 913 1166 contradicentibus
958 1126 1064 1166 non
1090 1111 1331 1178 resistat,
1366 1129 1391 1162 n
1434 1110 1637 1184 inquo
1685 1111 1972 1168 manifesto
2017 1118 2330 1176 sanctorum

325 1196 554 1254 scientia
585 1197 871 1270 praefertur
899 1198 1229 1271 simplicium
1254 1201 1559 1256 sanctitati.
2319 1249 2324 1254 .

298 1315 303 1318 -
395 1285 551 1341 ltem.
583 1287 642 1342 In
684 1287 875 1343 eadem
918 1288 1217 1344 numeratis
1244 1303 1420 1345 sacrae
1463 1288 1761 1362 Scripturae
1799 1287 1954 1345 libris
1987 1289 2262 1362 subjungit
2306 1308 2319 1344 ε

330 1394 357 1426 «
392 1375 499 1430 Oro
529 1383 601 1439 te,
639 1375 807 1432 frater
836 1377 1174 1448 charissime,
1204 1377 1345 1434 inter
1385 1379 1504 1435 haec
1534 1379 1736 1444 vivere,
1771 1379 1877 1435 ista
1907 1379 2163 1436 meditari
2195 1380 2324 1435 nibil

324 1461 474 1518 aliud
503 1478 681 1530 nosse,
713 1464 957 1537 nihilque
984 1466 1133 1522 aliud
1168 1480 1434 1539 quaerere.
1469 1467 1661 1521 Nonne
1705 1466 1920 1522 videtur
1960 1467 2058 1521 tibi
2093 1468 2211 1538 jam
2238 1469 2326 1525 hic

324 1549 379 1604 in
410 1539 569 1607 terris
611 1551 761 1622 regni
792 1552 1031 1608 coelestis
1060 1552 1464 1608 habitaculum?
1507 1573 1532 1604 »
1559 1553 1638 1607 Ex
1677 1568 1784 1623 quo
1827 1562 1996 1624 patet,
2029 1557 2176 1624 quod
2209 1571 2328 1612 coe·

322 1637 477 1694 lestis
498 1627 849 1696 conversatio
864 1646 947 1713 est
969 1641 1023 1694 in
1047 1641 1229 1696 studio
1256 1656 1429 1697 sacrae
1457 1641 1756 1712 Scripturae
1783 1643 2132 1696 commorari.

346 1757 350 1764 ·
394 1727 782 1800 Quodlautem
826 1727 933 1782 illis
984 1728 1077 1799 qui
1124 1728 1191 1782 ad
1229 1726 1636 1800 praedicationis
1681 1727 1918 1784 officium
1971 1729 2322 1802 deputantur,

318 1803 597 1886 praecipue
626 1815 867 1892 studium
904 1817 1309 1889 Scripturarum
1352 1817 1661 1881 conveniat,
1693 1821 1854 1889 'patet
1876 1834 1974 1889 per
2002 1815 2137 1873 illud
2180 1820 2326 1890 quod

322 1903 458 1958 dicit
499 1903 813 1975 ApostoluS‚
842 1906 866 1960 I
903 1903 1141 1960 Timoth.
1194 1899 1273 1970 lv,
1302 1907 1369 1958 43
1404 1922 1416 1957 :
1450 1905 1593 1960 Dum
1625 1904 1796 1968 venio,
1837 1905 2052 1961 attende
2091 1906 2324 1972 lectioni,

323 1991 704 2057 eoehortationi,
730 1999 783 2048 et
815 1992 1093 2050 doctrinae.
1124 1992 1205 2047 Ex
1234 2009 1343 2066 quo
1370 1999 1539 2063 patet,
1575 1992 1720 2065 quod
1745 1993 2021 2071 exhortari
2047 2002 2100 2051 et
2126 1995 2324 2051 docere

324 2079 631 2136 volentibus
660 2079 1025 2136 necessarium
1056 2089 1139 2136 est
1164 2081 1408 2136 studium
1437 2081 1705 2138 lectioniS.

394 2169 552 2224 Item.
595 2169 959 2241 Hieronymus
995 2169 1066 2224 ad
1106 2165 1387 2224 Rusticum
1422 2171 1732 2225 monachum
1762 2186 1780 2226 .·
1811 2190 1837 2222 «
1879 2171 2047 2226 Multo
2084 2178 2326 2244 tempore

324 2256 474 2313 disce
507 2273 632 2330 quae
659 2256 1004 2331 postmodum
1035 2258 1251 2324 doceaS,
1289 2277 1313 2308 υ
1347 2265 1403 2312 et
1450 2258 1593 2313 idem
1624 2258 1690 2312 ad
1731 2259 1984 2314 eumdem
2019 2277 2032 2312 :
2068 2279 2094 2312 τε
2125 2259 2181 2316 Si
2210 2261 2326 2316 cle-

324 2346 531 2402 ricatus
558 2351 610 2400 to
637 2345 825 2401 titillat
848 2345 1199 2412 desiderium,
1234 2345 1415 2401 discas
1438 2345 1583 2417 quod
1614 2346 1789 2417 possis
1817 2345 2032 2402 docere.
2073 2367 2098 2398 n

395 2435 553 2490 Item.
580 2434 878 2505 Gregorius
903 2433 965 2488 in
986 2433 1261 2490 Pastorali
1290 2450 1307 2489 :
1337 2453 1361 2486 <t
1382 2433 1652 2489 Nimirum
1680 2449 1902 2489 necesse
1929 2441 2031 2502 est,
2056 2444 2116 2490 ut
2141 2437 2235 2508 qui
2256 2436 2326 2492 ad

324 2521 730 2594 praedicationis
774 2521 1013 2578 officium
1068 2521 1339 2578 excubant
1385 2537 1418 2578 a
1460 2537 1634 2578 sacrae
1688 2521 1939 2577 lectionis
1994 2523 2176 2580 studio
2219 2541 2326 2580 non

321 2610 604 2667 recedant.
640 2629 668 2663 »

393 2700 551 2756 Item.
582 2698 709 2756 Vita
736 2698 1116 2770 religiosorum
1144 2699 1418 2772 praecipue
1458 2698 1526 2755 ad
1557 2697 2072 2772 contemplationem
2104 2700 2327 2757 ordina-

320 2793 431 2848 tur,
453 2788 549 2844 sed
572 2803 702 2858 pars
725 2787 1201 2861 contemplationis
1219 2794 1301 2844 est
1320 2788 1501 2855 lectio,
1526 2795 1587 2844 ut
1611 2789 1766 2859 Hugo
1795 2788 1863 2844 de
1881 2789 2084 2845 Sancto
2107 2788 2329 2846 Victore

320 2875 477 2932 dicit.
509 2876 653 2950 Ergo
681 2875 952 2947 religiosis
976 2875 1159 2932 studio
1182 2891 1380 2934 vacare
1409 2878 1691 2950 competit.

391 2967 551 3021 Item.
582 2965 667 3021 Illi
702 2964 980 3038 praecipue
1017 2970 1145 3020 sunt
1174 2965 1243 3020 ad
1280 2965 1570 3022 scientiam
1603 2965 1924 3037 capiendam
1966 2965 2148 3023 idonei
2177 2966 2273 3039 qui
2297 2983 2330 3024 a

318 3053 635 3111 carnalibus
662 3053 811 3110 curis
839 3053 1012 3126 magis
1048 3057 1175 3108 sunt
1198 3054 1459 3126 separati,
1487 3053 1593 3110 Isa.
1622 3069 1837 3121 xxvm,
1865 3058 1897 3109 9
1927 3071 1940 3108 ε
1974 3055 2136 3120 Quem
2177 3055 2331 3110 doce-

322 3141 403 3200 bit
424 3141 701 3200 scientiam
723 3149 773 3200 et
801 3133 951 3214 quem
968 3141 1261 3214 intelliqere
1276 3141 1441 3214 faciet
1463 3141 1706 3198 auditum
1723 3141 1752 3196 P
1779 3140 2084 3198 Abluctatos
2115 3157 2148 3196 a
2177 3142 2329 3207 lacte,

315 3231 575 3304 parvulos
598 3231 663 3286 ab
692 3230 939 3287 uberibus
950 3247 969 3298 ‚·
992 3238 1048 3286 et
1070 3231 1374 3286 Comment.
1397 3229 1532 3286 dicit
1552 3231 1605 3284 in
1628 3245 1711 3286 vu
1739 3229 1900 3301 Phys,
1931 3229 2078 3302 quod
2103 3249 2129 3282 α
2157 3230 2330 3286 casti-

322 3325 410 3375 tas
451 3326 509 3374 et
552 3319 675 3376 aliae
710 3319 944 3376 virtutes
980 3319 1180 3392 quibus
1218 3318 1678 3391 concupiscentiae
1715 3318 1896 3375 carnis
1938 3317 2328 3390 reprimuntur,

320 3408 599 3481 praecipue
639 3407 826 3468 valent
867 3408 936 3464 ad
971 3408 1333 3480 acquirendas
1376 3408 1637 3464 scientias
1681 3405 2067 3479 speculativas
2104 3424 2150 3457 ·›>
2194 3407 2331 3462 Cum

320 3496 492 3568 igitur
526 3496 765 3568 religiosi
796 3495 1257 3568 concupiscentiae
1288 3497 1471 3552 carnis
1511 3495 1798 3552 domandae
1828 3493 2001 3564 magis
2029 3494 2332 3550 inserviant

319 3601 420 3658 per
448 3587 845 3643 continentiam
869 3591 925 3642 et
954 3582 1340 3641 abstinentiam
1361 3583 1442 3639 eis
1463 3581 1735 3656 praecipue
1758 3581 2001 3638 studium
2026 3581 2332 3640 litterarum

320 3675 609 3749 competit.
1310 3729 1315 3736 .

391 3765 553 3820 Item.
585 3763 743 3834 Quod
778 3776 883 3818 non
928 3759 1105 3818 solum
1134 3758 1317 3816 studio
1346 3759 1652 3817 litterarum
1693 3775 1994 3826 sacrarum,
2023 3759 2118 3816 sed
2163 3760 2332 3818 etiam
2381 3756 2385 3760 ’

318 3853 508 3911 studio
530 3852 840 3912 litterarum
861 3849 1207 3909 saecularium
1246 3848 1592 3908 laudabiliter
1623 3863 1819 3909 vacare
1852 3847 2079 3922 possint,
2104 3865 2332 3922 expres-
