2784 4392
429 253 546 316 104
677 301 680 304 .
904 269 956 314 s.
999 268 1238 312 ‘rnomffl
1277 267 1605 316 AQUINATIS
1647 267 1958 310 croscum
2038 278 2045 286 ·

430 393 667 458 quatuor
692 385 1004 444 sacerdotes
1026 383 1427 450 constituendo,
1448 390 1508 438 ut
1532 383 1703 454 magis
1727 390 1907 455 posset
1931 382 2143 456 populis
2168 383 2437 454 expediri,

436 483 500 530 ut
529 482 682 553 patet
705 475 726 532 Ι
753 475 987 548 Paralip.
1015 491 1169 531 xxm
1195 481 1248 529 et
1275 490 1438 532 xxiv.
1464 472 1724 530 Similiter
1746 473 1942 542 legitur
1963 470 2031 526 de
2056 470 2339 527 Ezechiele
2366 487 2435 537 ιι,

435 565 672 638 Paralip.
701 581 844 630 xxx,
877 569 909 619 6
940 580 959 622 .·
986 563 1357 619 Perreoeerunt
1389 577 1627 616 cursores
1657 578 1771 616 cum
1798 559 2031 632 epistolis
2065 577 2129 615 ex
2160 558 2301 632 reyis
2328 559 2442 614 im·-

427 653 600 724 peria,
635 661 686 724 et
723 653 1036 726 principum
1079 653 1191 723 ejiis
1237 651 1290 706 in
1323 651 1631 706 universum
1662 650 1831 706 Israel
1859 655 1908 704 et
1942 645 2162 713 Iudam,
2186 649 2352 719 jud-ta
2380 647 2442 704 id

430 742 570 814 quod
585 759 683 798 rex
693 743 932 814 ‚iusserat
952 739 1329 814 proedicantes,
1343 738 1485 796 Filii
1509 739 1679 810 Israel
1704 736 2038 796 revertimini
2054 737 2126 792 ad
2151 737 2442 794 Dominum

433 831 624 896 Deum,
651 838 760 888 etc.
792 834 1062 888 Assuerus
1101 830 1266 884 etiam
1303 829 1521 883 nuntios
1551 827 1757 884 celeres
1790 826 1934 880 misit
1976 843 2073 898 per
2104 826 2435 896 provinciaS,

429 920 524 990 qui
566 919 881 975 nuntiarent
913 917 1296 975 liberationum
1335 915 1520 991 populi
1562 906 1679 982 Dei,
1715 925 1775 970 ut
1819 915 2017 986 legitur
2045 913 2258 979 Esther,
2305 929 2438 969 viu.

404 1008 571 1081 >Ergo
615 1007 786 1060 multo
826 1007 1000 1076 magis
1047 1006 1403 1061 saluberrime
1450 1004 1552 1061 hoc
1598 1004 1714 1058 fieri
1749 1012 1946 1074 potest,
1993 1010 2053 1058 ut
2096 1003 2217 1058 aliis
2268 1017 2440 1074 quam

429 1095 808 1151 saceidotibus
837 1094 1235 1166 paiocbialibus
1262 1093 1746 1192 praedicati-onibus
1767 1092 2004 1148 officium
2034 1092 2434 1158 committatur,

429 1191 486 1240 et
515 1183 621 1239 alia
651 1199 774 1256 quae
803 1183 1077 1255 pertinent
1107 1183 1173 1238 ad
1206 1183 1437 1239 salutem
1470 1183 1795 1238 animarum.

412 1321 416 1327 .
498 1273 656 1328 Item.
685 1271 1024 1341 Gregorius
1012 1287 1066 1325 m
1093 1287 1146 1336 v,
1171 1271 1411 1328 Humilia
1440 1271 1630 1343 primae
1662 1272 1831 1342 partis
1850 1286 2011 1341 super
2038 1268 2231 1324 Ezecb.
2264 1269 2435 1324 dicit:

433 1382 458 1414 α
492 1363 558 1416 Hi
583 1363 673 1434 qui
702 1361 1008 1416 animarum
1032 1359 1286 1416 custodes
1315 1365 1461 1426 sunt,
1486 1366 1540 1414 et
1564 1359 1818 1430 pascendi
1851 1359 2031 1429 gregis
2058 1373 2221 1413 onera
2244 1375 2442 1414 susce·-

431 1459 646 1524 perunt,
675 1457 888 1507 mutare
919 1448 1038 1525 loca
1087 1449 1306 1503 minime
1343 1449 1757 1520 permittunt-ur.
1784 1447 1851 1502 Hi
1898 1456 2082 1505 autem
2126 1448 2219 1520 qui
2251 1464 2443 1504 amore

429 1539 648 1610 Domini
675 1539 728 1594 in
760 1539 1148 1612 praedicatione
1179 1537 1512 1612 discurrunt,
1549 1543 1684 1594 rotae
1713 1539 1831 1608 ejus
1871 1537 2009 1608 ignis
2044 1537 2241 1592 ardens
2284 1545 2436 1602 sunt,

431 1628 561 1698 quia
592 1644 718 1684 cum
737 1644 804 1682 ex
828 1629 946 1698 eJus
974 1625 1242 1702 desiderio
1287 1642 1380 1698 per
1423 1625 1593 1680 varia.
1616 1625 1732 1680 loco
1779 1625 2112 1704 discurrunt,
2147 1625 2295 1682 unde-
2334 1627 2437 1697 ipsi

433 1717 627 1772 ardent
658 1723 713 1770 et
742 1716 880 1770 alios
907 1713 1220 1769 incendunt.
1255 1714 1376 1768 »Ex
1402 1729 1509 1786 quo
1538 1721 1703 1784 patet,
1736 1713 1879 1786 quod
1912 1715 2237 1769 conveniens
2262 1723 2347 1770 est
2377 1721 2440 1768 ut

434 1811 637 1874 praeter
677 1811 918 1858 rectores
949 1801 1314 1856 Ecclesiarum
1352 1803 1446 1872 qui
1486 1802 1727 1858 resident
1768 1801 1821 1855 in
1866 1803 1978 1856 suis
2012 1802 2288 1868 Ecclesiis,
2315 1803 2441 1859 aliis

423 1888 846 1960 praedicationis
862 1889 1097 1944 officium
1113 1889 1506 1956 committatur,
1524 1891 1615 1962 qui
1633 1906 1725 1962 per
1742 1891 1957 1946 diversa
1974 1890 2089 1946 loca
2106 1891 2438 1950 discurrant.

424 1967 430 1976 ⁶
509 1979 666 2034 Item.
698 1978 857 2048 Quod
885 1977 987 2032 hoc
1019 1977 1149 2032 utile
1179 1977 1251 2054 sit
1279 1983 1334 2031 et
1363 1976 1601 2045 salubre,
1633 1978 1768 2034 satis
1796 1979 2107 2036 manifestat
2150 1981 2442 2052 occupatio

432 2077 705 2122 rectorum
736 2065 1014 2135 Ecclesiae,
1045 2081 1181 2138 quos
1211 2066 1266 2119 in
1293 2065 1419 2121 aliis
1449 2066 1611 2124 rebus
1634 2067 1737 2140 piis
1764 2074 1819 2122 et
1843 2067 2243 2124 Ecclesiasticis
2272 2084 2444 2140 opor—

436 2162 515 2210 tet
539 2155 850 2228 frequenter
884 2156 1162 2226 occupari,
1189 2170 1312 2210 cum
1347 2161 1529 2210 tamen
1568 2162 1815 2230 oporteat
1840 2155 2258 2226 praedicatorem
2288 2158 2444 2214 verbi

433 2245 534 2302 Dei
561 2245 630 2301 ab
671 2244 815 2300 omni
847 2245 954 2300 alia
995 2245 1352 2323 occupatione
1381 2243 1611 2299 liberum
1641 2261 1781 2300 esse.
1823 2246 1973 2301 Unde
2004 2246 2248 2317 Apostoli
2280 2247 2446 2302 dixe—

437 2340 567 2388 runt
593 2337 850 2400 Actuum,
876 2349 953 2399 v1,
982 2338 1050 2390 2:
1079 2328 1206 2389 Non
1225 2339 1300 2390 est
1323 2349 1535 2404 oequum
1560 2349 1651 2388 nos
1688 2333 2050 2405 derelinquere
2071 2349 2165 2388 ver
2168 2333 2287 2390 imm
2315 2335 2442 2400 Dei,

438 2421 823 2481 etministrare
845 2422 1058 2480 mensis.
1093 2422 1246 2478 Unde
1291 2428 1459 2492 patet,
1494 2421 1639 2493 quod
1668 2423 1804 2477 satis
1834 2423 2199 2478 necessarium
2237 2432 2321 2479 est
2346 2439 2447 2480 eos

437 2511 504 2566 ab
533 2512 695 2567 aliis
675 2513 880 2583 juvari.

506 2601 658 2656 Hanc
681 2601 849 2655 etiam
877 2600 1260 2657 necessitatem
1285 2598 1534 2656 maxime
1565 2598 1803 2655 ostendit
1827 2599 2101 2671 imperitia
2144 2600 2447 2656 multorum

435 2687 802 2752 sacerdotum,
835 2689 930 2758 qui
959 2688 1013 2741 in
1043 2687 1336 2760 aliquibus
1360 2687 1609 2760 partibus
1639 2688 1775 2744 adeo
1806 2688 2120 2759 ignorantes
2148 2690 2450 2744 inveniun-

438 2784 545 2840 tur,
576 2782 636 2829 ut
681 2790 779 2830 nec
821 2775 987 2832 etiam
1040 2775 1184 2848 loqui
1218 2777 1451 2833 latinum
1479 2778 1677 2832 sciant.
1725 2776 2040 2832 Paucissimi
2074 2779 2238 2834 etiam
2285 2780 2453 2834 inve-

436 2864 680 2928 niuntur,
732 2863 823 2934 qui
874 2878 1087 2919 sacram
1145 2865 1484 2936 scripturam
1530 2864 1841 2931 didicerint,
1888 2873 1940 2919 et
1986 2872 2167 2921 tamen
2226 2876 2451 2938 oportet

437 2951 852 3023 praedicatorem
884 2951 1034 3007 verbi
1057 2953 1198 3007 Dei
1185 2970 1240 3008 in
1271 2969 1427 3010 sacra
1456 2955 1735 3026 Scriptura
1762 2954 2087 3010 instinctum
2117 2971 2255 3010 esse.
2288 2955 2451 3012 Unde

436 3025 570 3097 satis
597 3046 848 3112 apertum
877 3046 960 3095 est
991 3028 1220 3096 multum
1245 3043 1409 3098 saluti
1446 3040 1687 3098 fidelium
1712 3042 1945 3108 detrahi,
1976 3044 2023 3102 si
2053 3043 2230 3099 solum
2254 3060 2452 3100 sacer-

439 3129 656 3188 dotibus
682 3127 1084 3201 parochialibus
1113 3134 1362 3186 verbum
1371 3131 1467 3186 Dei
1499 3131 1861 3202 relinquatur.

504 3218 565 3274 In
596 3217 1039 3277 confessionibus„
1055 3226 1238 3274 autem
1274 3219 1563 3287 audiendis
1592 3234 1700 3276 non
1729 3219 1903 3275 minor
1932 3222 2233 3277 necessitas
2266 3239 2450 3294 appa·-

435 3314 520 3367 ret
563 3317 785 3383 propter
834 3308 1198 3378 ignorantiam
1244 3307 1543 3363 multorum
1593 3308 1958 3374 sacerdotum,
2000 3325 2126 3381 quae
2169 3312 2453 3382 periculo-

437 3398 650 3452 sissima
681 3404 764 3456 est
791 3397 848 3451 in
877 3395 1308 3452 confessionibus
1338 3397 1645 3453 audiendis.
1674 3398 1827 3452 Unde
1856 3399 2193 3466 Augustinus
2222 3399 2275 3453 in
2309 3398 2453 3455 libro

435 3485 514 3539 De
541 3485 886 3542 penitentia.-
920 3506 944 3536 «
976 3484 1080 3552 Qui
1108 3483 1221 3540 vult
1241 3485 1499 3540 confiteri
1531 3493 1755 3557 peccata
1784 3501 1902 3552 sua,
1934 3494 1994 3540 ut
2042 3487 2283 3542 inveniat
2314 3503 2446 3558 gra·

437 3571 590 3636 tiam,
645 3579 856 3644 quaeret
895 3570 1235 3628 sacerdotem
1283 3573 1547 3628 scientem
1594 3572 1781 3644 ligare,
1830 3579 1886 3626 et
1934 3571 2165 3637 solvere,
2216 3589 2281 3627 ne
2322 3589 2454 3630 cum

436 3657 716 3726 negligens
747 3659 892 3714 circa
923 3672 979 3712 se
1018 3659 1280 3724 extiterit,
1315 3660 1621 3732 negligatur
1666 3660 1735 3715 ab
1764 3659 1874 3724 illo,
1910 3659 2003 3730 qui
2054 3675 2177 3714 eum
2228 3661 2458 3716 miseri-

437 3744 678 3801 corditer
704 3753 886 3800 movet
911 3751 966 3801 et
991 3747 1148 3817 petit,
1177 3763 1244 3802 ne
1284 3748 1445 3808 ambo
1474 3749 1530 3804 in
1554 3748 1765 3804 foveam
1796 3747 2015 3816 cadant,
2048 3764 2213 3820 quam
2246 3749 2458 3807 stultus

436 3833 644 3891 evitare
670 3833 861 3890 noluit.
899 3854 926 3888 i>
2431 3859 2439 3864 ·
