2784 4392
493 248 612 315 174
751 290 756 295 -
964 266 1024 315 s.
1061 265 1300 313 moun
1337 262 1669 319 sommus
1708 262 2019 313 ornacum

561 382 645 441 Ad
669 382 942 443 decimum
966 383 1279 452 dicendum,
1311 383 1459 459 quod
1488 400 1597 440 non
1632 386 1719 441 est
1750 380 2141 441 inconveniens
2162 380 2319 449 illud,
2352 378 2517 455 qnod

491 470 656 529 alicui
678 472 840 530 datur
863 489 962 547 pro
986 472 1254 541 mercede,
1282 474 1443 531 alteri
1463 472 1585 529 dari
1604 472 1777 545 gratis
1796 478 1852 528 et
1876 471 2327 528 misericorditer.
2344 470 2515 527 Unde

491 559 672 616 victus
693 560 788 634 qui
809 560 1152 618 ministratur
1166 560 1621 635 praedicatoribus
1644 559 1802 633 quasi
1827 559 2014 616 debita
2033 573 2247 615 merces
2274 556 2508 625 labor-13,

491 656 674 721 potest
699 649 955 707 omnibus
993 649 1326 723 pauperibus
1351 649 1801 717 misericorditer,
1826 655 1883 706 et
1911 648 2192 707 meritorie
2213 646 2360 715 dari,
2388 661 2511 703 nou

493 742 555 792 ut
577 737 764 795 debita
788 753 1015 806 merces,
1045 738 1145 795 sed
1169 738 1326 811 quasi
1349 737 1659 795 subsidium
1685 736 1998 796 charitatis.

564 828 648 885 Ad
677 829 1024 887 undecimum
1051 828 1363 897 dicendum,
1398 829 1545 903 quod
1580 828 1758 902 mejus
1786 828 2047 885 damnum
2071 827 2409 905 sequebatur
2432 843 2509 883 cx

496 916 886 989 praedicatione
909 918 1511 995 pseudoapostolorum,
1546 918 1745 991 quibus
1772 914 2111 993 praedicandi
2153 918 2509 973 occasionem

495 1005 789 1077 Apostolus
828 1006 1112 1065 auferebat
1156 1007 1226 1065 de
1265 1007 1578 1079 sumptibus
1628 1005 1874 1063 fidelium
1923 1022 2033 1063 non
2078 1005 2337 1069 videndo,
2378 1020 2507 1061 cum

497 1095 772 1151 contraria
797 1094 921 1151 fidei
946 1096 1328 1168 praedicarent,
1355 1111 1522 1171 quam
1537 1095 1607 1153 de
1628 1094 1733 1153 hcc
1756 1094 1902 1170 quod
1923 1092 2215 1167 Apostolus
2238 1110 2302 1151 se
2328 1093 2507 1151 labori

501 1200 758 1243 manuum
785 1187 1102 1259 implicabat
1126 1188 1196 1245 de
1219 1188 1443 1263 proprio
1470 1187 1656 1245 labore
1680 1187 1890 1243 vivens.
1914 1186 2073 1245 Nunc
2100 1192 2287 1241 autem
2307 1200 2341 1239 e
2368 1199 2509 1239 con-

498 1290 677 1343 verso,
706 1275 836 1349 quia
877 1278 1051 1347 major
1089 1276 1365 1349 profectus
1407 1282 1493 1333 est
1520 1272 1781 1332 Ecclesiae
1822 1272 2075 1331 fidelibus
2096 1272 2167 1329 de
2194 1272 2317 1339 hoc,
2352 1272 2505 1345 quod

500 1362 670 1436 aliqui
695 1363 1002 1436 exemplum
1020 1363 1346 1421 humilitatis
1371 1362 1614 1438 praebent
1638 1364 1693 1420 in
1720 1365 2045 1437 paupertate
2068 1367 2124 1417 et
2146 1361 2510 1417 mendicitate

499 1452 736 1509 vivendo
758 1452 1066 1511 voluntarie
1089 1461 1310 1528 propter
1338 1452 1635 1519 Christum,
1662 1457 1718 1507 et
1742 1452 1971 1509 dimisso
1996 1450 2185 1506 labore
2213 1466 2504 1517 manuum,

501 1541 818 1617 occupando
841 1557 900 1599 se
941 1542 997 1599 in
1033 1542 1120 1599 his
1159 1558 1286 1619 quae
1314 1542 1589 1616 pertinent
1614 1541 1684 1597 ad
1716 1539 1954 1597 salutem
1983 1540 2311 1606 animarum,
2338 1554 2507 1611 quam

501 1637 765 1707 sequatur
800 1631 1059 1689 damnum
1095 1632 1162 1687 de
1199 1630 1306 1687 hoc
1351 1630 1499 1705 quod
1546 1626 1715 1702 aliqui
1760 1628 1996 1703 turpiter
2030 1628 2101 1683 de
2142 1627 2507 1703 eleemosynis

505 1722 691 1777 vivere
720 1720 927 1789 volunt,
955 1727 1012 1776 ot
1052 1721 1176 1776 ideo
1205 1736 1310 1777 non
1351 1719 1555 1777 debent
1583 1717 1849 1774 desistere
1891 1732 2161 1792 pauperes
2190 1716 2399 1773 Christi
2440 1716 2509 1773 ab

504 1809 606 1865 hoc
627 1808 770 1882 quod
801 1809 871 1863 de
896 1809 1256 1881 eleemosynis
1284 1810 1474 1865 vivant
1504 1813 1567 1864 ut
1590 1805 1713 1864 aliis
1739 1808 2083 1865 occasionem
2108 1806 2383 1865 auferant.

574 1897 658 1953 Ad
681 1896 1066 1952 duodecimum
1089 1896 1400 1963 dicendum,
1429 1896 1573 1969 quod
1604 1896 1750 1967 apud
1777 1894 1996 1953 Judaeos
2025 1894 2366 1953 consuetudo
2388 1900 2509 1971 erat

506 1990 568 2039 ut
603 1982 920 2039 doctoribus
966 1982 1038 2038 ab
1076 1980 1201 2037 aliis
1241 1981 1488 2039 subsidia
1522 1982 1657 2039 vita)
1698 1982 2144 2039 ministrarentur
2174 1998 2189 2037 t
2221 1981 2303 2039 ita
2338 1984 2509 2039 etiam

505 2074 650 2129 inter
675 2076 902 2128 cunctos
924 2070 1113 2127 fideles
1137 2070 1190 2125 in
1214 2070 1667 2127 consuetudinem
1687 2071 1840 2128 venit
1869 2070 2150 2143 divulgata
2176 2070 2509 2143 Evangelica

507 2160 774 2230 doctrina,
805 2176 930 2235 quae
963 2159 1068 2217 hoc
1103 2159 1398 2237 ordinavit,
1426 2160 1570 2217 unde
1612 2160 1715 2217 etsi
1761 2176 1795 2219 a
1823 2159 2091 2232 principio
2134 2161 2508 2217 conversionis

505 2251 765 2323 gentium,
820 2248 1038 2324 quando
1084 2248 1263 2306 adhuc
1301 2249 1356 2305 in
1399 2248 1657 2321 gentibus
1695 2248 1798 2305 hoc
1838 2263 1944 2304 non
1989 2255 2315 2306 consuetum
2364 2258 2501 2320 erat,

505 2338 855 2412 dimittebant
895 2345 1146 2411 sumptus
1198 2338 1446 2413 accipere
1480 2342 1705 2412 propter
1745 2336 2085 2405 scandalum,
2132 2354 2278 2394 nunc
2326 2345 2504 2400 tamen

506 2429 608 2484 hoc
635 2426 970 2494 scandalum,
1003 2442 1146 2483 nunc
1176 2432 1358 2483 tamen
1381 2426 1485 2483 hoc
1508 2426 1824 2484 scandalum
1851 2442 1959 2483 non
1984 2432 2067 2483 est
2092 2426 2419 2495 timendum,
2454 2438 2507 2487 et

505 2516 777 2591 praecipue
825 2516 877 2573 in
916 2516 1024 2572 illis
1051 2516 1145 2591 qui
1175 2516 1391 2573 modico
1421 2516 1570 2573 victu
1620 2522 1675 2571 et
1722 2517 1927 2595 vestitu
1968 2521 2097 2571 sunt
2133 2519 2404 2587 contenti,
2436 2519 2504 2575 de

503 2623 611 2679 quo
641 2606 809 2662 multo
839 2606 1021 2679 plures
1045 2606 1407 2675 aediflcantur,
1439 2621 1603 2678 quarn
1630 2603 2093 2661 scandalizantur.
2121 2605 2226 2677 Qui
2265 2605 2412 2661 enim
2441 2607 2506 2663 de

503 2694 606 2749 hoc
630 2693 1090 2760 scandalizantur,
1123 2692 1521 2750 Pharisaeorum
1556 2693 1873 2749 scandalum
1908 2680 2013 2749 sibi
2044 2692 2334 2761 inducunt,
2364 2694 2503 2767 quod

503 2780 766 2836 Dominus
805 2781 1200 2853 parvipendere
1236 2781 1413 2853 jubet,
1458 2782 1649 2847 Matth.
1697 2799 1794 2839 xv,
1840 2784 2008 2847 Secus
2050 2787 2237 2838 autem
2282 2790 2427 2839 esset
2460 2784 2503 2839 si

503 2868 904 2942 eleemosynam
949 2869 1259 2941 acciperent
1290 2886 1392 2926 non
1432 2871 1607 2929 solum
1642 2872 1709 2927 ad
1752 2872 2137 2935 necessitatem
2175 2871 2381 2941 victuS,
2412 2872 2502 2929 sed

503 2958 572 3014 ad
603 2956 750 3013 laute
769 2952 1086 3024 vivendum,
1119 2957 1204 3015 vel
1236 2958 1303 3015 ad
1325 2959 1548 3023 divitias
1577 2960 2005 3033 congregandas

569 3046 654 3103 Ad
701 3044 972 3101 decimum
1022 3046 1242 3103 tertium
1285 3047 1595 3116 dicendum,
1628 3049 1774 3125 quod
1814 3049 2004 3105 eadem
2043 3048 2258 3112 ratione
2288 3048 2502 3123 probari

499 3143 684 3210 posset
709 3134 853 3210 quod
882 3134 1164 3207 virginitas
1213 3152 1316 3193 non
1361 3138 1436 3191 sit
1478 3137 1637 3204 bona,
1667 3138 1796 3213 quia
1824 3137 1927 3194 hoc
1968 3137 2338 3215 Hieronymus
2374 3138 2503 3194 dicit

500 3232 687 3283 contra
726 3224 1078 3297 Viyilantium
1124 3225 1442 3298 praedictam
1486 3226 1752 3282 rationem
1793 3226 2128 3283 facientem:
2161 3247 2187 3280 α
2216 3228 2274 3284 Si
2320 3242 2503 3283 omnes

497 3314 736 3386 virgines
759 3314 980 3381 fuerint,
1012 3314 1218 3385 nuptiae
1257 3330 1367 3369 non
1411 3323 1589 3380 erunt,
1623 3314 1865 3373 interibit
1910 3315 2214 3373 humanum‘
2240 3334 2444 3389 genus;
2476 3332 2500 3367 n

497 3410 553 3459 et
579 3402 719 3459 infra
751 3418 764 3457 z
795 3423 821 3455 α
845 3403 988 3459 Rara
1014 3409 1097 3457 est
1128 3403 1322 3469 virtus,
1353 3417 1455 3458 nec
1480 3419 1511 3458 a
1558 3403 1802 3475 pluribus
1849 3406 2144 3480 appetitur,
2178 3411 2349 3479 atque
2397 3406 2503 3459 uti-

492 3507 623 3548 nam
644 3491 744 3547 hoc
773 3506 960 3547 omnes
989 3496 1170 3549 essent
1194 3491 1339 3564 quod
1370 3492 1529 3564 pauci
1560 3497 1703 3560 sunt,
1726 3496 1794 3549 de
1836 3494 2033 3569 quibus
2069 3494 2279 3551 dicitur
2312 3512 2324 3549 :
2354 3481 2499 3549 Multi

499 3586 624 3634 sunt
648 3582 850 3648 vocati,
883 3580 1041 3653 pauci
1089 3594 1217 3635 vero
1263 3579 1443 3637 electi.
1480 3600 1506 3633 »
1536 3581 1615 3637 Ex
1654 3598 1761 3655 quo
1802 3588 1957 3657 patet
1998 3582 2200 3643 solutio
2227 3584 2503 3661 praedictae

499 3666 837 3737 objectionis·
862 3666 1041 3739 Opera
1066 3668 1211 3723 enim
1237 3668 1585 3741 perfectionis
1614 3676 1782 3728 tantae
1806 3670 2145 3727 difficultatis
2176 3678 2327 3741 sunt,
2362 3670 2501 3749 quod

487 3761 796 3823 'paucorum
819 3760 902 3810 est
931 3770 989 3810 se
1018 3756 1086 3811 ad
1117 3772 1182 3812 ea
1215 3758 1529 3813 extendere.
1556 3760 1670 3817 Nec
1694 3760 1981 3827 dicendum
2023 3760 2197 3833 quod
2202 3761 2502 3843 timendum

501 3837 574 3905 sit
602 3840 746 3918 quod
775 3840 904 3909 dum
928 3856 1115 3914 omnes
1142 3841 1221 3913 eis
1245 3842 1530 3917 inhaerent,
1562 3847 1795 3923 mundus
1821 3854 2029 3933 pereat,
2166 3858 2171 3863 “
