2784 4392
398 341 447 384 u
1000 387 1007 392 ,
1111 342 1391 384 »zoarum
1434 343 1706 386 Emmaus

406 473 553 516 mss.
584 471 873 514 consensu
924 453 1199 518 laudatus
1240 455 1329 514 De
1372 455 1620 526 Rubeis‚
1660 454 1770 533 Op.
1820 457 1928 519 cit.
1977 459 2218 519 dissert.
2252 478 2404 534 xxm,

404 571 538 630 cap.
566 570 611 625 1,
646 552 745 611 ubi
773 552 940 612 addit
965 567 981 612 t
1008 571 1045 611 «
1069 553 1314 612 Partem
1340 553 1628 627 reliquam
1656 552 1793 611 libri
1824 554 1882 612 II
1909 556 2236 631 complesse
2263 559 2406 618 Pto-

398 652 681 711 lomaeum
726 650 1081 722 Lucensem‚
1115 649 1289 725 idque
1334 649 1530 725 egisse
1560 650 1755 726 ipsum
1803 668 1879 709 ex
1923 651 2169 713 Thomae
2213 655 2402 730 Aqui-

402 750 559 808 natis
602 748 860 822 schedia,
892 747 1395 806 verisimillimum
1444 751 1558 806 est.
1592 764 1629 806 »
1666 748 1758 805 An
1794 765 1939 807 vero
1979 749 2200 810 librum
2229 751 2318 810 111
2347 763 2408 811 et

398 845 621 904 librum
662 845 748 903 IV
796 845 953 903 idem
1000 848 1209 902 auctor
1248 843 1566 916 addiderit,
1599 844 1748 904 satis
1791 845 2034 904 dubium
2065 849 2179 907 est.
2213 847 2406 907 Trac-

400 929 565 984 tatus
610 925 709 986 Do
755 923 1042 1001 reyimine
1080 922 1432 1000 principum
1478 929 1828 984 numeratur
1869 924 2190 986 vicesimus
2247 927 2410 987 inter

401 1020 689 1100 opuscula
726 1021 915 1079 sancti
946 1021 1213 1080 Thomae.

480 1119 575 1177 Ad
618 1119 839 1176 calcem
870 1118 1109 1176 tandem
1148 1117 1327 1193 huJus
1356 1115 1678 1176 voluminis
1725 1119 1818 1192 (ne
1855 1136 1892 1176 a
1933 1119 2406 1194 praecedentibus

405 1215 762 1291 paginarum
790 1232 1037 1273 numero
1062 1214 1263 1290 dispar
1292 1214 1469 1289 esset)-
1499 1215 1612 1272 duo
1637 1232 1824 1290 parva
1850 1217 2276 1276 commentaria
2302 1218 2405 1276 ad·

400 1296 681 1386 jecimus}
724 1311 974 1384 scilicet,
1006 1310 1467 1388 Expositionem
1503 1311 1778 1386 Angelici
1805 1311 1872 1371 in
1897 1310 1946 1372 I
1979 1316 2034 1373 et
2077 1311 2166 1372 II
2185 1313 2396 1376 Decre-

412 1411 593 1473 talem
622 1411 740 1490 (ed.
773 1428 927 1470 rom.
961 1429 1163 1488 opusc.
1209 1427 1360 1469 xxm
1389 1413 1452 1467 et
1481 1407 1681 1486 xxiv).
1734 1408 1844 1466 His
1890 1411 2268 1470 enarratione
2297 1427 2406 1470 sua

409 1509 677 1568 illustrat
712 1512 950 1568 sanctus
1000 1509 1216 1568 Doctor
1257 1508 1512 1566 Decreta
1549 1506 1664 1565 duo
1709 1506 1784 1565 ad
1822 1506 1996 1566 fidem
2047 1508 2404 1567 catholicam

402 1606 749 1678 attinentia,
791 1624 925 1683 quae
976 1607 1050 1665 ab
1098 1603 1441 1664 Innocentio
1487 1602 1574 1661 111
1605 1591 1835 1662 summo
1873 1603 2184 1678 Pontifice,
2232 1623 2398 1664 sacro

404 1683 771 1781 approssante
810 1702 1071 1762 Concilio
1113 1701 1504 1762 Lateranensi
1552 1717 1616 1759 ιν
1647 1701 1822 1778 (anno
1865 1700 2072 1777 1215),
2120 1702 2314 1778 primo
2343 1706 2406 1762 et

403 1801 659 1858 secundo
689 1800 817 1857 loco
871 1799 997 1857 lata
1039 1789 1299 1857 fuerunt.
1332 1799 1425 1855 Ab
1471 1797 1566 1854 his
1613 1797 1880 1854 Decretis
1932 1797 2168 1856 initium
2221 1798 2408 1858 sumit

398 1895 672 1954 collectio
699 1895 1109 1959 Decretalium
1142 1892 1422 1970 Greqorii
1447 1890 1566 1951 IX.
1611 1891 1923 1965 Expositio
1952 1893 2023 1949 D.
2061 1893 2307 1952 Thomae
2343 1896 2403 1954 in

402 1992 521 2052 Iet
565 1992 622 2050 ΙΙ
661 1993 1033 2051 Decretalem
1075 1991 1331 2068 plurima
1368 1994 1720 2063 argumenta
1759 1986 2115 2046 solidissime
2165 1996 2394 2059 versat.
2442 2003 2448 2010 ·

400 2089 647 2166 agitque
698 2088 993 2167 imprimis
1022 2089 1095 2148 de
1123 2087 1326 2148 divina
1364 2084 1625 2146 essentia
1651 2084 1890 2161 altoque
1932 2084 2048 2145 SS.
2079 2085 2402 2149 Trinitatis

406 2186 722 2264 mysterio,
