2784 4392
586 255 720 303 xnr.
749 271 829 286 —
856 255 1096 302 con-rna
1138 253 1351 302 meuc.
1400 255 1503 300 nm
1546 255 1719 301 cum.
1766 255 1842 302 m·
1883 257 2088 306 annm.
2230 242 2345 308 157

337 376 533 430 nentur
559 371 613 428 in
641 368 1020 446 spiritualibus
1049 371 1128 429 eis
1147 371 1465 445 providere;
1496 389 1627 445 ergo
1652 371 1697 430 si
1723 372 1815 430 alii
1846 373 1916 430 ab
1944 373 2228 449 Episcopis
2257 376 2349 431 di-

337 463 586 536 rigantur
625 461 694 519 ad
735 461 1044 536 spiritualia
1089 459 1473 532 ministranda,
1504 461 1705 534 injuria
1736 462 1795 520 fit
1840 463 2005 536 plebi,
2036 464 2081 520 si
2127 481 2157 522 a
2188 463 2348 538 plebe

338 553 545 610 victum
588 553 875 624 recipiant,
909 567 1035 609 cum
1073 553 1248 624 magis
1289 552 1540 625 Episcopi
1592 559 1879 610 teneantur
1909 555 1989 610 eis
2037 556 2344 628 providere.

409 643 563 698 Item.
598 641 812 699 Praelati
843 643 1123 698 mittentes
1161 641 1373 714 aliquos
1404 641 1473 696 ad
1522 642 1951 715 praedicandum,
1986 650 2240 700 tenentur
2270 647 2349 701 eis

338 729 394 788 in
445 731 766 788 necessariis
806 730 1110 803 providere,
1145 736 1206 785 ut
1247 729 1482 786 habetur
1526 737 1679 787 extra
1730 731 1808 786 De
1850 731 1981 804 offic.
2029 733 2147 789 ord.
2195 733 2349 789 Inter

337 829 553 878 caetera.
585 821 638 878 Si
670 837 800 892 ergo
845 820 1234 892 praedicatores
1263 818 1332 874 ab
1358 817 1643 893 Episcopis
1691 821 1840 877 missi
1888 821 1958 877 ab
1988 821 2112 878 aliis
2135 821 2345 879 victum

338 911 641 983 requirant,
675 908 778 965 hoc
806 909 1022 965 illorum
1047 921 1341 981 gravamen
1370 906 1538 976 cedit,
1567 915 1623 964 et
1664 908 1742 966 ita
1771 924 1877 967 non
1904 909 2104 968 debent
2130 909 2201 968 ab
2224 910 2348 968 aliis

339 1005 589 1072 sumptus
613 999 882 1072 accipere.
1746 1068 1757 1078 ι

409 1090 563 1145 Item.
597 1088 876 1154 DominuS,
909 1085 1102 1143 Matth.
1135 1101 1308 1155 xxm,
1343 1089 1430 1155 ⁴4,
1465 1093 1655 1144 contra
1687 1086 1990 1146 Pharisaeos
2028 1089 2164 1146 dicit
2195 1105 2207 1144 ε
2262 1089 2347 1149 Voe

338 1178 498 1244 vobis,
531 1176 726 1233 Scriboe
756 1183 804 1233 et
851 1173 1122 1232 Pharisaei
1165 1176 1470 1250 hypocritae,
1502 1176 1595 1249 qui
1631 1176 1902 1234 comeditis
1928 1178 2105 1235 domos
2148 1180 2349 1236 vidua-

303 1333 314 1344 ⁸
341 1273 484 1332 rum,
509 1265 781 1322 orationes
823 1265 1006 1338 lonqas
1035 1273 1271 1322 orantes,
1303 1265 1445 1337 Ergo
1474 1271 1529 1320 et
1573 1264 1647 1321 illi
1687 1281 1902 1340 semper
1930 1268 2185 1324 videntur
2230 1285 2347 1326 esse

341 1354 810 1427 reprehensibiles,
849 1354 942 1426 qui
995 1353 1098 1410 sub
1135 1361 1403 1426 praetextu
1446 1354 1728 1422 orationis,
1772 1363 1867 1411 aut
1914 1357 2343 1430 praedicationis,

341 1450 436 1502 aut
465 1443 696 1515 alicujus
725 1441 1033 1515 hujusmodi
1062 1443 1439 1522 eleemosynas
1460 1451 1673 1514 petunt.

409 1531 564 1588 Item.
592 1533 784 1588 Matth.
817 1545 876 1597 x,
911 1532 997 1592 Η,
1019 1532 1282 1586 Dominus
1303 1531 1587 1603 discipulis
1608 1531 1673 1586 ad
1703 1533 2111 1604 praedicandum
2141 1537 2343 1605 missis,

339 1621 473 1677 dicit
502 1637 514 1675 :
544 1619 610 1676 In
638 1635 1012 1693 quamcumque
1045 1618 1316 1674 civitatem
1343 1626 1441 1675 aut
1477 1620 1743 1675 castellum
1771 1619 2134 1690 intraveritis,
2166 1623 2345 1681 inter-

339 1715 524 1782 rogate
547 1708 665 1781 quis
688 1707 748 1762 in
773 1724 834 1764 ea
856 1707 1047 1778 diqnus
1069 1707 1161 1763 sit.
1191 1706 1386 1764 Glossa
1422 1724 1434 1762 ε
1465 1727 1491 1760 ετ
1521 1708 1857 1765 Testimonio
1895 1712 2201 1769 vicinorum
2241 1715 2347 1770 eli-

338 1798 550 1869 gendus
593 1804 677 1853 est
713 1795 927 1868 hospes,
957 1812 1024 1852 ne
1071 1797 1188 1868 ejus
1236 1795 1460 1851 infamia
1506 1796 1824 1867 praedicatio
1864 1799 2192 1872 negligatur.
2226 1823 2250 1854 ›>
2278 1805 2343 1860 Et

340 1887 448 1943 alia
473 1885 666 1942 Glossa
700 1902 713 1940 ε
749 1905 774 1937 «
807 1885 902 1941 llle
931 1892 1014 1940 est
1047 1884 1242 1956 dignus
1273 1885 1364 1957 qui
1413 1886 1585 1956 magis
1625 1886 1699 1941 sit
1728 1899 1787 1942 se
1830 1889 2079 1960 accipere
2107 1894 2341 1962 gratiam

341 1991 505 2050 quam
535 1975 686 2030 dare.
722 1993 750 2026 n
779 1975 923 2046 Ergo
960 1973 1028 2031 ad
1076 1975 1254 2030 minus
1291 1972 1345 2028 iu
1391 1973 1591 2030 talibus
1630 1975 2051 2048 reprehensibile
2102 1981 2340 2049 videtur,

343 2065 485 2140 quod
518 2062 845 2137 quandoque
879 2062 951 2118 ad
1001 2061 1200 2120 divites
1244 2069 1563 2135 peccatores
1608 2063 1907 2134 declinant,
1935 2073 1990 2123 et
2021 2067 2087 2124 ad
2124 2085 2217 2128 eos
2252 2072 2346 2145 qui

342 2155 444 2212 sibi
469 2153 571 2210 hoc
598 2167 698 2225 pro
725 2151 904 2224 gratia
931 2166 1038 2207 non
1063 2157 1338 2225 reputant.

301 2307 306 2310 ,
414 2245 570 2299 Item.
599 2240 942 2313 Quicumque
977 2256 1074 2312 pro
1117 2256 1175 2296 re
1206 2239 1723 2314 spirituali-accipit
1770 2245 2145 2317 temporalem,
2174 2250 2346 2308 simo-

345 2333 450 2389 niae
472 2331 677 2388 crimen
712 2329 961 2398 incurrit,
989 2329 1104 2384 sive
1137 2334 1308 2401 petat,
1341 2329 1485 2384 sicut
1522 2330 1695 2396 Giezi,
1724 2331 1842 2388 sive
1876 2333 2109 2406 recipiat
2136 2337 2345 2412 absque

343 2421 608 2494 petitione
662 2417 926 2483 oblatum,
980 2417 1123 2473 sicut
1177 2417 1405 2473 Elisaeus
1457 2433 1489 2473 a
1538 2418 1787 2474 Naaman
1840 2421 2083 2495 recipere
2148 2428 2341 2501 noluit,

346 2507 414 2566 IV
441 2509 575 2580 Reg.
607 2523 662 2576 v,
696 2512 753 2563 et
779 2507 896 2562 sive
926 2510 1052 2561 ante
1079 2505 1312 2577 accipiat
1340 2505 1457 2560 sive
1479 2513 1621 2577 post,
1645 2513 1706 2562 ut
1735 2521 1831 2579 per
1857 2507 1988 2565 illud
2021 2520 2172 2583 patet
2199 2519 2345 2589 quod

345 2599 574 2656 habetur
603 2597 626 2652 l
664 2613 743 2669 q.,
773 2597 795 2650 l
833 2609 882 2650 c.
912 2595 1091 2651 Εοεεα
1123 2593 1230 2651 Sed
1255 2593 1346 2649 ille
1374 2593 1469 2666 qui
1500 2593 1763 2666 praedicat
1793 2597 2011 2670 populo,
2037 2601 2347 2674 spiritualia

347 2689 639 2744 ministrat.
671 2703 698 2737 ι»
724 2685 867 2756 Ergo
895 2698 1002 2740 non
1033 2682 1160 2739 licet
1184 2682 1234 2738 ei
1265 2683 1515 2756 accipere
1546 2684 1866 2756 temporalia
1892 2685 1962 2744 ab
1986 2689 2083 2757 eiS,
2114 2699 2240 2750 ante
2260 2696 2345 2753 vel

345 2783 488 2852 post,
522 2789 698 2848 neque
723 2773 976 2846 petendo,
1008 2781 1188 2845 neque
1213 2771 1399 2830 oblata
1426 2772 1758 2846 recipiendo.

413 2867 572 2922 Item.
599 2864 624 2920 1
649 2863 716 2920 ad
747 2860 939 2918 Thess.
985 2859 1088 2918 ult.
1123 2865 1190 2919 22
1219 2875 1232 2916 t
1259 2861 1344 2917 Ab
1380 2861 1527 2918 omni
1565 2859 1735 2935 specie
1768 2865 1912 2922 mala
1948 2866 2202 2929 abstinete
2238 2886 2346 2930 vos.

348 2955 542 3013 Glossa
577 2969 589 3007 ε
619 2971 645 3005 α
673 2952 728 3009 Si
772 2950 902 3023 quid
945 2949 1183 3024 speciem
1211 2950 1340 3006 mali
1380 2952 1693 3023 praetendit,
1723 2954 1826 3009 etsi
1858 2971 1961 3012 non
2004 2959 2076 3014 sit
2124 2947 2345 3031 malum,

349 3043 514 3100 nolite
551 3039 962 3115 praecipitanter
1005 3053 1199 3111 agere;
1253 3058 1280 3092 n
1325 3039 1423 3095 sed
1460 3040 1605 3113 quod
1650 3042 1982 3115 praedicator
2030 3052 2349 3122 temporalia

350 3139 562 3206 quaerat
597 3125 676 3187 ‘ab
715 3128 801 3184 his
843 3126 1044 3201 quibus
1078 3128 1362 3200 praedicat,
1409 3129 1648 3200 speciem
1688 3131 1815 3187 mali
1856 3136 2167 3205 praetendit,
2209 3144 2351 3196 unde

349 3222 394 3277 ll
419 3223 488 3278 ad
514 3219 638 3276 Cor.
669 3231 778 3283 xn,
815 3229 979 3288 super
1007 3214 1140 3272 illud
1173 3231 1186 3270 t
1217 3215 1344 3274 Non
1383 3232 1560 3288 quoero
1598 3234 1714 3290 quae
1750 3227 1927 3277 vestra
1962 3229 2107 3291 sunt,
2131 3226 2222 3282 sed
2243 3245 2351 3295 vos,

351 3309 484 3366 dicit
509 3308 706 3365 Glossa
733 3322 747 3362 ε
782 3325 809 3358 α
836 3307 956 3361 Non
986 3303 1270 3378 quaerebat
1300 3305 1596 3377 Apostolus
1623 3303 1832 3376 datu'm,
1861 3311 1955 3367 sed
2000 3311 2254 3382 fructum,
2289 3333 2355 3373 ne

351 3398 508 3470 quasi
536 3396 787 3452 venditor
815 3393 1095 3466 Evangelii
1121 3400 1431 3467 putaretur.
1470 3413 1497 3447 n
1528 3395 1672 3467 Ergo
1700 3397 2091 3470 praedicatores
2123 3419 2228 3460 non
2255 3406 2357 3463 de-

353 3479 482 3543 bent
513 3485 586 3542 ab
606 3484 694 3540 bis
721 3482 918 3556 quibus
945 3482 1269 3554 praedicant,
1299 3483 1507 3539 victum
1531 3500 1781 3556 quaerere
1806 3487 2186 3548 mendicando.
2413 3540 2417 3544 .

420 3573 682 3638 Ulterius,
711 3573 960 3628 nituntur
1007 3570 1294 3627 ostendere
1339 3572 1485 3642 quod
1526 3571 1726 3628 talibus
1782 3575 1949 3632 etiam
1997 3578 2359 3658 eleemosyna>

357 3677 459 3720 non
491 3669 630 3721 -sunt
669 3661 884 3728 dandae,
915 3659 1044 3732 quia
1081 3659 1215 3715 Luc.
1253 3673 1375 3727 xiv,
1409 3660 1495 3726 ⁴3,
1528 3659 1775 3719 dicitur}
1810 3663 1949 3722 Cum
1988 3665 2127 3738 sacis
2176 3675 2361 3730 οοηυῑ-

353 3754 524 3818 vium,
551 3768 678 3808 voca
700 3765 981 3824 pauperes,
1012 3747 1222 3816 debiles,
1247 3747 1461 3806 claudos
1484 3755 1533 3806 et
1571 3766 1741 3818 caecos,
1768 3752 1961 3812 Glossa
1995 3774 2008 3813 ι
2048 3779 2075 3813 «
2106 3776 2139 3819 a
2164 3765 2361 3836 quihus

356 3840 412 3900 in
431 3841 686 3915 praesenti
705 3839 836 3897 nihil
861 3845 1020 3913 potes
1039 3844 1357 3912 expectare;
1382 3856 1413 3892 v>
1436 3839 1532 3898 sed
1556 3855 1591 3899 a
1614 3840 1811 3902 talibus
1832 3847 2097 3908 mendicis
2122 3853 2363 3926 quisunt
