2784 4392
372 253 496 322 216
853 251 910 322 ες
949 267 1186 318 moue:
1223 265 1554 322 nnuma-rm
1594 265 1912 322 oruscmut

375 389 545 452 verbo
581 386 828 466 Apostoli
872 385 1080 466 aliquid
1119 385 1466 446 interdicitur
1494 385 1763 456 omnibus,
1796 389 1853 446 et
1882 385 2091 466 aliquid
2127 387 2409 464 perfectis

375 485 612 538 tantum.
646 477 910 540 Omnibus
940 476 1163 554 quidem
1190 476 1555 544 interdicitur,
1588 492 1711 538 cum
1740 477 2092 538 contentione
2114 475 2201 540 vel
2228 479 2389 540 irau-

377 567 649 636 dulenter,
683 567 768 625 vel
811 567 954 642 apud
994 565 1241 626 infideles
1268 565 1487 642 judices
1523 581 1624 628 sua
1658 571 1905 640 repetere
1950 568 2219 630 movendo
2248 583 2385 631 cau..

375 671 514 726 sam,
541 663 600 714 ut
631 661 782 730 patet
803 672 898 729 per
921 654 1174 716 Glossam
1203 654 1409 714 ibidem
1432 653 1563 726 ;sed
1582 653 1837 728 perfectis
1867 654 2233 728 interdicitur,
2262 673 2387 720 cum

375 745 473 802 lite
502 753 557 802 et
587 747 642 802 in
661 746 873 823 Judicio
910 760 1009 820 pro
1047 743 1210 802 rebus
1253 742 1368 800 suis
1398 744 1709 819 repetendis
1739 759 1964 807 causam
1989 761 2174 806 coram
2197 747 2387 820 judice

377 850 621 891 movere.
648 835 752 892 Sed
782 841 840 892 ut
870 832 1168 890 Gratianus
1191 832 1469 901 dicitxrv,
1496 840 1695 910 quaest.
1730 847 1769 900 ι,
1788 847 1910 906 cap.
1938 833 2254 912 Episcopus,
2283 835 2387 896 hoc

374 921 789 994 intelligendum
826 929 911 982 est
940 922 1008 980 de
1048 937 1232 978 rerum
1260 921 1606 998 propriarum
1634 921 1917 996 petitione,
1947 939 2053 983 non
2091 931 2281 986 autom
2316 925 2388 984 de

374 1012 702 1083 repetitione
744 1027 929 1067 rerum
970 1011 1372 1078 communium,
1420 1026 1545 1086 quae
1590 1009 1719 1068 licet
1774 1012 1855 1074 eis
1903 1018 2186 1086 repetere.
2240 1013 2387 1074 sicut

375 1099 613 1170 habere3
641 1108 696 1156 et
720 1101 800 1158 sic
821 1100 1133 1178 hujusmodi
1161 1107 1471 1178 repetentes
1504 1099 1559 1160 in
1590 1099 1819 1177 judicic,
1845 1115 1951 1160 non
1974 1117 2079 1162 sua
2107 1110 2380 1182 repetunt,

379 1188 476 1244 sed
506 1204 592 1248 res
619 1188 896 1261 Ecclesiae,
927 1204 1158 1264 quarum
1185 1188 1597 1260 procurationes
1621 1195 1838 1266 gerunt,
1870 1204 1969 1250 nec
1990 1205 2174 1251 coram
2203 1191 2383 1264 iudice

377 1276 481 1333 sibi
505 1277 598 1334 sed
627 1277 748 1334 aliis
785 1283 954 1343 stant,
984 1292 1215 1350 quorum
1238 1277 1458 1352 negotia
1482 1285 1671 1356 agunt.
1704 1277 1998 1338 sciendum
2024 1285 2205 1342 tamen
2238 1281 2381 1354 quod

377 1364 473 1422 illa
501 1365 697 1426 Glossa
726 1381 834 1422 non
862 1371 946 1426 eet
975 1365 1310 1434 authentica,
1339 1365 1435 1424 sed
1468 1365 1816 1442 magistralis,
1847 1367 1992 1442 quod
2024 1375 2260 1444 patetex
2279 1368 2383 1430 >hoc

379 1454 526 1528 quod
547 1461 633 1512 est
656 1453 909 1528 quaedam
939 1453 1216 1514 conclusio
1235 1471 1299 1514 ex
1314 1453 1497 1514 verbis
1527 1453 1817 1530 Augustini
1854 1453 2026 1518 illata·
2044 1455 2201 1518 Unde
2212 1457 2380 1534 paulo

377 1550 507 1604 ante
533 1544 915 1616 praemittitur:
935 1563 961 1596 α
996 1544 1067 1602 Ut
1087 1549 1270 1603 autem
1297 1543 1561 1619 praedicta
1592 1542 1757 1604 verbe
1784 1545 2243 1618 Augustini4etc„
2270 1567 2297 1602 n
2325 1549 2383 1609 in

379 1633 579 1712 quibus
603 1632 892 1706 Augustini
924 1631 1105 1690 verbis
1125 1631 1378 1709 quamvis
1404 1631 1621 1692 dicetur
1644 1630 1844 1691 hebere
1862 1632 2134 1708 judicium
2152 1633 2383 1698 infirmis

380 1739 700 1780 concessum
716 1738 836 1780 esse
863 1721 1168 1782 secundum
1188 1722 1425 1790 veniam,
1439 1735 1547 1779 non
1571 1727 1753 1782 tamen
1780 1721 1983 1782 dicitur
2012 1722 2160 1796 quod
2186 1723 2383 1786 nonli-

379 1817 505 1866 ceat
521 1810 795 1882 perfectis,
815 1825 914 1868 nec
934 1809 1196 1882 magister
1210 1811 1376 1872 etiam
1391 1809 1579 1870 subdit
1592 1815 1787 1886 postea
1804 1810 1949 1890 quod
1972 1810 2050 1874 eis
2070 1827 2177 1874 non
2198 1813 2379 1882 liceat„

380 1899 477 1956 sed
503 1899 646 1972 quod
673 1898 753 1956 eis
775 1913 883 1956 non
898 1897 1208 1956 conveniat.
1229 1898 1284 1958 Si
1301 1898 1448 1961 enim
1464 1897 1549 1958 his
1573 1899 1665 1970 qui
1682 1900 1884 1960 suntin
1914 1906 2061 1962 statu
2082 1901 2387 1972 ,perfectio-v,

381 1988 487 2054 nis,
504 1988 557 2042 in
565 1985 834 2058 judicium
847 2000 955 2044 non
977 1984 1166 2048 liceret
1183 1985 1419 2064 aliquem
1440 1986 1673 2055 trahere,
1688 2002 1789 2048 uec
1817 1988 1949 2062 ipsis
1976 1991 2259 2068 Episcopis
2282 1992 2383 2052 lioc

375 2103 379 2114 ·
399 2075 592 2132 icitum
609 2079 774 2142 esset,
787 2090 1020 2148 quorum
1039 2081 1216 2132 status
1230 2081 1314 2130 est
1332 2075 1623 2148 perfectior
1643 2092 1805 2149 quarn
1823 2077 2221 2150 religiosorum,
2236 2081 2385 2142 Alias

385 2163 625 2236 religiosi
655 2165 722 2220 ad
759 2163 1094 2240 praelationis
1119 2163 1330 2244 apicem
1360 2164 1669 2239 promoveri
1698 2181 1803 2225 non
1831 2155 2073 2241 possent,
2102 2169 2217 2230 Nos
2240 2169 2385 2231 euim

385 2270 453 2314 ex
481 2251 584 2310 hoc
603 2253 749 2331 quod
783 2251 981 2329 aliquis
1013 2252 1361 2326 perfectionis
1387 2259 1592 2316 statum
1610 2254 1857 2323 assumit,
1878 2254 2087 2331 aliquid
2126 2257 2181 2316 ei
2220 2257 2386 2320 illici-

381 2350 503 2400 tum
532 2342 800 2410 redditur,
833 2342 978 2416 quod
1023 2341 1175 2414 prius
1219 2357 1326 2403 non
1355 2347 1511 2412 eret3
1538 2342 1646 2404 nisi
1688 2359 1747 2404 se
1790 2343 1863 2404 ed
1891 2343 2026 2406 illud
2071 2345 2386 2421 specialiter

385 2437 514 2488 voto
544 2430 955 2490 adstrinxerint.
979 2430 1134 2492 Unde
1161 2447 1268 2494 non
1287 2429 1412 2506 plus
1436 2436 1519 2491 est
1541 2429 1813 2507 religiosis
1837 2430 2093 2495 illicitum
2110 2433 2386 2512 injudicio

385 2535 610 2580 causam
635 2535 856 2580 movere
881 2535 1048 2593 quam
1075 2518 1246 2596 prius,
1285 2519 1390 2578 nisi
1430 2524 1705 2595 quatenus
1730 2527 1859 2580 voto
1882 2522 2225 2598 paupertatis
2252 2538 2387 2584 cou-

385 2609 628 2675 tradicit,
661 2617 716 2666 et
744 2608 848 2666 hoc
890 2615 973 2664 est
1004 2609 1224 2684 quando
1247 2607 1450 2685 aliquis
1491 2606 1777 2682 religiosus
1810 2608 1975 2671 vellet
2011 2625 2114 2688 pro
2156 2626 2388 2686 recupe-

382 2697 559 2756 randa
578 2696 661 2752 vei
691 2696 1026 2770 acquirenda
1043 2712 1104 2758 re
1127 2695 1348 2771 propria
1363 2694 1606 2772 litigare,
1624 2696 1773 2776 quod
1797 2697 1848 2758 ei
1876 2699 2177 2762 secundum
2201 2707 2389 2764 votum

383 2801 501 2845 suae
525 2784 876 2858 professionis
901 2783 1182 2864 possidere
1211 2799 1318 2846 non
1349 2783 1495 2854 licet,
1527 2792 1625 2846 eut
1658 2785 1826 2848 etiam
1864 2785 2139 2850 interdum
2163 2797 2389 2868 propter

385 2873 724 2933 scandalum.
763 2872 862 2934 Vel
901 2880 1086 2946 potest
1127 2873 1256 2943 dici,
1287 2881 1342 2934 et
1369 2872 1513 2934 forto
1552 2873 1755 2945 verius,
1798 2876 1943 2950 quod
1980 2876 2208 2942 verbum
2256 2878 2390 2942 illud

386 2959 598 3023 Glossee
621 2974 726 3020 non
755 2965 936 3034 potest
965 2957 1197 3034 intelligi
1232 2959 1300 3020 de
1324 2959 1583 3036 perfectis
1612 2960 1793 3040 quoad
1822 2966 2069 3035 statumg
2096 2964 2238 3023 sicut
2262 2971 2392 3026 suut

381 3048 644 3124 religiosi,
664 3047 795 3124 quia
817 3047 954 3110 tales
973 3063 1078 3110 uon
1097 3047 1300 3109 habent
1329 3047 1537 3128 aliquid
1566 3050 1847 3128 proprium
1877 3067 1891 3111 3
1917 3051 2059 3112 uude
2088 3051 2221 3114 nihil
2246 3061 2392 3114 esset

385 3139 615 3204 dictum,
641 3138 788 3212 quod
810 3138 866 3196 in
890 3137 1081 3198 eadem
1106 3136 1302 3202 Glossa
1327 3137 1529 3199 dicitur
1546 3137 1694 3216 quod
1716 3157 1743 3194 α
1770 3153 1870 3200 sua
1894 3147 2121 3212 possunt
2145 3147 2392 3218 repetere

386 3227 729 3300 simpliciter.
765 3246 792 3284 ν
824 3227 980 3299 Quod
1021 3242 1152 3302 ergo
1180 3226 1382 3288 dicitur
1422 3225 1481 3288 in
1522 3225 1738 3294 Glossa,
1764 3226 2183 3304 intelligendum
2212 3235 2297 3290 est
2326 3229 2395 3292 do

383 3317 646 3394 perfectis
674 3317 975 3378 secundum
997 3316 1232 3390 gradum
1257 3314 1567 3384 charitatis,
1602 3314 1659 3374 id
1682 3321 1768 3376 est
1805 3317 1898 3396 qui
1934 3316 2234 3392 perfectam
2260 3317 2396 3384 cha-

382 3403 608 3462 ritatem
635 3403 858 3472 habent,
895 3404 954 3462 in
983 3417 1331 3479 quocumque
1373 3407 1525 3464 statu
1563 3401 1713 3474 sint3
1744 3401 1873 3464 licet
1920 3404 2065 3464 enim
2112 3404 2255 3466 tales
2295 3421 2395 3469 sua

383 3492 684 3568 repetendo
713 3492 768 3548 in
791 3492 1000 3567 judicio
1025 3506 1132 3551 non
1155 3495 1411 3568 peccent,
1439 3489 1717 3554 interdum
1746 3497 1931 3555 tamen
1960 3508 2055 3566 per
2076 3493 2183 3554 hoo
2206 3509 2397 3554 eorum
2474 3513 2477 3520 ·

383 3580 710 3653 perfectioni
748 3581 1044 3660 derogatur
1076 3597 1089 3636 z
1127 3577 1270 3640 unde
1314 3577 1512 3642 Glossa
1538 3593 1646 3640 uon
1691 3579 1827 3640 dicit
1870 3581 2017 3660 quod
2056 3581 2257 3644 talibus
2290 3598 2396 3642 non

385 3668 574 3738 liceat,
606 3667 703 3730 sed
731 3669 876 3746 quod
905 3668 986 3729 eis
1025 3683 1134 3726 non
1175 3667 1489 3730 conveniat.
1533 3668 1595 3730 In
1646 3667 1921 3746 aliquibus
1962 3676 2149 3734 tarmen
2178 3669 2399 3733 casibus

385 3771 496 3816 non
523 3763 606 3816 est
631 3758 680 3814 ei
706 3757 1092 3816 inconveniens
1120 3755 1402 3830 injudicio
1427 3772 1526 3813 sua
1556 3765 1825 3830 repetere.

457 3845 674 3909 Primus
702 3859 862 3910 casus
885 3852 990 3918 est5
1009 3845 1229 3930 quando
1245 3845 1425 3910 oritur
1448 3845 1728 3911 contentio
1748 3846 1817 3910 de
1840 3861 1904 3913 re
1921 3845 2219 3930 spirituaii.
2242 3846 2397 3912 Unde

1478 4383 1521 4386 ’γ
1528 4378 1779 4386 -ῌΙ-Ῑῖᾢῑ
1804 4384 1809 4385 ⁷
1816 4384 1827 4385 W

2742 4155 2777 4370 L—ssſs
