2784 4392
822 277 930 321 xv.
957 294 1037 309 -
1068 281 1141 320 nn
1185 279 1487 321 nummus
1534 279 1867 321 PRINCIPUM
2230 261 2341 322 371
2386 303 2395 309 -

953 531 1230 609 LIBER
1299 527 1742 626 QUARTUS

1148 833 1432 901 CAPUT
1489 836 1543 902 Ι.

437 963 532 1028 De
557 963 907 1047 differentia
935 965 1094 1028 inter
1111 965 1533 1045 principatum
1555 964 1731 1046 reqni
1755 971 1814 1029 et
1831 967 2255 1045 principatum

797 1052 1144 1133 politicum,
1172 1071 1342 1134 quem
1370 1054 1598 1118 dividit
1624 1055 1690 1116 in
1713 1054 1886 1116 duos.

399 1183 662 1234 Constitues
683 1197 763 1234 eos
799 1185 1040 1249 principes
1079 1199 1221 1249 super
1245 1199 1433 1244 omnem
1470 1193 1659 1250 terram,
1700 1200 1931 1238 memores
1969 1193 2105 1236 erunt
2143 1185 2352 1236 nominis
2384 1222 2389 1228 .

338 1254 427 1317 tui,
453 1255 668 1318 Domine,
694 1258 817 1305 Paul.
845 1269 972 1317 xuv,
1000 1258 1084 1308 Π.

407 1360 560 1416 Licet
582 1359 884 1416 dominium
927 1376 1086 1417 omne
1121 1361 1237 1418 sive
1267 1361 1609 1435 principatus
1642 1378 1675 1420 a
1710 1363 1821 1419 Deo
1850 1363 1923 1420 sit
1954 1363 2259 1428 institutus,
2289 1371 2348 1418 ut

335 1463 502 1519 supra
525 1454 608 1503 est
633 1448 972 1506 declaratum
1007 1449 1060 1503 in
1089 1449 1253 1505 tertio
1298 1447 1456 1516 libre,
1479 1451 1729 1505 diversus
1764 1457 1948 1506 tamen
1976 1451 2029 1505 in
2073 1449 2191 1521 ipso
2232 1457 2349 1506 tra-

337 1535 488 1592 ditur
515 1536 708 1591 modus
741 1551 774 1592 a
801 1535 1147 1609 Philosopho,
1176 1543 1231 1590 et
1259 1551 1358 1608 per
1401 1551 1615 1593 sacram
1661 1538 2021 1608 scripturam.
2050 1537 2190 1606 Quia
2220 1552 2349 1608 ergo

336 1638 503 1696 supra
536 1623 591 1678 in
620 1623 850 1694 prael'ato
881 1623 997 1694 jam
1029 1622 1165 1679 libro
1195 1630 1380 1680 actum
1416 1632 1501 1681 est
1545 1624 1614 1679 de
1652 1623 1966 1680 monarchia
2009 1626 2186 1689 uniuS,
2218 1632 2348 1696 puta

337 1711 408 1766 de
425 1711 668 1768 dominio
696 1711 894 1768 summi
924 1711 1220 1778 Pontificis,
1250 1710 1419 1782 regali
1448 1711 1809 1783 etimperiali,
1822 1726 1898 1774 ec
1924 1712 2164 1783 ipsorum
2184 1717 2349 1767 natu·
2405 1729 2445 1774 x(

339 1815 455 1857 rem
485 1799 1001 1867 concomitantibus„
1032 1815 1175 1854 nunc
1219 1798 1306 1855 hic
1339 1815 1580 1870 congrue
1624 1800 1805 1871 agitur
1845 1801 1915 1856 de
1953 1801 2193 1856 dominio
2224 1799 2386 1872 plu·

338 1887 498 1957 rium,
531 1887 678 1962 quod
722 1888 994 1943 communi
1044 1888 1260 1943 nomine
1301 1887 1590 1960 politicum
1628 1887 1985 1962 appellamus,
2012 1889 2343 1961 descriptum

337 1961 494 2032 nobis
536 1977 590 2031 in
635 1977 983 2048 praesumptis
1025 1975 1207 2031 verbis
1237 1976 1550 2048 dupliciter,
1602 1985 1656 2032 et
1695 1985 1961 2049 quantum
2007 1977 2230 2050 quidem
2278 1976 2377 2032 ad

339 2065 558 2120 modum
589 2065 921 2130 assumendi,
945 2069 1002 2119 et
1028 2069 1298 2136 quantum
1325 2065 1394 2121 ad
1426 2065 1646 2120 modum
1675 2064 1910 2121 vivendi.
1942 2065 2133 2120 Modus
2161 2073 2344 2121 autem

338 2153 649 2212 assumendi
688 2154 742 2208 in
785 2153 887 2208 hoc
935 2153 1108 2224 gradu
1157 2153 1422 2209 electivus
1465 2162 1547 2210 est
1600 2155 1657 2210 in
1708 2169 2057 2228 quocumque
2111 2154 2345 2210 hominis
2376 2159 2390 2182 ⁴

337 2257 556 2315 genere,
603 2255 711 2296 non
747 2255 845 2312 per
888 2247 1101 2297 naturae
1136 2241 1423 2312 originem,
1460 2251 1525 2298 ut
1561 2242 1630 2296 de
1673 2243 1890 2314 regibus
1934 2244 2155 2313 accidit,
2198 2244 2345 2314 quod

338 2329 566 2387 verbum
624 2328 984 2384 institutionis
1034 2329 1312 2400 importat.
1364 2329 1694 2397 constitues,
1745 2331 1955 2404 inquit,
2000 2347 2085 2387 eos
2127 2331 2345 2402 princi-

335 2433 446 2492 pes,
475 2417 572 2474 sed
618 2415 790 2483 addit,
821 2431 983 2489 super
1026 2433 1228 2474 omnem
1277 2423 1505 2484 terram,
1537 2419 1591 2476 in
1634 2419 1736 2476 hoc
1776 2420 2071 2476 ostendens
2108 2434 2343 2492 genera-

339 2507 445 2562 lem
496 2503 740 2576 regulam
791 2505 845 2559 in
887 2505 1194 2578 principatu
1241 2504 1485 2576 politico,
1534 2513 1594 2562 ut
1640 2507 1909 2579 generalis
1946 2508 2019 2564 sit
2060 2523 2159 2581 per
2196 2507 2341 2564 viam
2391 2509 2425 2550 *Ι

337 2593 639 2660 electionis,
672 2598 734 2648 ut
773 2597 1052 2650 statuatur
1095 2593 1366 2667 princeps,
1410 2593 1507 2650 sed
1554 2595 1702 2668 quod
1742 2594 1815 2651 sit
1866 2593 2169 2664 virtuosus;
2200 2595 2343 2652 unde

336 2682 522 2740 subdit
552 2697 568 2737 ε
600 2679 862 2739 Memores
906 2687 1066 2738 erunt
1111 2682 1344 2738 nominis
1383 2682 1489 2747 tui,
1528 2681 1773 2748 Domine,
1809 2682 1863 2739 in
1906 2683 2343 2742 consideratione

337 2770 549 2828 scilicet
588 2769 774 2825 divina
819 2783 1154 2842 suorumque
1209 2778 1627 2844 praeceptorum,
1678 2786 1805 2844 quae
1858 2779 1985 2828 sunt
2032 2772 2343 2843 regentibus

337 2858 590 2932 quaedam
622 2863 774 2913 recta
803 2859 940 2914 ratio
970 2858 1326 2930 agendorum.
1357 2861 1586 2933 Propter
1612 2859 1759 2933 quod
1800 2859 1851 2915 in
1885 2859 2141 2916 Proverb.
2175 2876 2253 2926 vi,
2277 2863 2345 2917 23

2448 1860 2520 1906 γι

2407 2209 2442 2244 V

338 2945 558 3011 dicitur,
590 2945 736 3017 quod
765 2945 1077 3001 mandatum
1115 2945 1332 3002 Domini
1359 2948 1579 3016 lucei-„na
1615 2954 1714 3014 est,
1738 2955 1790 3006 et
1824 2947 1909 3006 lex
1931 2949 2047 3007 lux.
2077 2949 2343 3006 Maximus

339 3035 506 3092 etiam
535 3032 785 3092 Valerius
811 3032 880 3087 de
908 3033 1124 3088 Caesare
1147 3032 1302 3101 dicit,
1327 3037 1475 3106 quod
1499 3034 1709 3091 coelesti
1740 3035 2082 3108 providentia
2110 3036 2343 3092 virtutes

255 3153 258 3156 ⁴
340 3137 436 3193 per
463 3124 640 3196 ipsum
666 3118 1009 3185 fovebantur,
1036 3126 1090 3175 et
1119 3120 1257 3177 vitia
1284 3120 1724 3178 vindicabantur.
1739 3123 1819 3178 De
1846 3122 1948 3180 hoc
1976 3131 2163 3180 autem
2191 3123 2347 3195 prin-

338 3211 526 3284 cipatu
566 3208 623 3266 in
672 3206 928 3281 praesenti
968 3206 1108 3263 libro
1152 3212 1237 3264 est
1281 3207 1751 3280 pertractandum,
1782 3223 1947 3282 quem
1988 3208 2347 3282 Philosophus

338 3300 420 3360 sic
454 3297 743 3371 distinguit
791 3297 844 3352 in
891 3297 963 3353 111
1005 3295 1172 3356 Petit.
1204 3302 1260 3353 et
1302 3310 1470 3370 supra
1516 3301 1797 3354 ostensum
1832 3303 1919 3354 est
1964 3296 2021 3352 in
2046 3297 2339 3369 ‘principio

340 3387 496 3458 libri3
527 3387 657 3461 quia
685 3386 734 3444 si
777 3385 886 3444 tale
931 3384 1170 3458 regimen
1213 3384 1550 3458 gubernatur
1578 3400 1675 3459 per
1716 3397 1917 3458 paucos
1958 3395 2015 3442 et
2043 3384 2335 3453 virtuosos,

339 3484 568 3535 vocatur
590 3475 956 3542 aristocratia,
983 3482 1046 3533 ut
1081 3489 1179 3548 per
1205 3475 1344 3531 duos
1379 3473 1652 3543 consules,
1686 3473 1771 3531 vel
1810 3473 1981 3532 etiam
2016 3473 2342 3530 dictatorem

341 3567 397 3623 in
421 3565 555 3622 urbe
581 3563 825 3622 Romans
855 3563 908 3619 in
931 3563 1202 3637 principio
1230 3562 1473 3637 expulsis
1502 3562 1741 3636 regibuS.

409 3653 467 3712 Si
497 3661 682 3712 autem
707 3667 802 3726 per
826 3652 1048 3720 multos,
1077 3651 1246 3708 veluti
1288 3667 1387 3726 per
1412 3651 1685 3718 consules,
1712 3650 2041 3709 dictatorem
2078 3656 2135 3707 et
2164 3649 2342 3707 tribu-

340 3755 460 3808 nos,
485 3741 630 3800 sicut
665 3741 720 3797 in
763 3753 1018 3814 processu
1067 3740 1331 3814 temporis
1370 3741 1427 3798 in
1464 3740 1658 3798 eadem
1680 3738 1930 3812 contigit
1966 3738 2121 3808 urbe,
2153 3746 2339 3812 postea
2449 3758 2454 3762 ·

342 3844 474 3888 vero
499 3836 800 3898 senatores,
829 3834 891 3886 ut
920 3827 1164 3888 historiae
1189 3838 1435 3899 nunant,
1468 3827 1576 3890 tale
1602 3828 1845 3903 regimen
1872 3828 2123 3904 politiam
2150 3828 2306 3904 appel
2324 3853 2343 3867 ·
2439 3833 2489 3878 *s

2412 3333 2465 3388 s
