2784 4392
434 289 555 357 202
912 311 965 358 s.
1008 303 1243 357 'mou
1282 302 1614 362 Aomm'ns
1653 302 1964 355 esttecum

358 433 367 444 “
437 445 463 480 α
492 427 710 498 Quaeso,
744 431 806 485 ut
826 427 1063 486 suadeas
1098 427 1169 500 ei,
1196 427 1410 485 scilicet
1433 426 1529 502 qui
1575 438 1740 501 super
1780 423 2062 499 praedietis
2083 433 2211 482 eum
2247 431 2444 498 repre-

434 515 727 587 hendebat,
758 531 827 574 ne
864 517 1203 577 vescentium
1234 517 1494 576 dentibus
1521 515 1813 574 edentulus
1851 514 2115 583 invideat,
2151 519 2209 571 et
2253 512 2448 572 oculos

434 620 755 678 caprearum
782 605 929 679 talpa
957 613 1292 664 contemnat.
1330 625 1355 659 »
1385 607 1468 662 Ex
1495 623 1602 680 quo
1628 613 1801 680 patet,
1831 603 1977 676 quod
2007 599 2446 662 commendabile

434 695 693 768 estquod
732 693 931 769 aliquis
970 692 1340 768 eloquentiam
1381 702 1438 752 et
1465 692 1794 768 sapientiam
1831 693 2154 751 saecularem
2179 694 2249 751 ad
2276 691 2446 748 obse-

434 783 624 856 quium
648 783 849 841 divinae
878 783 1165 858 sapientioe
1189 783 1373 842 trahat
1402 789 1459 841 et
1486 781 1634 856 quod
1666 782 1772 840 hoc
1797 783 2264 858 reprehendentes
2289 787 2442 852 sunt,

436 871 735 929 sicutcaeci
774 871 1083 930 invidentes
1128 871 1441 931 videntibus
1483 883 1844 947 quaecumque
1883 873 2140 944 ignorant
2185 869 2448 944 blasphe-

440 966 669 1030 mantes,
706 967 768 1016 ut
796 961 1000 1018 dicitur
1027 962 1081 1018 in
1110 961 1317 1020 Canon.
1350 961 1524 1019 Judoe.

510 1049 667 1105 Item.
694 1051 1031 1122 Augustinus
1064 1051 1121 1107 in
1161 1049 1233 1109 tv
1261 1049 1401 1106 libro
1428 1049 1506 1108 De
1546 1049 1794 1106 doctrina
1833 1049 2134 1106 christiana
2162 1065 2180 1104 .·
2213 1067 2241 1102 ι
2273 1049 2442 1104 Porro

443 1138 535 1210 qui
572 1153 677 1193 non
707 1137 882 1195 solum
916 1140 1211 1212 sapienter,
1233 1156 1426 1198 verum
1453 1140 1623 1197 etiam
1650 1139 1744 1214 qui
1771 1139 2090 1211 eloquenter
2114 1137 2231 1195 vult
2259 1137 2446 1194 dicere

442 1226 719 1299 (quoniam
744 1228 987 1300 prolecto
1013 1227 1138 1303 plus
1166 1228 1430 1302 proderit,
1459 1228 1506 1285 si
1537 1235 1829 1302 utrumque
1853 1227 2134 1301 potuerit),
2162 1227 2229 1284 ad
2257 1226 2447 1299 legen-

442 1313 563 1384 dos,
595 1315 679 1372 vel
722 1315 1041 1384 audiendos,
1088 1325 1143 1374 et
1185 1315 1577 1374 exercitatione
1626 1317 1921 1374 imitandos
1957 1315 2276 1390 eloquentes
2319 1329 2448 1371 eum

445 1404 625 1460 mitto.
661 1420 688 1458 ι)
736 1406 893 1463 Patet
922 1418 1071 1479 ergo,
1102 1404 1249 1480 quod
1286 1405 1342 1462 in
1384 1419 1544 1463 sacra
1583 1405 1866 1480 Scriptura
1911 1406 2216 1462 curandum
2253 1409 2356 1468 est,
2387 1411 2450 1458 ut

444 1491 605 1547 homo
652 1491 973 1566 eloquenter
1012 1497 1069 1550 et
1114 1485 1305 1550 ornate
1351 1492 1627 1567 loquatur,
1661 1498 1721 1550 ut
1763 1491 1938 1565 magis
1979 1505 2158 1549 sermo
2195 1491 2450 1564 proficiat

448 1578 817 1648 audientibus.
2132 1637 2142 1649 ,
2269 1648 2274 1654 ,

516 1668 674 1727 Item.
698 1671 758 1727 ln
778 1669 969 1728 eodem
994 1671 1131 1728 libro
1160 1687 1173 1726 ε
1204 1689 1230 1726 α
1262 1665 1361 1728 His
1380 1669 1580 1744 aliquis
1604 1671 1784 1727 forsan
1806 1669 2026 1744 quaerit,
2041 1675 2227 1726 utrum
2251 1673 2450 1725 aucto-

448 1772 535 1812 res
561 1760 731 1814 nostri
776 1761 867 1832 qui
906 1773 1169 1816 canonem
1197 1759 1353 1816 nobis
1402 1757 1760 1815 saluberrima
1806 1759 2136 1816 auctoritate
2179 1757 2445 1823 fecerunt,

450 1845 725 1916 sapientes
754 1853 985 1914 tantum,
1018 1865 1087 1904 an
1122 1847 1444 1921 eloquentes
1485 1847 1596 1902 sint
1635 1847 2003 1922 nuncupandi,
2035 1865 2062 1900 ιο
2111 1854 2168 1903 et
2209 1847 2450 1903 ostendit

451 1947 545 1988 eos
570 1933 887 2008 eloquentes
912 1933 1096 2002 fuisse,
1126 1937 1183 1990 et
1228 1938 1428 1991 ornatu
1467 1935 1758 1991 verborum
1783 1949 1878 2008 per
1905 1935 2115 1991 colores
2148 1935 2452 1990 rhetoricos

450 2021 579 2078 us‘os
597 2038 716 2080 esse
748 2041 762 2080 z
796 2023 937 2079 unde
970 2023 1290 2080 concludit:
1324 2043 1350 2076 α
1398 2022 1744 2096 Quapropter
1785 2033 1839 2080 et
1879 2024 2198 2099 eloquentes
2225 2023 2452 2097 quidem

454 2125 557 2166 non
582 2110 757 2180 solum
782 2113 1058 2185 sapientes
1082 2111 1385 2169 canonicos
1411 2117 1627 2174 nostros
1655 2119 1908 2169 auctores
1927 2113 2215 2182 fateamur,
2245 2113 2454 2185 talique

450 2198 763 2272 eloquentia
794 2214 937 2270 usos,
968 2200 1145 2276 qualis
1174 2203 1422 2274 personis
1449 2202 1719 2274 ejusmodi
1745 2202 2098 2274 congruebat.
2131 2221 2157 2254 n

524 2289 681 2346 Item.
722 2289 782 2345 ln
829 2289 1020 2346 eodem
1061 2289 1196 2346 libro
1240 2305 1255 2346 t
1290 2309 1316 2343 α
1368 2291 1598 2363 Oportet
1625 2289 1968 2364 eloquentem
1999 2289 2449 2359 ecclesiasticum,

456 2380 675 2451 quando
704 2379 896 2435 suadet
922 2379 1139 2453 aliquod
1184 2380 1327 2454 quod
1358 2380 1628 2452 agendum
1667 2388 1768 2446 est,
1802 2393 1907 2435 non
1941 2377 2115 2434 solum
2154 2378 2352 2436 docere
2391 2387 2453 2437 ut

458 2467 710 2536 instruat,
757 2475 812 2525 et
840 2469 1113 2525 delectare
1150 2475 1209 2524 ut
1240 2475 1425 2526 teneat
1457 2485 1470 2524 :
1515 2467 1610 2525 sed
1639 2470 1806 2524 etiam
1849 2467 2068 2524 flectere
2099 2472 2155 2524 ut
2185 2469 2386 2537 vincat,
2422 2489 2450 2522 n

456 2565 511 2612 et
540 2557 659 2614 ltaec
688 2559 791 2614 tria
822 2557 1093 2632 quomodo
1124 2573 1154 2614 a
1188 2557 1359 2614 sacris
1384 2555 1699 2614 doctoribus
1733 2555 1850 2613 fleri
1880 2555 2132 2624 habeant,
2166 2573 2260 2630 per
2287 2571 2456 2615 orna-

458 2645 697 2702 tissimas
725 2647 1026 2702 locutiones
1058 2651 1369 2702 sanctorum
1397 2641 1620 2701 Petrum
1652 2645 1912 2702 ostendit.
1943 2645 2020 2701 Ex
2050 2645 2248 2720 quibus
2273 2649 2455 2702 omni·-

458 2729 557 2786 bus
598 2740 768 2804 patet,
802 2747 896 2788 eos
938 2733 1028 2803 qui
1059 2729 1428 2804 praedic-ande,
1477 2729 1824 2804 vellegendo
1865 2747 2077 2789 sacram
2119 2734 2454 2808 scripturam

457 2817 673 2886 docent,
706 2817 1015 2892 eloquentia
1064 2817 1143 2874 uti
1174 2817 1391 2886 debere,
1442 2827 1497 2876 et
1536 2819 1802 2893 sapientia
1833 2821 2103 2879 saeculari.
2147 2823 2261 2879 Hoc
2287 2823 2453 2880 etiam

458 2910 609 2979 patet
661 2921 759 2978 per
802 2907 1127 2978 Gregorium
1174 2913 1230 2962 et
1273 2904 1621 2964 Ambrosium
1667 2915 1722 2964 et
1769 2909 1932 2978 alios,·
1968 2913 2062 2984 qui
2109 2913 2454 2968 ornatissime

458 3003 584 3050 sunt
624 2993 809 3051 locuti.
840 2995 1175 3068 Augustinus
1216 2997 1383 3053 etiam
1425 2999 1482 3053 et
1523 2997 1816 3072 Dionysius
1843 3005 1900 3055 et
1925 2997 2156 3056 Basilius
2186 3001 2356 3057 multa
2399 2999 2452 3056 in

458 3083 572 3140 suis
601 3081 753 3140 libris
788 3085 855 3141 de
892 3085 1157 3159 sapientia
1186 3083 1374 3143 smculi
1399 3085 1830 3144 interseruerunt
1861 3103 1876 3142 τ
1915 3087 2058 3143 sicut
2084 3094 2237 3159 patet
2264 3087 2456 3158 legen-

459 3173 622 3241 tibus,
664 3181 720 3230 et
760 3173 1187 3246 intelligentibus
1226 3187 1414 3231 eorum
1455 3177 1681 3250 scripta.
1728 3175 2017 3250 Apostolus
2045 3175 2212 3230 etiam
2255 3175 2455 3234 Paulus

458 3260 875 3321 auctoritatibus
904 3261 1245 3320 ethnicorum
1274 3263 1330 3320 in
1356 3279 1457 3322 sua
1483 3265 1872 3339 praedicatione
1899 3269 1983 3319 est
2022 3275 2155 3320 usus
2199 3273 2261 3319 ut
2297 3271 2452 3338 patet

456 3353 579 3408 Act.
606 3365 751 3420 xvn,
780 3356 835 3407 et
863 3351 931 3407 ad
960 3347 1068 3407 Tit.
1100 3362 1143 3408 ῐ.

526 3438 683 3496 Item.
728 3441 1025 3514 Gregorius
1066 3439 1122 3497 ln
1162 3439 1245 3498 tx
1282 3437 1379 3498 lib.
1420 3436 1642 3506 Mos-nl„
1687 3449 1961 3512 exponens
2000 3439 2135 3498 illud
2173 3439 2291 3508 Iob,
2337 3454 2400 3500 tx
2445 3463 2450 3472 ·

458 3547 485 3582 α
517 3529 622 3598 Qui
650 3527 785 3586 facis
813 3535 1105 3586 Arcturum
1134 3537 1189 3588 et
1214 3530 1466 3600 orionas,
1503 3545 1530 3583 ιο
1557 3535 1688 3598 etc.‚
1715 3523 1797 3586 sic
1825 3528 1960 3586 dicit
1991 3545 2004 3584 ε
2040 3550 2065 3583 α
2098 3531 2228 3588 Haec
2251 3531 2451 3604 quippe

456 3625 728 3674 astrorum
766 3619 984 3675 nomina
1026 3635 1059 3676 a
1100 3616 1404 3676 cultoribus
1432 3618 1718 3693 sapientiae
1760 3615 1997 3676 carnaiis
2033 3615 2254 3677 inventa
2299 3627 2447 3677 sunt.

452 3705 543 3758 Sic
568 3718 693 3775 ergo
728 3705 783 3760 in
820 3719 976 3762 sacro
1014 3705 1229 3780 eloquio
1258 3706 1533 3780 sapientes
1563 3705 1660 3764 Dei
1699 3719 2008 3764 sermonem
2042 3705 2263 3771 trahunt
2285 3723 2316 3763 a
2353 3721 2452 3764 sa-

452 3787 728 3862 pientibus
754 3793 961 3860 saeculi,
1000 3793 1143 3850 sicut
1170 3797 1227 3850 in
1270 3811 1334 3850 eo
1362 3811 1461 3868 pro
1503 3793 1744 3853 utilitate
1789 3795 2024 3854 hominis
2063 3808 2250 3852 vocem
2291 3795 2346 3851 in
2389 3811 2450 3854 se

453 3877 707 3934 humanae
734 3879 1001 3950 passionis
1026 3880 1143 3954 ipse
1180 3882 1432 3940 conditor
1457 3883 1738 3942 hominum
1765 3883 1934 3945 sumit
1961 3883 2126 3944 Deus.
2176 3901 2204 3939 n
2232 3881 2311 3941 Ex
2339 3897 2449 3958 quo
