2784 4392
1179 374 1365 451 XVII

328 561 451 688 IN
531 560 1330 691 DECRETALEM
1413 564 1497 689 II
1571 560 2216 691 EXPOSITIO.

1021 801 1130 860 AD
1171 799 1524 859 EUMDEM

856 958 1003 1024 (Edit.
1026 960 1160 1009 Rom.
1189 962 1475 1021 Opusculum
1509 957 1689 1024 XXIV.)

901 1261 967 1309 Do
993 1274 1156 1309 errore
1181 1260 1371 1309 Abbati-s
1401 1262 1638 1311 Joachcm.

331 1396 616 1444 Damnamus
655 1407 764 1459 ergo
788 1400 835 1444 et
868 1395 1174 1457 reprobamus
1215 1395 1446 1456 libellum,
1486 1396 1586 1445 sive
1627 1402 1897 1457 tractatum,
1936 1408 2077 1459 qum
2116 1397 2283 1447 Abbas

269 1476 480 1524 Joachim
501 1475 647 1523 edidit
670 1481 832 1523 contra
855 1474 1128 1536 Magistrum
1154 1475 1340 1523 Petrum
1362 1473 1671 1522 Lombardum
1688 1476 1747 1523 de
1762 1476 1941 1523 unitata
1960 1485 2049 1523 seu
2068 1478 2279 1525 essentia

270 1555 533 1615 Trinitatis,
557 1554 800 1615 appellans
820 1554 973 1615 ipsum
997 1553 1264 1602 haereticum
1293 1560 1339 1601 et
1361 1554 1605 1614 insanum,
1627 1565 1715 1615 pru
1740 1564 1801 1602 eu
1819 1554 1948 1616 quod·
1966 1554 2017 1601 ia
2038 1555 2139 1603 suis
2159 1556 2277 1603 dixit

271 1636 537 1695 sententiis,
580 1634 802 1695 quoniam
843 1634 1057 1696 quaedam
1103 1646 1284 1681 summa
1319 1644 1401 1681 res
1442 1638 1515 1681 ost
1545 1634 1683 1681 Pater
1720 1640 1777 1681 et·
1807 1632 1955 1681 Filius
1989 1640 2035 1682 et
2075 1635 2277 1696 Spiritus

271 1723 480 1775 sanctus,
512 1721 558 1762 et
592 1714 642 1761 in
678 1714 763 1760 illa
803 1726 898 1762 non
935 1720 1009 1762 est
1045 1722 1296 1776 generans,
1321 1724 1481 1775 neque
1513 1714 1690 1776 genita,
1717 1726 1804 1762 nec
1837 1714 2112 1775 procedens.
2144 1715 2275 1764 Unde

271 1796 439 1844 asserit
463 1793 586 1857 quod
607 1795 686 1841 ille
711 1806 804 1841 non
827 1798 921 1841 tam
943 1793 1220 1841 Trinitatem
1245 1804 1389 1856 quam
1411 1794 1771 1856 quaternitatem
1795 1793 2067 1842 adstruebat
2091 1796 2139 1842 in
2161 1797 2273 1857 Deo,

269 1876 487 1924 videlicet
514 1882 608 1923 tres
635 1886 858 1935 personas
884 1880 932 1922 et
957 1870 1088 1921 iiiam
1110 1885 1403 1922 communem
1434 1874 1686 1922 essentiam
1722 1873 1858 1935 quasi
1883 1882 2094 1935 quartam
2122 1888 2135 1923 ε
2162 1889 2275 1925 ma-

271 1956 438 2005 nifeste
481 1962 742 2017 protestans
775 1950 904 2016 quod
938 1954 1070 2003 nulla
1105 1966 1182 2003 res
1214 1960 1286 2002 est
1323 1967 1427 2016 quae
1464 1953 1527 2002 sit
1570 1954 1708 2002 Pater
1736 1962 1783 2001 et
1816 1954 1963 2001 Filius
1991 1962 2037 2003 et
2070 1955 2275 2016 Spiritus

270 2043 476 2096 sanctus,
507 2048 596 2083 nec
635 2042 706 2083 est
739 2034 960 2095 essentia,
997 2046 1082 2082 nec
1123 2034 1403 2095 substantia,
1452 2047 1539 2083 nec
1567 2040 1761 2093 natura3
1796 2034 2012 2096 quamvis
2050 2036 2276 2085 concodat

271 2117 394 2179 quod
417 2119 553 2165 Pater
575 2120 622 2162 et
641 2112 792 2163 Filius
817 2119 868 2161 et
895 2113 1099 2174 Spiritus
1125 2120 1314 2161 sanctus
1343 2119 1454 2162 sunt
1484 2123 1579 2162 una
1602 2114 1824 2175 essentia,
1859 2127 1954 2163 una
1986 2116 2273 2178 substantia,

271 2208 458 2257 unaque
499 2200 686 2242 natura.
711 2194 878 2241 Verum
913 2194 1138 2241 unitatem
1177 2194 1446 2255 hujusmodi
1483 2206 1578 2241 non
1619 2206 1777 2241 veram
1818 2199 1867 2241 et·
1903 2196 2163 2256 propriam,
2190 2196 2274 2245 sed

271 2275 408 2338 quasi
432 2270 727 2322 collectivam
746 2278 793 2319 et
819 2271 1251 2339 similitudinariam
1284 2285 1390 2320 esse
1411 2271 1616 2332 fatetur3
1640 2274 2030 2335 quemadmodum
2053 2274 2275 2323 dicuntur

271 2355 406 2403 multi
440 2352 656 2401 homines
696 2365 817 2399 unus
851 2352 1072 2414 populuS,
1101 2358 1148 2400 et
1179 2352 1313 2400 multi
1354 2352 1518 2400 fideles
1554 2366 1650 2401 una
1688 2353 1916 2415 Ecclesia,
1949 2354 2081 2415 juxta
2108 2354 2226 2403 illud
2256 2366 2269 2401 τ

271 2436 586 2483 Multitudinis
618 2433 908 2479 credentium
941 2439 1045 2479 erat
1075 2447 1158 2479 cor
1203 2447 1351 2480 unum
1375 2440 1421 2479 et
1469 2436 1635 2481 anima
1656 2448 1757 2481 una
1782 2447 1798 2481 .·
1822 2439 1869 2481 et
1907 2445 1921 2481 ε
1951 2436 2043 2491 Qui
2068 2437 2273 2482 adhoeret

231 2570 238 2578 ,
273 2518 384 2575 000,
411 2528 534 2562 tonus
561 2516 765 2574 Spiritus
787 2520 854 2560 eat
877 2527 982 2560 cum
1006 2517 1106 2573 illo,
1132 2515 1245 2562 Item
1269 2526 1282 2561 ε
1309 2516 1397 2570 Qui
1406 2516 1599 2573 plantat
1618 2520 1661 2560 et
1680 2518 1759 2573 qui
1783 2517 1927 2573 rigat,
1953 2528 2101 2561 unum
2120 2521 2230 2561 sunt
2255 2531 2271 2562 .-

269 2602 320 2645 et
342 2607 356 2643 ε
384 2594 550 2644 Omnes
570 2608 718 2641 unum
745 2608 914 2654 corpus
943 2607 1100 2640 sumus
1124 2598 1175 2640 in
1200 2596 1400 2640 Christo.
1430 2596 1611 2642 Rursus
1633 2594 1682 2640 in
1701 2593 1823 2641 libro
1848 2606 2009 2656 regum
2034 2605 2047 2640 ε
2070 2596 2273 2653 Populus

270 2687 397 2723 meua
417 2683 466 2723 et
490 2677 693 2735 populus
723 2681 829 2721 tuus
862 2688 1010 2721 aivum
1035 2680 1164 2721 sunt.
1199 2672 1270 2722 Ad
1299 2674 1421 2721 hanc
1447 2680 1604 2721 autem
1632 2673 1915 2721 sententiam
1938 2672 2271 2721 adstruendam

271 2748 388 2802 illud
411 2754 707 2815 potissimum
730 2753 922 2801 verbum
945 2752 1126 2801 inducit
1148 2750 1275 2815 quod
1293 2753 1508 2801 Christus
1530 2751 1590 2801 de
1616 2751 1831 2801 fidelibus
1855 2753 2011 2814 inquit
2032 2752 2083 2800 in
2106 2753 2271 2799 Evan-

273 2834 393 2895 gelio
419 2845 432 2880 t
463 2835 588 2891 Volo,
619 2835 778 2892 Pater,
806 2839 858 2879 ut
877 2836 973 2879 sint
995 2848 1144 2881 unum
1167 2835 1218 2879 in
1241 2832 1389 2893 nobis,
1416 2837 1537 2880 sicut
1555 2839 1597 2879 et
1624 2846 1709 2879 nos
1734 2847 1882 2880 unum
1908 2846 2087 2893 sumus,
2106 2839 2159 2879 ut
2176 2836 2272 2880 aim

273 2915 581 2975 consummati
612 2914 664 2957 in
701 2925 866 2958 unum.
892 2912 994 2959 Non
1031 2912 1174 2973 enim,
1201 2917 1255 2961 ut
1277 2914 1361 2973 ait,
1392 2912 1555 2962 fideles
1582 2912 1755 2961 Christi
1788 2920 1899 2961 sunt
1935 2926 2098 2973 unum,
2130 2912 2179 2961 id
2198 2919 2272 2961 est

272 3004 365 3039 una
397 2989 609 3054 quaedam
641 3002 720 3037 res
749 3002 854 3051 quae
888 2992 1148 3038 communis
1177 2992 1240 3039 sit
1272 2983 1523 3053 omnibus,
1564 2993 1648 3041 sed
1676 2994 1755 3041 hic
1793 2992 1931 3041 modo
1970 2998 2080 3040 sunt
2105 3004 2271 3052 unum,

271 3070 322 3121 id
337 3078 409 3119 est
433 3083 526 3119 una
548 3068 756 3117 Ecclesia
772 3076 960 3130 propter
978 3070 1220 3118 catholicae
1238 3069 1346 3118 fidei
1369 3071 1615 3130 unitatem,
1634 3077 1682 3119 et
1701 3071 1890 3119 tandem
1912 3084 2057 3119 unum
2075 3084 2273 3134 regnum

272 3155 460 3213 propter
481 3149 702 3197 unionem
727 3149 1068 3197 indissolubilis
1087 3149 1313 3198 caritatis.
1339 3150 1739 3207 Quemadmodum
1759 3151 1808 3198 in
1832 3150 2059 3198 canonica
2076 3150 2271 3209 §oannis

271 3230 470 3291 epistola
491 3229 662 3290 legitur
683 3240 696 3276 τ
720 3231 838 3285 Quia
858 3236 951 3276 tres
971 3236 1081 3276 sunl
1099 3233 1179 3289 qui
1202 3230 1517 3277 testimonium
1535 3232 1653 3277 dant
1670 3234 1724 3277 in
1742 3232 1867 3289 coelo,
1894 3232 2054 3289 Pater,
2074 3231 2271 3279 Verbum

272 3317 315 3357 et
338 3312 542 3370 Spiritus
576 3316 795 3371 sanctum
816 3316 861 3356 et
886 3312 936 3356 hi
965 3317 1057 3356 tres
1090 3323 1238 3357 unum
1265 3317 1391 3360 sunt.
1436 3309 1693 3372 Statimque
1721 3309 2055 3372 subjungitur:
2076 3312 2139 3358 Et
2174 3317 2270 3357 tres

271 3397 380 3438 sunt
403 3394 481 3450 qui
516 3394 828 3438 testimonium
867 3392 983 3438 dant
1016 3395 1068 3437 in
1110 3397 1245 3438 term
1272 3408 1288 3441 .-
1312 3395 1525 3452 spiritus,
1552 3405 1677 3451 aqua
1706 3397 1753 3438 ee
1773 3395 1963 3451 sanquis
1972 3406 1993 3452 ;
2023 3397 2069 3439 ot
2099 3393 2151 3439 tn·
2174 3398 2268 3438 tros

272 3485 418 3519 unum
447 3477 584 3532 επις
605 3471 726 3519 sicut
751 3470 801 3518 in
825 3469 1066 3518 codicibus
1090 3470 1369 3531 quibusdam
1392 3471 1648 3519 invenitur.

331 3550 426 3600 Nos
453 3557 626 3609 autem,
653 3564 788 3599 sacro
823 3556 870 3599 et
892 3550 1149 3599 universali
1175 3551 1376 3599 concilio
1406 3551 1713 3613 approbante,
1742 3552 1978 3601 credimus
2000 3558 2046 3601 et
2072 3552 2268 3603 confite-

269 3646 375 3683 mur
411 3647 515 3682 cum
563 3632 717 3691 Petro,
757 3632 884 3695 quod
917 3646 1014 3680 una
1050 3632 1264 3695 quaedam
1301 3644 1484 3681 summa
1522 3643 1599 3681 res
1650 3638 1741 3693 est,
1778 3632 2268 3695 incomprehensibilis

272 3713 458 3776 quidem
495 3718 542 3761 et
572 3712 843 3771 ineffabilis,
875 3724 977 3774 quae
1001 3712 1228 3760 veraciter
1250 3718 1320 3760 est
1353 3715 1491 3762 Pater
1514 3717 1560 3760 et
1583 3711 1731 3761 Filius
1758 3719 1804 3763 et
1836 3714 2036 3776 Spiritus
2058 3720 2267 3774 sanctus,

273 3798 368 3843 tres
391 3792 531 3843 simul
555 3804 781 3857 personae,
811 3804 866 3843 ac
887 3791 1157 3854 siugulatim
1183 3791 1405 3855 quaelibet
1426 3792 1713 3842 earumdem.
1748 3793 1803 3841 Et
1836 3790 1943 3842 ideo
1968 3794 2018 3844 in
2048 3794 2141 3843 Deo
2168 3793 2281 3842 Tri·-
