2784 4392
529 275 650 335 382
1007 293 1060 337 a.
1104 292 1336 335 ‘moiun
1381 290 1707 341 nouimus
1748 288 2057 333 opuscuna

533 407 786 478 quaedam
817 406 923 463 alia
965 404 1288 463 Aristoteles
1315 406 1521 461 eisdem
1548 404 1802 459 attribuit
1844 405 1895 459 in
1927 402 2155 474 praefato
2184 402 2325 459 libro
2360 420 2377 457 ε
2416 404 2552 475 quia

535 495 788 553 volebant
813 494 1068 550 mulieres
1089 494 1434 550 instruendas
1460 492 1513 548 in
1542 493 1702 548 rebus
1726 493 1955 548 bellicis.
1978 492 2223 562 Quorum
2246 507 2546 563 argumen-

537 595 649 642 tum
680 583 890 639 inducit
932 583 1228 639 secundum
1261 582 1425 653 ipsos»,
1470 582 1599 653 quia
1636 582 1885 637 videmus
1924 581 1981 636 in
2022 581 2216 639 avibus
2254 580 2548 654 rapacibus

533 673 826 729 lerociores
871 686 958 727 es.
947 687 991 727 ·e
1034 671 1286 727 foeminas
1331 679 1386 726 et
1415 670 1689 725 efficacius
1729 684 1989 741 pugnare,
2034 669 2137 725 hoc
2182 669 2328 725 idem
2372 674 2433 723 et
2478 669 2547 723 de

535 760 722 815 bestiis
752 760 943 833 liquet,
981 760 1125 816 sicut
1162 760 1438 833 praecipue
1476 760 1531 814 in
1573 758 1849 815 ferocibus
1889 757 2215 814 animalibus
2244 764 2328 813 est
2360 754 2546 812 mani-

532 847 752 903 festum.

601 936 848 1009 Amplius
878 942 1064 992 autem
1087 934 1370 1009 corporale
1393 935 1715 992 exercitium
1740 934 1949 990 confert
1982 934 2242 997 l'oeminis,
2274 939 2547 1007 quantum

531 1022 599 1078 ad
637 1023 897 1079 virtutem
925 1025 1170 1097 corporis
1197 1032 1253 1081 et
1279 1024 1677 1086 fortitudinem,
1710 1022 1855 1078 sicut
1882 1023 1937 1077 in
1973 1021 2186 1078 ancillis
2213 1020 2546 1077 familiarum

531 1118 587 1165 et
632 1110 951 1169 mulieribus
993 1113 1285 1168 rusticanis
1327 1120 1413 1169 est
1442 1111 1810 1175 manifestum,
1852 1110 1983 1183 quia
2026 1110 2283 1165 fortiores
2324 1116 2454 1164 sunt
2490 1114 2547 1163 et

531 1198 795 1253 saniores.
822 1200 1056 1255 Virtutis
1081 1206 1263 1256 autem
1296 1201 1576 1272 proprium
1604 1207 1707 1265 est,
1737 1198 1885 1271 quod
1916 1198 2117 1254 bonum
2144 1197 2312 1254 saciat
2337 1197 2547 1253 haben-

533 1293 664 1352 tom,
693 1296 750 1343 et
774 1302 913 1359 opus
942 1304 1103 1343 suum
1141 1288 1341 1344 bonum
1375 1289 1589 1345 reddat.
1618 1290 1675 1345 Si
1700 1303 1830 1360 ergo
1858 1286 1913 1342 in
1942 1288 2243 1361 gymnasiis
2287 1302 2354 1343 ac
2384 1287 2549 1343 rebus

534 1373 746 1430 bellicis
781 1375 954 1446 magis
983 1367 1323 1431 confortatur
1358 1374 1615 1432 soeminea
1655 1376 1849 1442 virtus,
1885 1388 2124 1446 congrue
2152 1389 2321 1447 opera
2340 1372 2549 1429 bellica

535 1462 792 1521 videntur
817 1462 1022 1519 eisdem
1053 1470 1384 1537 competere.

607 1552 856 1624 Amplius
897 1559 1085 1609 autem
1122 1553 1401 1625 proportio
1443 1551 1774 1625 qualitatum
1813 1551 2116 1625 primarum
2154 1550 2220 1605 ad
2268 1550 2371 1607 hoc
2402 1550 2546 1605 idem

537 1729 810 1793 deductis,
852 1728 1182 1784 fortificatur
1217 1730 1453 1785 mixtum
1491 1728 1547 1783 in
1588 1743 1689 1789 sua
1717 1728 1941 1783 virtute.
1982 1726 2071 1783 Sic
2116 1727 2262 1782 enim
2300 1726 2548 1781 videmus

541 1816 685 1887 ligna
714 1816 909 1871 viridia
935 1833 1002 1871 ex
1041 1831 1150 1889 quo
1179 1818 1234 1871 in
1271 1817 1350 1872 eis
1384 1816 1668 1873 humidum
1692 1823 1777 1871 est
1806 1823 2207 1887 consumptum,
2244 1823 2299 1870 et
2324 1814 2391 1871 ad
2430 1830 2547 1868 ine-

539 1905 688 1960 dium
714 1904 1030 1971 deductum,
1059 1904 1204 1977 quod
1231 1905 1427 1960 fortius
1450 1906 1665 1961 ardent.
1688 1905 1779 1963 Sic
1802 1905 1967 1961 etiam
1996 1902 2283 1960 videmus'
2270 1918 2325 1957 in
2354 1901 2552 1958 avibus

541 1991 846 2064 rapacibus,
879 1992 1024 2063 quod
1056 1992 1294 2047 soeminae
1323 1992 1536 2047 ratione
1564 1993 1650 2049 aui
1690 1999 1873 2049 motus
1908 1998 2038 2050 sunt
2067 1992 2308 2047 fortioris
2338 1996 2553 2047 naturae

541 2084 596 2131 et
624 2078 848 2149 majoris
873 2072 1248 2150 corpulentiae.
1280 2080 1417 2134 Cum
1448 2079 1613 2151 igitur
1658 2079 1710 2135 in
1742 2078 2059 2135 mulieribus
2086 2080 2327 2135 abundet
2364 2080 2549 2133 humi-

476 2232 481 2235 ,
540 2168 689 2231 ilum,
722 2165 866 2221 sicut
891 2166 951 2220 in·
978 2167 1179 2239 pueris,
1213 2183 1308 2240 per
1346 2174 1555 2223 motum
1580 2168 1938 2235 consumitur,
1970 2174 2027 2225 et
2055 2169 2205 2224 venit
2234 2168 2301 2223 ad
2336 2176 2553 2239 tempe-

545 2259 868 2319 ramentum,
901 2262 957 2309 et
983 2254 1127 2309 vires
1156 2255 1372 2328 recipit.

616 2342 787 2412 Hujus
807 2346 988 2397 aut-ern
1009 2350 1390 2414 argumentum
1416 2344 1713 2399 assumitur
1732 2342 1801 2398 de
1826 2356 1993 2414 regno
2017 2345 2372 2409 Amazonum,
2400 2344 2546 2415 quod

547 2430 900 2485 fortissimum
931 2430 1033 2485 fuit
1057 2432 1110 2485 in
1137 2430 1380 2497 Oriente,
1412 2439 1468 2487 et
1496 2430 1654 2503 quasi
1684 2437 1853 2495 totam
1881 2433 2065 2487 Asiam
2087 2430 2305 2487 tertiam
2339 2439 2551 2504 pai-tem

544 2518 691 2575 orbis
728 2519 1155 2591 subjugaverunt
1201 2520 1325 2587 sibi,
1367 2528 1428 2576 ut
1474 2519 1717 2577 historiae
1762 2526 2003 2586 narrant,
2050 2534 2175 2591 quae
2214 2520 2284 2575 de
2329 2521 2554 2594 Scythis

544 2608 898 2664 orientalibus
928 2614 1211 2665 traxerunt
1238 2609 1504 2681 originem
1542 2626 1555 2665 τ
1591 2608 1733 2665 unde
1760 2615 1815 2665 et
1845 2608 1989 2682 apud
2020 2608 2163 2678 ipsos
2186 2609 2445 2681 Scythas,
2481 2612 2553 2666 do

545 2695 742 2765 quibus
770 2696 1166 2751 descenderunt
1197 2697 1434 2763 Tartari,
1465 2698 1719 2755 mulieres
1746 2697 1803 2753 in
1840 2698 2002 2753 rebus
2025 2696 2231 2753 bellicis
2258 2712 2551 2771 exponun-

548 2789 652 2846 tur,
681 2789 736 2836 et
761 2796 885 2837 cum
907 2784 1021 2838 suis
1046 2784 1284 2841 militant
1309 2785 1460 2841 viris.

615 2872 693 2926 Ex
735 2872 934 2945 quibus
974 2874 1226 2930 omnibus
1268 2878 1399 2931 moti
1446 2875 1585 2932 forte
1623 2877 1843 2932 fuerunt
1881 2876 2095 2949 prael'ati
2140 2875 2452 2949 Philosophi
2493 2876 2553 2931 in

545 2959 934 3016 constitutione
965 2962 1187 3035 politiae,
1228 2964 1483 3021 mulieres
1516 2965 1629 3021 fore
1659 2966 1728 3021 ad
1756 2980 1921 3039 opera
1950 2965 2146 3021 bellica
2178 2966 2548 3038 exponendae.

615 3049 718 3105 Sed
749 3057 938 3105 contra
970 3050 1108 3107 banc
1147 3052 1392 3125 politiam
1435 3054 1671 3110 rationes
1712 3060 1841 3109 sunt
1875 3052 2061 3114 fortes.
2094 3054 2315 3127 quibus
2330 3052 2551 3108 difficile

545 3146 629 3194 est
660 3112 1007 3212 respondere.
1038 3140 1156 3197 Una
1203 3144 1425 3215 quidem
1454 3148 1537 3197 est
1579 3140 1889 3198 Aristotelis
1926 3140 1978 3197 in
2023 3143 2070 3197 11
2108 3142 2265 3199 Polie.
2306 3157 2325 3198 .·
2358 3162 2383 3194 α
2418 3141 2550 3214 quia

545 3242 649 3283 non
675 3236 758 3283 est
783 3228 976 3283 eadem
1007 3229 1148 3285 ratio
1176 3230 1247 3286 do
1275 3228 1601 3287 animalibus
1620 3237 1675 3285 et
1705 3229 2035 3297 hominibus,
2066 3245 2133 3285 eo
2162 3230 2309 3302 quod
2334 3232 2550 3286 anima·

544 3315 614 3372 lia
644 3330 748 3371 non
777 3314 1143 3387 suinciuntur
1172 3317 1412 3373 dominio
1442 3318 1796 3374 aeconomico.
1832 3319 1991 3374 Solus
2021 3326 2207 3375 autem
2240 3317 2401 3374 homo
2444 3332 2550 3389 gu-

540 3404 848 3461 bernationi
877 3405 1108 3463 intendit
1149 3405 1391 3463 familiai.
1431 3426 1457 3458 n
1497 3405 1633 3477 Quae
1671 3407 1895 3481 quidem
1922 3406 2039 3463 lieri
2066 3425 2172 3465 non
2210 3413 2409 3481 potest,
2456 3406 2548 3463 ubi

543 3493 796 3551 mulieres
824 3502 1224 3563 exponerentur
1263 3494 1449 3561 armiS,
1488 3495 1618 3568 quia
1662 3496 1806 3551 sicut
1856 3496 1907 3551 in
1940 3494 2162 3569 politica
2199 3496 2379 3553 officia
2420 3500 2551 3551 sunt

533 3582 819 3647 distincta,
858 3582 934 3637 ita
959 3589 1015 3637 et
1055 3583 1108 3638 in
1137 3583 1460 3652 oeconomia,
1498 3590 1558 3639 ut
1588 3582 2003 3656 paterfamilias
2032 3584 2100 3641 ad
2136 3582 2407 3640 extoriora
2447 3598 2551 3638 ne-

539 3670 686 3741 gotia
716 3669 968 3735 intendit,
995 3670 1250 3727 mulieres
1271 3677 1453 3727 autem
1480 3671 1549 3727 ad
1574 3671 1899 3729 intrinsecos
1928 3680 2085 3728 actus
2110 3669 2353 3729 familias.
2382 3672 2552 3743 Cujus

535 3756 759 3824 quidem
798 3766 1174 3830 argumentum
1207 3774 1485 3816 assumere
1520 3776 1807 3834 possumus
1843 3778 1909 3817 ex
1942 3768 2097 3833 parte
2134 3760 2400 3817 Romanae
2437 3760 2553 3815 rei-

537 3843 790 3914 publicae,
827 3860 970 3918 quae,
1005 3852 1064 3901 ut
1093 3847 1318 3905 tradunt
1353 3848 1615 3917 historiae,
1654 3849 1791 3907 duos
1828 3848 2067 3910 habebat
2092 3852 2368 3911 consutos.
2398 3848 2554 3907 Unus
