2784 4392
2219 1 2228 3 u
2251 1 2262 2 ἡ
2289 0 2783 15 rj——ffi

512 68 730 186 (³542oest
785 89 857 167 ³?—
927 32 1086 133 ‘774
1107 71 1268 132 7⁷²²ss

376 199 461 225 Λ
836 218 854 232 -Ι

320 233 358 261 s
799 255 911 310 xv.
938 269 1021 288 --
1045 255 1126 307 nn
1167 254 1474 303 atterum
1490 297 1496 301 .
1514 253 1867 302 vammum
2204 233 2349 304 2952.

323 370 566 444 explere.
592 369 692 432 Est
718 369 888 444 igitur
912 372 1168 430 nocivum
1209 371 1445 439 civitati,
1471 371 1557 430 vel
1586 350 1665 427 ex*
1700 370 1803 428 loci
1831 368 2208 442 dispositione,
2238 366 2331 424 vel

321 475 393 516 ex
417 459 851 536 quibuscumque
875 460 998 518 aliis
1025 461 1206 530 rebuS,
1235 461 1450 518 deliciis
1476 459 1769 534 superfluis
1792 458 2091 516 abundare.
2138 442 2186 511 *li

395 550 774 622 Opportunum
796 555 880 608 est
903 549 1072 622 igitur
1097 551 1155 607 in
1193 549 1609 608 conversatione
1648 549 1889 607 humana
1928 547 2203 604 modicum
2226 539 2329 603 de'-
2522 557 2557 616 ‘z

322 637 653 706 lactationiS,
697 639 852 712 quasi
892 655 990 712 pro
1029 639 1379 698 condimento
1415 638 1635 705 habere,
1676 645 1738 696 ιιι
1784 638 1999 694 animus
2046 633 2329 694 hominum

240 751 288 768 υ
322 715 790 810 recreetq-rssjuia
814 735 876 784 ut
899 729 1105 786 Seneca
1132 727 1271 786 dicit
1297 727 1376 786 De
1414 726 1813 798 tranquillitate
1850 724 2045 791 animi,
2074 723 2146 780 ad
2168 723 2330 780 Sere-

321 831 485 874 num:
509 836 537 870 u
565 815 758 874 Danda
787 824 871 873 est
907 814 1104 873 animis
1133 815 1402 876 remissio,
1438 835 1465 868 »
1498 815 1747 874 meliores
1786 814 1930 872 enim
1980 813 2333 886 aptioresque

322 903 560 977 requieti
605 909 916 976 resurgunt,
943 905 1102 977 quasi
1127 906 1298 978 prosit
1327 904 1511 963 animo
1538 908 1843 977 temperate
1883 901 2097 959 deliciis
2133 899 2237 969 uti,
2265 905 2331 956 ut

322 993 404 1048 sal
445 993 502 1050 in
547 992 796 1051 ciborum
832 1000 1055 1050 coctura
1097 1008 1195 1066 pro
1242 993 1486 1066 ipsorum
1522 991 1816 1060 suavitate,
1860 990 2008 1066 quod
2054 983 2333 1062 superflue

323 1080 628 1140 immissum
675 1081 796 1138 illos
842 1081 1162 1156 corrumpit.
1213 1081 1465 1154 Amplius
1510 1087 1715 1148 autem,
1748 1079 1795 1136 si
1838 1081 1891 1136 id
1936 1078 2083 1152 quod
2126 1083 2213 1136 est
2258 1077 2332 1133 ad

325 1170 506 1241 finem,
531 1176 592 1227 ut
625 1170 748 1226 finis
775 1171 1058 1244 quaeritur,
1091 1170 1302 1228 tollitur
1343 1179 1401 1228 et
1427 1170 1731 1227 destruitur
1752 1169 1889 1227 ordo
1916 1172 2149 1228 naturae.
2177 1165 2334 1224 Sicut

323 1258 370 1324 si
413 1257 566 1314 faber
607 1260 808 1332 quaerit
853 1259 1162 1317 martellum
1205 1264 1431 1334 propter
1472 1273 1531 1316 se
1573 1259 1772 1332 ipsum,
1804 1265 1901 1316 aut
1948 1255 2332 1330 carpentarius

324 1363 552 1416 serram,
579 1349 695 1404 sive
717 1348 964 1408 medicus
991 1349 1340 1415 medicinam,
1361 1363 1487 1421 quae
1514 1348 1838 1406 ordinantur
1866 1345 1935 1404 ad
1964 1360 2095 1402 suos
2116 1344 2335 1402 debitos

323 1435 479 1492 fines.
501 1436 648 1493 Finis
673 1445 858 1494 autem
882 1453 1046 1510 quem
1075 1453 1170 1493 rex
1193 1438 1250 1493 in
1274 1437 1503 1495 civitate
1530 1437 1617 1493 sui
1646 1435 1927 1508 regiminis
1954 1433 2118 1490 debet
2146 1432 2337 1490 inten-

325 1525 475 1595 dere,
502 1530 586 1581 est
621 1525 807 1582 vivere
844 1525 1144 1584 secundum
1170 1525 1462 1593 virtutem3
1496 1525 1713 1584 caeteris
1752 1529 1936 1582 autem
1970 1520 2203 1595 quilibet
2246 1520 2334 1576 uti

325 1611 508 1684 debet,
535 1613 679 1668 sicut
706 1612 792 1668 his
815 1629 941 1686 quae
976 1619 1106 1668 sunt
1133 1613 1202 1668 ad
1230 1613 1413 1681 finem,
1442 1620 1499 1668 et
1528 1618 1797 1684 quantum
1842 1616 1927 1669 est
1963 1608 2335 1678 necessarium

326 1701 382 1757 in
412 1701 790 1776 prosequendo
811 1701 994 1757 finem.
1019 1703 1136 1758 Hoc
1163 1707 1350 1757 autem
1372 1715 1481 1758 non
1508 1700 1778 1771 contingit
1813 1699 1869 1754 in
1898 1697 1983 1755 his
2010 1695 2110 1772 qui
2134 1711 2336 1771 super-

327 1789 433 1846 flue
462 1789 915 1847 delectationibus
939 1788 1266 1856 innituntur,
1293 1789 1425 1864 quia
1449 1776 2015 1846 tales'delectationes
2036 1801 2154 1844 non
2180 1784 2336 1845 ordi-

327 1883 525 1934 nantur
561 1877 632 1934 ad
665 1877 830 1933 finem
866 1878 984 1950 jam
1028 1877 1258 1944 dictum,
1290 1876 1401 1932 imo
1443 1869 1617 1950 quaeri
1656 1873 1911 1935 videntur
1944 1881 2006 1931 ut
2041 1873 2195 1944 finis;
2221 1888 2335 1949 quo

327 1967 548 2040 quidem
579 1966 739 2024 modo
769 1966 1096 2023 videbantur
1115 1964 1360 2024 vallanti
1383 1964 1465 2023 illi
1492 1965 1646 2040 impii
1672 1965 1767 2038 qui
1798 1965 1855 2021 in
1898 1963 1992 2020 lib.
2020 1963 2149 2037 Sap.
2182 1978 2248 2030 u,
2276 1967 2333 2030 6,

329 2057 584 2112 dicuntur
610 2071 719 2112 non
742 2063 890 2112 recte
919 2055 1243 2127 cogitantes,
1259 2062 1320 2113 ut
1343 2055 1497 2113 dicta
1520 2055 1802 2127 Scriptura
1822 2057 2057 2112 testatur
2079 2069 2093 2110 ε
2124 2049 2333 2118 Venite,
2402 2045 2407 2050 ’

325 2145 585 2218 fruamur
613 2145 763 2201 bonis
786 2161 902 2220 quoe
928 2159 1073 2208 sunt,
1105 2144 1252 2218 quod
1280 2135 1360 2201 ad⁴
1373 2143 1539 2202 finem
1568 2143 1822 2216 pertinet,
1852 2149 1910 2198 et
1931 2149 2157 2201 utamur
2178 2155 2338 2198 crea-

328 2242 475 2302 tura,
509 2241 765 2308 tanquam
805 2233 868 2290 in
890 2234 1172 2306 juventute
1213 2233 1481 2299 celeriter,
1509 2240 1566 2291 et
1594 2240 1798 2290 caetera
1828 2247 1957 2308 quae
1991 2231 2198 2290 ibidem
2241 2247 2337 2288 se·-

329 2333 590 2396 quantur.
614 2325 675 2381 In
721 2323 923 2396 quibus
957 2321 1349 2381 immoderatus
1375 2337 1511 2380 usus
1544 2319 1951 2380 delectabilium
1980 2319 2245 2394 corporis,
2272 2323 2339 2376 ut

322 2413 580 2487 juvenilis
621 2412 805 2470 aetatis
840 2410 1168 2478 ostenditur,
1199 2416 1256 2467 et
1291 2410 1457 2482 digne
1498 2425 1533 2468 a
1570 2409 1853 2482 Scriptura
1892 2408 2333 2481 reprehenditur.

329 2493 467 2559 Hinc
494 2507 578 2558 est
619 2501 768 2576 quod
814 2498 1140 2558 Aristoteles
1170 2500 1224 2556 in
1253 2498 1437 2556 Echio.
1470 2513 1629 2556 usum
1655 2496 2063 2564 delectabilium
2090 2497 2339 2569 corporis

331 2591 452 2648 usui
487 2590 736 2648 ciborum
777 2587 1063 2656 assimilat,
1095 2589 1191 2664 qui
1235 2587 1471 2664 amplius
1510 2587 1761 2644 minusve
1806 2585 2013 2660 sumpti
2040 2584 2338 2642 sanitatem

330 2687 714 2754 corrumpunt3
745 2678 840 2751 qui
881 2687 1076 2736 autem
1108 2677 1537 2734 commensurati
1574 2683 1721 2744 sunt,
1762 2683 1821 2734 et
1858 2675 2093 2744 salvant,
2131 2680 2193 2732 et
2232 2689 2341 2734 au-

331 2776 480 2842 gent.
535 2769 620 2826 Ita
667 2769 738 2826 de
795 2767 1002 2826 virtute
1053 2766 1346 2840 contingit,
1395 2765 1546 2826 circa
1600 2765 1951 2826 amoenitates
2000 2771 2059 2823 et
2106 2762 2340 2824 delicias

330 2858 631 2915 hominum.

1113 3035 1399 3107 CAPUT
1467 3037 1553 3106 V.

345 3169 522 3246 Quod
547 3167 944 3234 necessarium
989 3173 1076 3231 est
1117 3168 1251 3250 περὶ
1276 3173 1335 3234 et
1373 3168 1723 3248 cuicumque
1762 3165 1999 3230 domino
2034 3161 2377 3232 abundare

417 3261 657 3322 divitiis
692 3257 1137 3338 temporalibus,
1163 3275 1295 3342 quoe
1315 3255 1631 3324 naturales
1662 3259 1978 3331 vocantur,
2001 3259 2060 3320 et
2073 3253 2341 3335 ponitur

416 3367 620 3414 eausa.

409 3484 504 3540 His
540 3483 706 3554 igitur
743 3481 824 3542 sic
871 3481 1141 3552 deductis,
1169 3497 1296 3556 quae
1342 3481 1413 3540 ad
1460 3477 1820 3538 substantiale
1860 3493 1981 3536 esse
2034 3474 2341 3545 civilitatis,

340 3574 455 3630 sive
480 3572 705 3648 politiae,
737 3587 832 3627 seu
874 3571 1072 3643 regalis
1095 3569 1375 3643 regiminis
1418 3570 1791 3642 requiruntur,
1824 3568 1893 3626 ad
1918 3581 2155 3641 quorum
2178 3565 2346 3622 insti·-

343 3664 610 3719 tutionem
659 3667 715 3718 et
769 3660 1167 3734 providentiam
1230 3675 1326 3725 rex
1379 3658 1755 3733 principaliter
1816 3656 1981 3714 debet
2035 3654 2363 3723 intendere,.

345 3753 614 3828 agendum
641 3759 724 3807 est
748 3751 818 3806 de
846 3748 1174 3823 quibusdam
1195 3765 1320 3822 quae
1357 3747 1429 3806 ad
1464 3763 1653 3820 regem
1681 3746 1957 3821 pertinent
1993 3744 2049 3803 in
2076 3743 2345 3802 relatione

349 3842 418 3906 nd
443 3841 711 3910 subditos,
732 3840 873 3898 unde
897 3845 956 3897 et
977 3855 1136 3900 suum
1161 3838 1403 3912 regimen
1428 3836 1667 3913 quietius
1687 3833 2121 3910 gubernetur.Et
2141 3849 2377 3912 quam-j
