2784 4392
421 276 542 347 284
899 296 953 347 s·
997 293 1230 345 'raom
1269 291 1603 349 neomutus
1640 292 1955 345 ornanum

419 434 609 477 curam
647 418 812 476 habet
849 414 1216 484 restaurandi,
1257 415 1306 473 si
1349 414 1485 489 quid
1527 413 1829 489 collapsum
1860 413 1997 471 fueri
2034 414 2091 471 in
2137 410 2283 482 navi,
2326 410 2427 471 sed

421 514 588 565 nauta
630 506 1056 565 sollicitudinem
1103 505 1248 565 fierit
1297 512 1360 563 ut
1402 520 1600 564 navem
1636 505 1905 578 perducat
1945 502 2016 561 ad
2060 500 2309 577 portum3
2348 504 2431 561 sic

419 598 587 654 etiam
616 598 885 669 contingit
915 598 969 653 in
997 596 1240 653 homine.
1257 596 1402 651 Nam
1432 594 1679 653 medicus
1702 608 1891 651 curam
1920 594 2062 665 gerit
2090 601 2151 651 ut
2181 594 2293 650 vita
2324 592 2427 649 ho-

421 688 586 743 minis
625 691 983 745 conservetur
1029 685 1089 741 in⁴
1127 683 1393 753 sanitate3
1435 696 1769 749 oeconomuS,
1801 691 1861 738 ut
1904 688 2196 755 suppetant
2236 697 2426 739 neces-

419 776 567 832 saria
598 776 756 845 vitae3
789 774 981 831 doctor
1021 778 1206 831 autem
1253 787 1440 829 curam
1475 771 1619 843 gerit
1666 776 1725 827 ut
1760 770 2052 827 veritatem
2097 779 2426 843 cognoscat3

419 864 703 921 institutor
736 870 920 921 autem
963 859 1195 929 morum,
1234 867 1291 916 ut
1322 860 1625 917 secundum
1672 859 1941 915 rationem
1986 860 2154 916 vivat.
2182 859 2338 929 Quod
2376 862 2422 915 si

419 953 580 1009 homo
620 968 724 1008 non
769 953 1114 1009 ordinaretur
1155 950 1226 1009 ad
1271 948 1421 1007 aliud
1452 948 1694 1005 exterius
1732 948 1955 1015 bonum,
1990 948 2303 1005 sufficerent
2327 948 2433 1005 ho-

421 1041 552 1096 mini
581 1056 730 1097 curae
754 1041 1056 1113 praedictae.

489 1130 596 1187 Sed
619 1135 704 1185 est
729 1130 1004 1202 quoddam
1042 1129 1242 1187 bonum
1269 1134 1591 1185 extraneum
1622 1125 1826 1182 homini
1870 1126 2191 1198 quamdium
2222 1133 2423 1185 morta-

423 1218 548 1274 liter
571 1217 727 1283 vivit,
761 1218 970 1274 scilicet
1007 1217 1198 1273 ultima
1229 1216 1534 1284 beatitud0,
1562 1230 1687 1287 quae
1712 1216 1767 1269 in
1809 1215 2066 1271 fruitione
2104 1216 2203 1271 Dei
2228 1233 2423 1289 expec-

421 1312 569 1363 tatur
596 1315 720 1379 post
750 1313 1002 1362 mortem.
1029 1305 1189 1375 Quia,
1209 1313 1268 1359 ut
1299 1303 1593 1376 Apostolus
1624 1306 1701 1359 ait
1727 1304 1767 1358 ll
1792 1303 1859 1360 ad
1885 1304 2009 1359 Cor.
2040 1320 2094 1371 v,
2118 1308 2149 1361 6
2184 1322 2196 1359 :
2222 1301 2426 1371 Quam-

419 1396 516 1453 diu
543 1412 724 1453 sumus
742 1394 802 1451 in
825 1409 1064 1467 corpore,
1089 1392 1505 1465 pereqrinam‘ur
1532 1408 1569 1447 a
1593 1391 1839 1447 Domino.
1869 1392 2024 1447 Unde
2054 1392 2217 1448 homo
2250 1394 2427 1449 chris-

422 1488 622 1553 uanus,
655 1486 743 1541 cui
773 1482 1058 1541 beatitudo
1085 1482 1178 1537 illa
1208 1477 1292 1539 ‘est
1332 1496 1430 1553 per
1472 1480 1672 1537 Christi
1702 1482 2024 1552 sanguinem
2052 1482 2341 1555 acquisita,
2372 1490 2429 1537 et

301 1602 315 1647 .·
419 1575 510 1647 qui
539 1590 636 1648 pro
661 1590 726 1631 ea
752 1572 1096 1646 assequenda
1119 1571 1354 1643 Spiritus
1377 1570 1553 1627 sancti
1580 1568 1796 1627 arrham
1828 1571 2057 1644 accepit,
2090 1571 2294 1641 indiget
2319 1570 2425 1627 alia

301 1655 308 1681 ²
419 1662 688 1735 spirituali
715 1678 866 1731 cura,
895 1678 993 1735 per
1015 1676 1182 1733 quam
1207 1659 1477 1731 dirigatur
1498 1659 1565 1716 ad
1588 1666 1802 1731 portum
1822 1658 2017 1716 salutis
2036 1665 2290 1728 aeternae;
2312 1660 2427 1716 haec

422 1760 604 1808 autem
633 1768 768 1809 cura
795 1768 894 1824 per
917 1751 1195 1806 ministros
1224 1748 1484 1805 Ecclesiae
1508 1748 1707 1828 Christi
1736 1748 1983 1805 fidelibus
2012 1748 2319 1807 exhibetur.

491 1840 641 1894 Idem
665 1845 848 1895 autem
875 1844 1091 1911 oportet
1117 1854 1236 1893 esse
1259 1837 1528 1909 judicium
1554 1837 1621 1893 de
1648 1821 1753 1892 fine
1782 1841 1949 1893 totius
1978 1837 2345 1894 multitudinis
2370 1843 2425 1893 et

423 1928 604 1983 unius,
625 1928 683 1983 Si
706 1929 870 1999 igitur
910 1926 1031 1982 finis
1073 1926 1308 1991 hominis
1351 1933 1495 1983 esset
1538 1925 1738 1982 bonum
1789 1926 2171 1997 quodcumque
2210 1927 2265 1981 in
2306 1926 2424 1999 ipso

423 2016 658 2071 existens
682 2023 736 2071 et
752 2014 1006 2087 regendae
1029 2012 1394 2069 multitudinis
1424 2013 1545 2068 finis
1566 2013 1791 2069 ultimus
1807 2022 1949 2071 esset
1964 2012 2217 2069 similiter
2236 2021 2293 2070 ut
2317 2014 2425 2071 tale

423 2104 621 2161 bonum
659 2102 950 2159 multitudo
990 2102 1318 2175 acquireret,
1352 2107 1410 2157 et
1439 2100 1493 2156 in
1523 2116 1586 2159 eo
1612 2108 1986 2175 permaneret;
2013 2107 2069 2157 et
2106 2102 2153 2157 si
2200 2102 2421 2176 quidem

425 2192 549 2249 talis
581 2191 804 2248 ultimus
826 2190 941 2247 sive
972 2190 1132 2246 unius
1159 2190 1411 2257 hominis,
1444 2190 1561 2245 sive
1586 2189 1951 2247 multitudinis
1980 2189 2103 2245 finis
2130 2196 2276 2247 esset
2298 2206 2425 2248 cor-

421 2280 642 2355 poralis,
671 2280 782 2337 vita
811 2288 868 2336 et
897 2279 1107 2336 sanitas
1141 2278 1406 2351 corporis,
1439 2278 1632 2335 medici
1677 2284 1822 2333 esset
1865 2277 2122 2334 officium.
2144 2280 2200 2336 Si
2240 2286 2420 2337 autem

423 2369 646 2425 ultimus
677 2369 798 2425 finis
827 2377 972 2425 esset
1009 2368 1325 2424 divitiarum
1373 2367 1672 2435 affluentia,
1698 2381 2014 2423 oeconomus
2058 2384 2152 2423 rex
2199 2369 2422 2440 quidam

421 2458 787 2517 multitudinis
830 2465 995 2516 esset.
1035 2458 1094 2515 Si
1140 2472 1269 2515 vero
1325 2456 1528 2514 bonum
1582 2456 1973 2527 cognoscendae
2015 2456 2265 2514 veritatis
2315 2458 2423 2514 tale

417 2547 551 2620 quid
575 2554 738 2615 esset,
765 2548 831 2605 ad
858 2547 1005 2621 quod
1033 2554 1220 2621 posset
1248 2545 1543 2603 multitudo
1569 2546 1895 2617 pertingere,
1913 2560 2010 2601 rex
2032 2542 2258 2601 haberet
2286 2546 2423 2603 doo-

422 2636 559 2693 toris
583 2636 842 2693 officium.
873 2635 1106 2691 Videtur
1151 2640 1336 2693 autem
1375 2633 1497 2689 finis
1526 2647 1647 2688 esse
1686 2632 2055 2692 multitudinis
2078 2640 2423 2705 congregatae

419 2724 605 2783 vivere
643 2723 942 2781 secundum
968 2722 1252 2779 virtutem.
1279 2722 1364 2779 Ad
1402 2720 1506 2778 hoc
1532 2720 1679 2777 enim
1716 2720 1961 2779 homines
1998 2730 2417 2794 congregantur,

421 2817 483 2869 ut
523 2810 874 2867 simulbene
921 2809 1130 2877 vivant,
1175 2809 1324 2882 quod
1364 2810 1624 2882 consequi
1670 2825 1775 2865 non
1816 2818 1997 2883 posset
2048 2812 2421 2885 unusquisque

421 2898 772 2969 singulariter
800 2898 1019 2967 vivens;
1049 2898 1194 2955 bona
1215 2904 1399 2955 autem
1429 2898 1543 2957 vita
1569 2906 1653 2956 est
1689 2898 1990 2957 secundum
2016 2900 2422 2995 virtutemjvir-

420 2995 578 3045 tuosa
607 2985 773 3059 igitur
795 2986 911 3045 vita
935 2995 1021 3043 est
1049 2987 1487 3061 congregationis
1511 2988 1765 3047 humanae
1795 2988 1937 3045 finis.
2063 2998 2066 3005 ⁴
2398 3010 2411 3022 ·

491 3077 666 3149 Hujus
693 3082 879 3135 autem
908 3076 1124 3148 signum
1163 3083 1248 3134 est
1284 3078 1433 3150 quod
1462 3078 1515 3133 bi
1558 3078 1657 3135 soli
1707 3085 1891 3150 partes
1919 3078 2031 3135 siut
2058 3076 2424 3136 multitudinis

416 3174 766 3239 congregatae
815 3166 908 3240 qui
951 3166 1056 3223 sibi
1090 3166 1326 3224 invicem
1367 3168 1772 3225 communicant
1806 3168 1862 3223 in
1908 3167 2045 3225 bene
2085 3168 2338 3227 vivendo.
2363 3168 2422 3225 Si

417 3256 562 3313 enim
589 3262 812 3330 propter
833 3255 1009 3315 solum
1030 3255 1217 3313 vivere
1237 3256 1483 3313 homines
1509 3256 1884 3323 convenirent,
1912 3256 2169 3313 animalia
2186 3263 2253 3313 et
2276 3257 2422 3314 servi
2496 3314 2526 3329 χ

418 3351 601 3403 essent
630 3360 756 3418 pars
784 3344 970 3418 aliqua
1009 3345 1449 3417 congregationis
1478 3343 1677 3403 civilis.
1707 3346 1765 3403 Si
1792 3358 1923 3403 vero
1965 3352 2186 3418 propter
2226 3346 2422 3419 acqui-

419 3434 616 3493 rendas
639 3433 880 3502 divitias,
912 3448 1102 3491 omnes
1130 3433 1293 3490 simul
1321 3434 1663 3506 negotiantes
1700 3434 1771 3492 ad
1800 3448 1965 3491 unam
1986 3434 2269 3491 civitatem
2292 3449 2424 3508 per-

420 3516 658 3581 tinerent
689 3537 704 3580 ι
733 3522 874 3580 sicut
915 3523 1167 3580 videmus
1207 3537 1303 3580 eos
1335 3523 1479 3581 solos
1506 3523 1610 3580 sub
1646 3539 1754 3581 una
1803 3521 2153 3581 multitudine
2190 3537 2426 3596 compu-

419 3614 526 3671 tari
553 3614 647 3686 qui
681 3612 784 3669 sub
811 3612 1018 3669 eisdem
1040 3612 1253 3685 legibus
1275 3618 1332 3669 et
1349 3606 1541 3669 eodem
1564 3613 1831 3684 regimine
1848 3612 2161 3685 diriguntur
2188 3610 2259 3669 ad
2286 3610 2425 3667 bene

417 3702 734 3759 vivendum.
763 3700 871 3759 Sed
909 3702 1039 3775 quia
1081 3702 1243 3759 bomo
1272 3700 1503 3757 vivendo
1528 3702 1828 3758 secundum
1868 3702 2131 3759 virtutem
2176 3700 2247 3759 ad
2274 3699 2424 3755 ulte·-

416 3790 620 3847 riorem
648 3790 812 3847 finem
832 3790 1136 3857 ordinatur,
1159 3790 1254 3862 qui
1280 3789 1532 3847 consistit
1560 3789 1616 3845 in
1643 3788 1900 3848 fruitione
1932 3789 2141 3857 divina,
2174 3793 2425 3862 utsupra

407 3878 531 3949 jam
561 3876 820 3946 diximus,
847 3885 1064 3947 oportet
1103 3878 1355 3933 eumdem
1400 3876 1563 3933 finem
1602 3892 1725 3935 esse
1766 3876 2134 3935 multitudinis
2169 3875 2427 3935 humanae
