2784 4392
444 249 561 310 172
917 264 974 310 s.
1017 262 1251 309 ‘ruem
1288 261 1623 310 Aenum-ns
1661 262 1974 308 causeum

444 379 738 452 perfectius
775 386 939 446 esset,
973 385 1035 435 ut
1078 379 1244 436 etiam
1278 394 1443 450 supra
1480 378 1689 435 dictum
1717 385 1820 446 est,
1851 393 1978 435 cum
2015 378 2085 434 de
2122 377 2308 435 labore
2332 392 2455 433 ma-

446 485 610 524 nuum
666 468 950 540 agebatur.
1005 469 1117 524 Nec
1171 477 1351 524 tamen
1404 467 1811 524 concedendum
1865 474 1967 536 est,
2014 467 2160 540 quod
2207 465 2449 540 religiosi

448 565 737 614 teneantur
762 559 830 614 ad
861 573 1020 614 omne
1051 557 1105 613 id
1134 557 1280 630 quod
1310 557 1609 630 profectius
1638 563 1740 624 est,
1769 556 1863 613 sed
1896 557 1963 614 ad
1995 557 2087 614 illa
2114 563 2349 625 tantum,
2380 556 2452 612 ad

445 662 572 718 quae
605 663 670 702 ex
705 653 829 702 voto
860 662 918 702 se
948 646 1281 717 astringunt.

513 736 596 791 Ad
623 741 882 808 quartum
911 733 1224 802 dicendum,
1251 733 1399 806 quod
1424 733 1670 791 Ecclesia
1697 749 1802 789 non
1831 740 2111 806 gravatur,
2141 735 2186 790 si
2219 733 2356 790 tales
2387 734 2456 790 de

446 823 807 896 eleemosynis
838 824 1045 890 vivunt,
1076 823 1206 895 quia
1245 822 1476 878 modicis
1505 829 1632 877 sunt
1661 824 1903 879 contenti
1933 839 2186 895 magnum
2216 823 2457 879 fructum

373 927 380 932 ·
445 912 500 968 in
529 912 772 969 Ecclesia
799 913 1078 975 facientes,
1106 913 1213 968 imo
1235 913 1289 966 in
1320 912 1421 968 hoc
1451 911 1693 967 Ecclesia
1723 913 1957 967 maxime
1983 911 2291 978 alleviatur,
2326 913 2457 984 quia

446 991 591 1072 q'uod
618 999 708 1056 alii
736 1001 830 1073 qui
863 1016 969 1056 non
995 1007 1121 1056 sunt
1148 1001 1225 1056 ita
1253 999 1481 1056 modicis
1510 1001 1771 1065 contenti,
1804 1016 1931 1056 cum
1960 1001 2169 1071 magnis
2199 1001 2458 1072 expensis

448 1089 672 1155 faciunt,
708 1089 808 1144 hoc
838 1089 983 1144 idern
1020 1106 1114 1160 per
1147 1089 1283 1145 tales
1317 1105 1443 1144 cum
1489 1090 1671 1160 parvis
1699 1089 2006 1160 sumptibus
2036 1089 2305 1161 expletur.
2341 1090 2459 1145 Nec

449 1179 503 1234 in
529 1178 630 1234 hoc
657 1178 986 1250 pauperibus
1017 1177 1224 1251 aliquid
1259 1177 1615 1243 subtrahitur,
1647 1177 1791 1249 quod
1822 1178 1957 1234 tales
1998 1179 2064 1234 de
2095 1178 2460 1251 eleemosynis

449 1266 657 1333 vivunt,
680 1265 809 1338 quia
843 1266 1032 1322 talium
1061 1265 1289 1321 consilio
1318 1267 1371 1320 in
1395 1265 1709 1321 inductione
1742 1266 1910 1322 multo
1943 1266 2096 1338 plura
2126 1267 2460 1338 pauperibus

450 1353 650 1410 dantur
684 1371 851 1428 quam
900 1357 999 1426 ipsi
1041 1353 1333 1426 accipiant.
1361 1353 1429 1408 Et
1461 1364 1725 1425 praeterea
1762 1355 1861 1426 ipsi
1902 1356 2067 1411 etiam
2112 1355 2295 1412 omnia
2332 1372 2462 1427 quae

451 1443 776 1514 habuerunt,
808 1445 1138 1516 pauperibus
1161 1449 1288 1498 sunt
1319 1443 1521 1514 largiti,
1558 1444 1700 1500 unde
1727 1443 1897 1498 multo
1922 1445 2042 1516 plus
2070 1445 2460 1516 insumptibus

451 1549 751 1604 pauperum
782 1540 1100 1606 posuerunt,
1135 1548 1298 1606 quam
1332 1531 1462 1587 illud
1493 1533 1637 1603 quod
1665 1530 1732 1587 de
1763 1531 2124 1604 eleemosynis
2154 1533 2456 1604 accipiunt.

520 1623 601 1676 Ad
625 1623 878 1694 quintum
904 1621 1213 1685 dicendum,
1243 1621 1387 1694 quod
1422 1620 1552 1675 illud
1573 1621 1854 1676 decretum
1885 1635 2135 1690 perverse
2156 1621 2454 1689 inducitur,

453 1711 597 1782 quod
630 1720 782 1782 patet
806 1728 870 1766 ex
889 1711 990 1765 hoc
1011 1709 1155 1781 quod
1182 1710 1482 1766 Gratianus
1512 1707 1645 1765 dicit
1664 1707 1719 1763 in
1742 1709 1922 1780 capite
1953 1709 2223 1778 sequenti.
2257 1709 2459 1766 Verum

454 1798 536 1852 his
585 1797 1005 1852 auctoritatibus
1051 1797 1402 1868 prohibentur
1450 1796 1519 1852 ab
1547 1796 1791 1852 Ecclesia
1838 1795 2060 1868 suscipi,
2096 1813 2201 1850 non
2246 1797 2323 1850 illi
2363 1799 2458 1869 qui

343 1906 348 1912 ·
453 1886 726 1958 quondam
759 1884 975 1939 fuerunt
1004 1884 1220 1951 diviteS,
1252 1891 1308 1939 et
1337 1894 1528 1957 postea
1559 1884 1739 1938 omnia
1769 1884 2124 1956 reliquerunt,
2156 1892 2217 1940 ut
2242 1887 2455 1953 PetruS,

454 1981 509 2028 et
533 1971 842 2035 Matthaeus,
863 1979 917 2025 et
939 1970 1156 2036 Paulus,
1181 1979 1275 2026 aut
1298 1969 1629 2043 pauperibus
1654 1965 2071 2037 distribuerunt,
2095 1981 2152 2027 ut
2174 1971 2456 2041 ZachaeuS,

457 2067 553 2116 aut
590 2060 850 2114 Ecclesiae
881 2059 1041 2114 rebus
1071 2059 1455 2131 adjunxerunt,
1502 2059 1646 2115 sicut
1692 2059 1766 2114 illi
1816 2060 1907 2133 qui
1949 2061 2152 2131 praedia
2198 2077 2295 2117 sua
2326 2079 2462 2120 ven-

455 2147 664 2213 dentes,
704 2146 976 2218 ponebant
1013 2147 1365 2218 praetia'ante
1391 2147 1557 2218 pedes
1600 2147 2002 2219 Apostolorum,
2037 2156 2097 2203 ut
2140 2158 2322 2204 essent
2353 2148 2462 2205 illis

457 2235 640 2290 omnia
667 2236 1009 2305 communia;
1040 2236 1135 2291 sed
1181 2235 1256 2290 illi
1289 2236 1380 2307 qui
1416 2236 1469 2291 in
1514 2235 1768 2292 domibus
1816 2242 2104 2309 parentum
2132 2237 2457 2304 residenteS,

457 2323 539 2379 vel
566 2339 665 2380 sua
695 2324 1000 2398 relinquere
1026 2324 1291 2393 nolentes»,
1321 2323 1722 2382 Ecclesiasticis
1750 2324 2102 2382 facultatibus
2133 2326 2281 2399 pasci
2308 2325 2463 2383 desi-

458 2412 674 2469 derant.
2384 2407 2399 2411 ”

528 2502 612 2559 Ad
641 2509 856 2558 sextum
899 2503 1209 2572 dicendum,
1241 2501 1386 2575 quod
1435 2501 1774 2573 Augustinus
1814 2501 2056 2576 loquitur
2096 2503 2165 2560 de
2206 2503 2331 2568 iltis,
2366 2503 2464 2576 qui

458 2600 584 2646 sunt
617 2592 728 2647 otio
767 2591 959 2658 dediti,
993 2591 1086 2664 qui
1131 2592 1186 2646 in
1227 2591 1372 2646 nullo
1410 2598 1637 2662 possunt
1676 2607 1795 2648 esse
1841 2591 2001 2648 utiles
2044 2591 2220 2649 illis-a
2263 2591 2465 2666 quibus

457 2686 773 2752 pasc-untur,
810 2677 946 2733 tales
985 2677 1128 2733 enim
1173 2695 1392 2735 necesse
1432 2686 1517 2736 est
1563 2688 1624 2736 ut
1662 2679 1951 2736 adulentur
1982 2681 2049 2736 ad
2090 2681 2191 2737 hoc
2231 2689 2289 2736 ut
2328 2698 2465 2753 pas-

461 2774 682 2821 cuntur.
715 2766 875 2822 Tales
899 2767 1044 2821 enim
1070 2782 1293 2838 pascere
1327 2783 1617 2824 onerosum
1644 2776 1788 2824 esset
1817 2769 2059 2835 cuilibet,
2092 2769 2193 2824 nisi
2219 2769 2466 2826 favorem

461 2854 735 2926 pascentis
761 2853 954 2908 saltem
993 2854 1403 2911 adulationibus
1440 2864 1745 2928 captarent.
1776 2857 1879 2914 Sed
1926 2856 2002 2910 illi
2032 2857 2125 2928 qui
2164 2866 2464 2928 pascuntur

461 2948 682 3013 propter
718 2940 1012 3008 Christum,
1047 2959 1079 2998 a
1112 2941 1310 3016 quibus
1341 2951 1627 3016 pascentes
1655 2944 1865 3000 scilicet
1893 2951 2115 3016 sperant
2156 2945 2467 3016 spiritualia

460 3046 557 3102 pro
587 3030 975 3102 temporalibus
1005 3047 1129 3102 quae
1162 3031 1490 3104 largiuntur,
1524 3049 1631 3090 non
1662 3041 1877 3106 oportet
1911 3032 2143 3098 adulari,
2175 3034 2303 3107 quia
2336 3033 2468 3090 tali-

459 3118 560 3174 bus
606 3135 711 3175 non
751 3119 913 3174 datur
963 3128 1181 3193 propter
1212 3137 1325 3188 θος,
1359 3122 1455 3176 sed
1488 3129 1709 3193 propter
1756 3121 1907 3177 illum
1935 3124 2093 3194 cujus
2130 3128 2257 3177 sunt
2288 3123 2455 3191 servi,

461 3209 554 3281 qui
593 3209 648 3263 in
680 3209 761 3264 eis
808 3209 1088 3280 recipitur,
1117 3223 1178 3265 ut
1225 3210 1427 3265 dicitur
1455 3209 1647 3264 Matth.
1682 3226 1740 3277 x,
1776 3212 1841 3264 40
1876 3227 1888 3264 :
1921 3211 2023 3276 Qui
2043 3210 2237 3282 recipit
2260 3228 2349 3266 vos
2386 3229 2469 3268 me

463 3296 677 3368 recipit,
705 3296 793 3351 ubi
825 3296 1021 3353 Glossa
1052 3315 1063 3351 ε
1097 3317 1120 3349 α
1154 3296 1293 3366 Quia
1333 3313 1442 3352 non
1473 3296 1619 3352 aliud
1647 3299 1840 3371 recipit
1879 3299 1933 3355 in
1976 3300 2266 3372 Apostolus,
2300 3317 2469 3374 quam

463 3385 609 3456 quod
657 3385 709 3439 in
751 3384 966 3440 Christo
996 3394 1099 3440 est.
1137 3405 1163 3436 »
1194 3385 1262 3439 Et
1298 3386 1376 3439 sic
1404 3390 1560 3456 patet
1596 3386 1741 3457 quod
1786 3386 1863 3441 illi
1901 3387 1995 3460 qui
2040 3404 2307 3461 pauperes
2343 3389 2472 3443 effi-

461 3473 681 3528 ciuntur
705 3478 761 3528 et
795 3473 1108 3530 mendicant
1132 3481 1188 3529 et
1209 3472 1290 3528 'de
1318 3472 1681 3546 eleemosynis
1701 3474 1892 3532 vivunt
1923 3483 2140 3547 propter
2167 3477 2464 3545 Christum,

463 3577 571 3616 non
600 3560 700 3615 sibi
733 3562 1115 3618 necessitatem
1146 3560 1803 3635 adulationisimponunt.
1832 3564 1935 3620 Sed
1968 3565 2143 3636 major
2170 3566 2470 3621 necessitas

463 3647 794 3731 adulationis
835 3658 889 3704 et
942 3651 1224 3706 servitutis
1270 3651 1413 3706 inest
1458 3652 1739 3720 divitibus,
1801 3669 1939 3726 quos
1988 3659 2203 3725 oportet
2254 3652 2470 3708 adulari

464 3735 836 3806 principibus,
898 3744 957 3793 ut
1006 3740 1228 3796 divitias
1279 3739 1541 3814 amplient
1602 3746 1659 3796 et
1722 3749 2071 3798 conservent.
2126 3741 2280 3797 Unde
2334 3740 2473 3798 dicit

465 3819 884 3892 chrysostomus
913 3841 1073 3898 super
1102 3826 1299 3886 Matth.
1333 3844 1351 3884 .·
1383 3848 1410 3880 α
1454 3827 1679 3885 Adulari
1720 3844 1942 3887 necesse
1970 3836 2055 3886 est
2090 3827 2381 3901 principes„
2412 3835 2472 3886 et
