2784 4392
471 293 592 355 396
949 308 1001 353 a.
1047 306 1281 351 morum.
1321 300 1652 355 ‚sommus
1692 302 2002 349 ornacum

473 424 758 495 agricolas,
790 438 918 480 cum
945 422 1014 479 de
1053 421 1132 479 eis
1160 422 1360 495 saepius
1399 428 1767 487 assumantur,
1795 420 1893 476 sed
1938 426 1996 475 et
2032 433 2135 475 sua
2179 416 2379 475 divisio
2416 417 2486 473 de

473 513 648 569 solum
679 513 853 570 tribus
879 512 1168 584 generibus
1195 500 1475 567 hominum
1504 526 1611 566 non
1636 517 1720 566 est
1742 508 2039 575 sufficiens,
2066 507 2197 582 quia
2225 507 2485 581 relinquit

474 601 814 659 consiliarios
852 610 908 657 et
949 602 1244 673 sapientes,
1271 600 1365 673 qui
1411 604 1539 656 sunt
1573 596 1889 671 principalis
1921 612 2051 670 pars
2096 595 2321 668 politiae,
2368 597 2486 652 sine

476 689 675 763 quibus
711 690 1098 746 convenienter
1132 687 1322 761 politia
1359 689 1479 760 ipsa
1517 702 1624 743 non
1667 686 1907 758 regitur;
1937 692 2000 741 ut
2043 686 2189 741 enim
2240 684 2487 742 historiae

478 780 733 847 tradunt,
783 778 1176 835 Demosthenes
1236 776 1583 833 Atheniensis
1634 774 1889 848 praefatos
1940 772 2090 830 viros
2144 775 2351 847 peritos
2398 774 2483 831 vel

477 856 851 941 quoscumque
879 882 1038 923 senes
1064 874 1318 938 expertos
1346 865 1429 921 sic
1470 881 1529 921 se
1573 863 1776 920 habere
1798 864 1867 920 ad
1896 862 2145 935 politiam
2179 862 2393 931 defluit,
2425 871 2487 920 ut

477 972 642 1013 canes
666 957 734 1013 ad
761 972 1000 1028 gregem,
1033 970 1267 1029 quorum
1294 954 1545 1011 custodia
1575 961 1832 1010 arcentur
1854 952 1967 1025 lupi
1990 953 2073 1009 sic
2103 960 2160 1009 et
2194 968 2256 1009 se
2285 952 2488 1009 babent

478 1046 752 1117 sapientes
775 1051 830 1100 et
859 1044 1113 1101 advocati
1139 1044 1196 1099 in
1224 1042 1561 1110 civitatibuS,
1589 1042 1720 1115 quia
1742 1056 1909 1097 canes
1936 1046 2065 1097 sunt
2094 1040 2321 1113 populi:
2346 1042 2490 1098 unde

479 1133 691 1189 Tullius
713 1132 906 1189 scribit
933 1133 989 1187 in
1025 1132 1162 1188 libro
1183 1133 1261 1189 De
1285 1132 1420 1204 offic.
1446 1130 1594 1203 quod
1622 1150 1647 1183 α
1679 1130 1841 1188 Solon
1881 1130 2005 1202 plus
2046 1129 2252 1202 profuit
2299 1132 2489 1205 reipu-

479 1218 638 1277 blicae
665 1219 910 1275 civitatis
933 1218 1303 1287 AtheniensiS,
1328 1219 1461 1291 quia
1490 1218 1700 1289 legibus
1728 1223 1785 1273 et
1828 1216 2096 1273 institutis
2124 1219 2243 1289 ejus
2270 1218 2488 1275 erudita

479 1306 604 1373 suit,
637 1321 804 1379 quam
845 1304 1076 1361 victoria
1113 1304 1516 1371 Themistoclis,
1550 1324 1577 1357 »
1613 1305 1759 1377 quod
1796 1304 1999 1361 bellum
2048 1312 2263 1377 gestum
2312 1306 2491 1364 fuerat

481 1394 711 1483 consilio
742 1393 1096 1467 magistratus
1118 1393 1236 1449 sive
1263 1402 1489 1451 senatus
1513 1393 1753 1449 instituti
1776 1392 1848 1449 ab
1878 1394 2069 1449 eodem
2095 1394 2361 1465 sapiente,
2394 1397 2493 1469 qui

483 1482 587 1551 fuit
610 1499 750 1539 unus
775 1482 843 1539 de
861 1490 1090 1557 septem.
1116 1482 1272 1539 Unde
1297 1488 1352 1540 et
1380 1482 1437 1537 in
1466 1480 1673 1538 Eccles.
1705 1496 1789 1549 lx,
1821 1482 1910 1546 ⁴8,
1938 1480 2197 1538 scribitur
2241 1499 2255 1538 z
2294 1482 2495 1541 Melior

484 1577 558 1627 est
577 1571 845 1644 sapientia
871 1588 1030 1643 quam
1068 1586 1224 1627 arma
1251 1569 1455 1627 bellica.
1485 1569 1741 1642 vegetius
1769 1569 1937 1625 etiam
1962 1569 2041 1625 De
2078 1575 2189 1625 art.
2219 1570 2409 1638 mitit„
2436 1579 2495 1629 et

483 1660 733 1717 Valerius
778 1659 1044 1716 Maximus
1073 1659 1141 1716 de
1181 1657 1478 1715 Aristotele
1522 1656 1781 1725 referunt,
1810 1657 1957 1729 quod
1996 1673 2124 1714 cum
2160 1666 2308 1715 esset
2362 1663 2497 1721 vitae

485 1765 776 1821 supremae,
808 1748 1073 1821 reliquias
1112 1746 1376 1803 senilibus
1424 1752 1590 1819 atque
1640 1746 1875 1818 rugiosis
1899 1746 2158 1803 membris
2193 1748 2249 1804 in
2278 1754 2495 1807 summo

487 1839 791 1895 litterarum
820 1837 934 1893 otio
971 1837 1061 1893 vix
1104 1834 1439 1901 custodiens,
1468 1835 1607 1892 adeo
1634 1834 1882 1892 valenter
1927 1851 2025 1908 pro
2070 1836 2249 1893 salute
2300 1840 2495 1910 patriae

485 1927 752 1993 incubuit,
781 1933 842 1982 ut
868 1941 992 1985 eam
1031 1923 1322 1981 hostilibus
1345 1924 1515 1981 armis
1543 1924 1701 1997 quasi
1725 1923 1841 1980 solo
1868 1933 2146 1997 aequatam
2188 1926 2246 1981 in
2270 1926 2493 1995 lectulo,

491 2015 714 2071 Athenis
731 2017 922 2087 jacens
949 2014 1208 2085 eriperet,
1232 2018 1290 2068 et
1313 2019 1583 2086 quantum
1610 2012 1680 2069 ad
1717 2012 1821 2069 boc
1844 2012 2022 2069 simile
2046 2014 2103 2069 in
2138 2013 2331 2093 eodem
2357 2016 2499 2073 libro

407 2148 414 2155 .
488 2102 694 2157 Eccles.
729 2117 810 2169 ix,
838 2102 907 2156 ⁴4
935 2099 1194 2156 scribitur
1216 2098 1285 2155 de
1313 2099 1560 2173 sapiente
1585 2116 1599 2154 :
1636 2098 1845 2157 Civitas
1866 2116 2045 2173 parva
2075 2108 2123 2157 et
2155 2103 2321 2174 pauci
2351 2104 2411 2160 in
2434 2122 2498 2161 eu

375 2205 381 2212 ·
489 2190 619 2254 viri,
647 2190 789 2245 venit
827 2198 1019 2247 contra
1055 2205 1174 2245 eam
1211 2204 1312 2244 rea:
1342 2204 1581 2260 masmim,
1621 2196 1673 2245 et
1717 2189 1940 2247 vallavit
1986 2207 2121 2256 eam,
2153 2193 2499 2267 extruxitque

489 2279 808 2335 inanitiones
837 2294 940 2352 per
978 2294 1194 2352 pyrum,
1226 2280 1294 2335 εἴ
1317 2277 1554 2351 perfecta
1595 2284 1673 2335 est
1718 2278 1941 2345 obsidio,
1982 2280 2126 2335 sicut
2177 2282 2379 2339 accidit
2428 2285 2529 2341 de·

491 2368 722 2425 Athenis
751 2383 847 2441 per
878 2368 1204 2440 Philippum,
1237 2382 1421 2437 regem
1458 2366 1831 2433 Macedonum,
1858 2374 1921 2422 ut
1962 2366 2205 2425 historiae
2251 2372 2499 2444 tradunt²

492 2459 752 2513 Inventus
776 2456 928 2513 estin
957 2471 1023 2511 ea
1047 2455 1131 2512 vir
1162 2469 1367 2527 pauper
1391 2461 1448 2510 et
1473 2455 1710 2527 sapienS,
1744 2462 1804 2511 ut
1831 2454 1966 2511 dicti
1998 2456 2323 2531 Philosophi,
2356 2478 2503 2535 quo-

483 2562 614 2601 rum
642 2546 746 2603 fuit
773 2545 1052 2618 proprium
1080 2543 1346 2601 mundum
1379 2559 1657 2616 spernere,
1691 2552 1747 2601 et
1775 2546 1931 2617 quasi
1972 2546 2145 2603 vitam
2189 2548 2501 2621 religiosam

493 2634 714 2707 eligere,
763 2634 906 2691 sicut
946 2634 1310 2707 Hieronymus
1344 2633 1554 2698 scribit,
1598 2641 1654 2690 et
1683 2641 1874 2705 postea
1904 2634 2156 2691 dsubitur
2206 2636 2263 2691 in
2308 2637 2501 2695 eodem

495 2723 651 2790 libro,
692 2724 836 2796 quod
879 2722 1128 2778 liberavit
1167 2720 1357 2777 urbem
1400 2738 1496 2793 per
1538 2720 1865 2795 sapientiam
1912 2738 2091 2779 suam.
2142 2726 2501 2785 Concluditur

495 2824 624 2880 ergo
667 2826 735 2865 ex
778 2809 1097 2881 praemissis,
1137 2808 1480 2865 consiliarios
1530 2826 1635 2865 non
1687 2811 1886 2867 debere
1928 2812 2142 2869 excludi
2200 2830 2233 2871 a
2287 2816 2501 2888 politia.

495 2898 700 2953 Eodem
723 2898 892 2953 etiam
915 2897 1098 2966 modo,
1125 2912 1226 2952 nec
1254 2903 1495 2953 rectores
1520 2901 1647 2957 cum
1670 2900 1783 2957 sint
1812 2910 1979 2974 caput
2018 2902 2391 2963 universitatis
2418 2906 2507 2962 ci-

499 2986 642 3055 vilis,
668 3002 735 3043 ex
761 3002 874 3061 quo
899 2991 1076 3042 totum
1105 3001 1303 3061 corpus
1325 2985 1617 3059 dependet.

1237 3117 1521 3251 CAPUT
1599 3168 1751 3235 ΧΠ.
1813 3117 1821 3124 ’

499 3302 713 3379 Refert
740 3300 921 3364 etiam
961 3278 1294 3379 opinionem
1333 3299 1626 3377 esusdm,
1647 3304 1947 3381 quantum
1974 3302 2055 3365 ad
2082 3305 2507 3384 possessiones,

555 3407 706 3471 quas
728 3390 795 3452 in
818 3394 938 3453 tres
949 3393 1162 3469 partes
1185 3388 1432 3462 dividit,
1460 3392 1517 3451 et
1535 3389 1604 3451 in
1626 3406 1743 3471 quo
1765 3390 2050 3454 salvatur
2071 3411 2186 3457 sua
2202 3396 2451 3474 positio.

574 3523 710 3579 Sunt
735 3528 919 3578 autem
943 3528 998 3577 et
1035 3520 1162 3589 alia,
1194 3536 1320 3595 quae
1347 3521 1530 3577 dictus
1556 3522 1950 3595 Hyppodomus
1979 3525 2161 3596 posuit
2189 3526 2243 3581 in
2270 3543 2370 3583 sua
2405 3543 2512 3602 po-

502 3610 673 3677 litica,
720 3617 781 3665 ut
819 3618 902 3666 est
949 3610 1017 3665 de
1045 3608 1397 3684 distinctione
1438 3612 1862 3683 possessionum,
1907 3614 2037 3685 quia
2079 3612 2132 3669 in
2174 3620 2287 3670 tres
2327 3625 2514 3688 partes

503 3698 874 3769 distinguebat
902 3698 1288 3770 possessioneS,
1322 3698 1493 3755 totius
1518 3699 1756 3771 regionis
1779 3699 2046 3758 civitatis,
2066 3702 2342 3772 Quasdam
2366 3705 2517 3760 enim

503 3785 803 3854 deputabat
823 3785 892 3841 ad
912 3802 1028 3841 rem
1042 3799 1281 3866 sacram,
1305 3802 1430 3858 quae
1455 3786 1664 3843 scilicet
1688 3786 1873 3844 divino
1901 3789 2077 3845 cultui
2093 3789 2513 3861 dedicabantur,

507 3874 570 3925 ut
594 3878 720 3926 sunt
743 3870 905 3931 hodie
925 3872 1070 3931 bona
1097 3873 1499 3947 ecclesiastica;
1521 3877 1789 3947 quasdam
1813 3883 1998 3935 autem
2019 3878 2336 3951 assignabat
2358 3896 2517 3938 com-
