2784 4392
503 309 613 369 86-
981 327 1030 370 s.
1077 326 1310 370 ‘rquAE
1350 324 1680 374 Aeumffls
1720 323 2026 368 opuscum

503 442 753 512 prohibet
794 457 918 497 eum
958 443 1049 514 qui
1096 449 1180 498 est
1221 441 1290 496 de
1317 441 1546 511 collegio
1586 440 1767 514 aliquo
1809 438 2083 511 religios0,
2117 437 2198 496 vel
2230 437 2505 504 saeculari,

502 544 622 586 esse
651 530 810 585 simul
841 530 908 584 de
937 529 1165 602 collegio
1195 528 1539 584 scholasticO.

573 617 655 674 Ad
709 618 762 673 id
808 618 952 690 quod
1003 624 1198 688 quarto
1258 617 1541 688 objiciunt,
1584 615 1873 673 dicendum
1924 616 2069 689 quod
2116 615 2357 687 religiosi
2400 631 2509 670 non

501 715 728 778 possunt.
753 723 876 762 esse
905 706 973 761 de
1015 705 1242 776 collegio
1279 706 1645 772 saecularium,
1681 704 1782 760 nisi
1810 691 2081 777 quatenus
2128 705 2255 760 licet
2284 705 2363 760 eis
2404 704 2511 760 do-

500 809 624 849 cere
658 800 713 849 et
743 794 971 860 discere,
1005 794 1150 866 quod
1175 809 1282 850 non
1316 801 1541 866 possunt
1568 793 1773 866 absque
1811 793 2180 848 moderamine
2203 801 2259 848 et
2290 791 2510 849 licentia

500 896 724 937 suorum
763 881 1122 954 superiorum,
1163 899 1230 936 ex
1257 897 1491 955 quorum
1529 883 1695 938 etiam
1727 880 1962 948 licentia,
1996 889 2053 937 et
2075 883 2405 952 juramenta,
2456 887 2512 936 et

502 969 878 1039 colligationes
913 969 1089 1026 licitas
1114 977 1168 1026 et
1193 972 1541 1042 expedientes
1570 969 1748 1026 facere
1778 975 2022 1043 possunt,
2056 977 2115 1025 nt
2140 969 2219 1025 sic
2256 969 2308 1024 in
2342 968 2512 1026 colle-

503 1073 593 1128 gio
623 1058 948 1114 scholastico
974 1065 1452 1114 connumerentur.

573 1146 864 1201 Sciendum
904 1154 1082 1202 tamen
1129 1149 1272 1220 quod
1303 1164 1425 1202 curn
1474 1145 1733 1218 perfectio
1776 1147 1944 1203 totius
1986 1146 2248 1203 consistat
2296 1146 2350 1201 iu
2380 1162 2515 1219 par-

507 1235 643 1288 tium
676 1235 1024 1306 adunatione,
1069 1236 1198 1291 illud
1232 1237 1330 1291 toti
1373 1250 1479 1290 non
1508 1235 1745 1306 expedit,
1780 1235 1835 1290 in
1873 1250 1980 1306 quo
2012 1243 2195 1306 partes
2220 1230 2513 1291 convenire

507 1339 610 1378 non
639 1332 885 1396 possunt,
917 1324 1045 1395 quia
1082 1323 1183 1378 hoc
1213 1323 1531 1395 perfectioni
1561 1323 1728 1378 totius
1762 1331 2025 1393 repugnat
2060 1339 2071 1375 :
2108 1323 2247 1378 unde
2271 1331 2326 1378 et
2358 1323 2515 1378 ordi·

506 1411 756 1466 nationes
786 1427 911 1483 quae
941 1413 992 1466 in
1025 1411 1301 1482 republica
1329 1417 1668 1477 statuuntur,
1704 1409 1839 1466 tales
1867 1410 2065 1465 debent
2094 1427 2214 1466 esse
2238 1426 2362 1482 quae
2388 1427 2515 1466 om-

509 1498 664 1552 nibus
686 1499 777 1570 qui
793 1499 868 1554 ad
890 1499 1278 1570 rempublicam
1307 1502 1597 1572 pertinent,
1620 1505 1960 1572 coaptentur,
1985 1500 2161 1570 magis
2183 1515 2307 1554 vero
2330 1508 2514 1555 essent

509 1579 850 1643 remo‘vendae
893 1590 1264 1646 ordinationes
1305 1605 1335 1645 a
1377 1587 1674 1662 republica,
1722 1603 1846 1660 quae
1890 1587 2273 1644 adunationem
2308 1588 2509 1643 civium

507 1677 851 1748 impedirent,
884 1694 1050 1751 quam
1075 1677 1257 1750 aliqua
1288 1679 1527 1734 scissura
1558 1666 1869 1749 reipublicae
1900 1676 2201 1742 toleranda,
2234 1677 2362 1748 quia
2392 1685 2514 1732 sta-

511 1771 630 1819 tuta
689 1773 814 1818 sunt
867 1774 1086 1837 propter
1125 1769 1388 1822 unitatem
1433 1765 1749 1836 reipublicae
1795 1765 2242 1829 conservandam,
2298 1771 2354 1820 et
2408 1780 2514 1820 non

509 1867 539 1906 e
563 1866 845 1906 convers0.
877 1852 1135 1907 Similiter
1160 1854 1325 1908 etiam
1356 1855 1410 1907 in
1436 1853 1661 1923 collegio
1688 1851 2011 1908 scholastico
2040 1869 2145 1908 non
2172 1852 2371 1908 debent
2392 1870 2513 1908 esse

510 1938 692 2011 aliqua
731 1943 959 2006 statuta,
997 1955 1119 2011 quae
1158 1954 1261 1994 non
1289 1940 1499 2011 possint
1526 1955 1827 2010 congruere
1854 1941 2124 2009 omnibus,
2154 1941 2247 2013 qui
2277 1942 2346 1997 ad
2388 1948 2513 1998 stu-

510 2027 660 2082 dium
692 2025 841 2082 licite
865 2029 1214 2083 conveniunt.

580 2113 758 2170 Verba
795 2118 978 2170 autem
1024 2115 1288 2188 Apostoli,
1335 2131 1460 2188 quae
1499 2115 1567 2172 ad
1606 2132 1762 2174 suam
1791 2117 2117 2174 sententiam
2166 2119 2511 2174 asserendam

511 2209 816 2268 assumunt,
865 2220 959 2273 pro
1001 2204 1080 2260 eis
1111 2220 1214 2260 non
1259 2202 1484 2260 faciunt.
1537 2207 1736 2272 Primo,
1776 2207 1905 2280 quia
1952 2207 2188 2278 religiosi
2234 2223 2337 2262 non
2386 2214 2513 2262 sunt

503 2292 718 2347 'similes
743 2291 868 2358 illis,
898 2293 964 2346 de
985 2291 1183 2365 quibus
1210 2293 1447 2366 loquitur
1468 2297 1777 2366 ApostoluS,
1806 2295 1948 2368 quod
1980 2301 2129 2367 patet
2158 2313 2252 2368 per
2277 2297 2509 2367 singula.

479 2394 482 2397 ·
513 2380 668 2450 Quod
695 2381 839 2436 enim
868 2380 1068 2436 dicitur
1095 2382 1163 2437 ad
1189 2383 1344 2438 Rom.
1368 2399 1475 2450 xu,
1502 2384 1571 2438 ⁴7
1590 2402 1601 2436 :
1630 2384 1774 2454 Roqo
1794 2391 1969 2438 autem
1992 2399 2098 2448 vos,
2126 2381 2351 2453 fratres,
2378 2393 2509 2452 etc„

511 2468 866 2541 intelligitur:
895 2469 961 2526 de
982 2469 1271 2539 haereticis,
1301 2471 1392 2543 qui
1420 2471 1665 2527 homines
1690 2472 1742 2525 in
1774 2471 1879 2525 fide
1904 2469 2192 2524 dissentire
2216 2471 2509 2539 faciebant,

513 2557 656 2630 quod
701 2565 853 2630 patet
881 2574 976 2631 per
1003 2558 1124 2624 hoc,
1158 2558 1303 2630 quod
1329 2559 1465 2612 dicit
1498 2575 1509 2612 :
1540 2558 1748 2612 Proeter
1776 2552 2075 2611 doctrinam
2098 2573 2257 2628 quam
2284 2559 2513 2614 didicis-

509 2647 599 2701 tis.
631 2646 828 2702 Glossa
859 2663 873 2701 t
917 2667 940 2698 α
978 2649 1023 2702 Α
1061 2647 1208 2702 veris
1247 2645 1543 2717 Apostolis,
1581 2669 1605 2696 ι»
1651 2645 1778 2717 quia
1818 2643 1893 2698 illi
1933 2661 1965 2700 a
2010 2645 2208 2717 quibus
2237 2647 2513 2704 declinare

503 2731 680 2802 jubet,
719 2733 787 2786 de
819 2733 933 2802 lege
963 2733 1213 2804 agebant,
1248 2731 1377 2803 quia
1406 2731 1672 2804 cogebant
1703 2739 1891 2803 gentes
1913 2733 2213 2804 judaizare.
2250 2735 2513 2792 Similiter

511 2819 642 2873 illud
675 2819 818 2890 quod
850 2818 1077 2899 habetur
1101 2821 1148 2873 ΙΙ
1175 2819 1362 2874 Thess·
1401 2836 1487 2887 ιιι,
1524 2823 1555 2876 6
1592 2838 1603 2874 :
1631 2821 2035 2878 Auizuutiamus
2056 2828 2249 2888 autem,
2276 2827 2365 2878 etc
2393 2865 2409 2891 ,
2441 2827 2515 2886 ad

509 2905 791 2976 religiosos
831 2921 937 2960 non
980 2908 1233 2980 pertinet,
1265 2909 1360 2964 sed
1391 2910 1460 2965 ad
1500 2925 1592 2965 eos
1639 2912 1730 2983 qui
1778 2912 1956 2982 turpia
1997 2911 2211 2981 negotia
2254 2917 2515 2965 exercent

509 2993 682 3048 otium
707 2997 996 3060 sectanteS,
1023 2995 1167 3066 quod
1195 3002 1289 3068 per
1314 2995 1418 3052 boc
1444 3004 1611 3070 patet,
1642 2999 1788 3071 quod
1814 2999 1948 3055 dicit
1972 2999 2261 3070 Apostolus
2288 3015 2300 3052 :
2328 2999 2515 3054 Audi-

508 3082 676 3137 vimus
707 3082 844 3138 enim
879 3083 1025 3138 inter
1052 3099 1141 3138 vos
1169 3084 1415 3155 quosdam
1440 3085 1713 3142 ambulare
1742 3087 1801 3142 iu
1838 3087 2009 3159 quiete
2051 3087 2185 3142 nihil
2214 3094 2510 3158 operantes,

503 3172 592 3227 secl
621 3171 822 3227 curiose
851 3179 1077 3243 aqentes.
1109 3173 1304 3229 Glossa
1337 3191 1350 3228 τ
1385 3195 1410 3226 α
1442 3175 1543 3244 Qui
1576 3176 1718 3233 soeda
1748 3193 1882 3232 cura
1914 3176 2015 3232 sibi
2043 3176 2347 3231 necessaria
2379 3193 2512 3247 pro-

505 3260 715 3315 vident.
760 3279 785 3311 ι)
817 3260 981 3316 Foeda
1019 3265 1203 3316 autem
1233 3277 1361 3316 cura
1393 3263 1464 3317 ibi
1502 3265 1899 3340 dicituromne
1930 3263 2179 3320 illicitum
2210 3265 2508 3334 negotium.

505 3347 766 3414 Similiter
801 3347 944 3420 quod
985 3347 1184 3404 dicitur
1213 3349 1260 3402 ΙΙ
1299 3350 1533 3406 Timoth.
1570 3367 1637 3406 ιιι
1682 3369 1693 3403 :
1746 3353 1854 3406 Hoc
1882 3359 2057 3406 autem
2093 3350 2241 3416 scito,
2282 3351 2408 3422 quia
2450 3351 2511 3407 in

503 3435 804 3492 novissimis
828 3435 1025 3501 diebus,
1066 3442 1195 3502 etc„
1232 3452 1336 3492 non
1377 3440 1613 3509 pertinet
1643 3439 1711 3494 ad
1751 3439 2050 3510 religiosos,
2095 3439 2189 3494 sed
2220 3441 2286 3494 ad
2335 3441 2513 3495 liaere-

503 3525 659 3592 ticoS,
691 3531 748 3579 ut
788 3531 938 3597 patet
969 3541 1062 3597 per
1091 3525 1167 3590 id,
1206 3525 1348 3596 quod
1377 3526 1542 3582 dicit:
1566 3527 1884 3598 Blasphemi.
1913 3527 2108 3583 Glossa
2142 3544 2153 3580 z
2188 3547 2213 3578 «
2250 3527 2303 3582 in
2338 3529 2513 3584 Deum

502 3628 598 3687 per
645 3613 895 3678 haereses,
941 3633 966 3665 ›>
999 3620 1054 3668 et
1089 3629 1184 3685 per
1234 3614 1336 3668 hoc
1386 3614 1532 3686 quod
1588 3615 1817 3670 subdit:
1852 3615 2293 3680 Quemadmodum
2336 3623 2515 3672 utitem.

501 3697 732 3752 Ioannes
760 3705 808 3752 et
853 3699 1116 3754 Mambres
1161 3699 1482 3757 iusi-iterum
1509 3701 1699 3772 Moysi,
1731 3701 1813 3756 ita
1854 3708 1906 3756 et
1950 3701 2027 3766 ht,
2060 3701 2253 3757 Glossa
2288 3719 2299 3754 :
2335 3723 2359 3753 <t
2389 3703 2515 3758 Sci-

502 3783 629 3836 licet
680 3783 919 3838 haeretici
973 3805 998 3834 n
1045 3806 1070 3837 α
1119 3787 1378 3842 resistunt
1424 3787 1662 3853 veritati,
1702 3787 1949 3842 homines
1987 3787 2219 3858 reprobi,
2268 3791 2512 3860 corrupti

501 3875 686 3926 mento
704 3870 851 3928 circa
873 3871 1054 3928 fidem.
1079 3891 1104 3923 »
1130 3873 1246 3928 Nec
1274 3873 1473 3942 obstat,
1499 3875 1645 3947 quod
1668 3873 1803 3932 dicit
1828 3891 1844 3929 z
1874 3875 2136 3934 Habentes
2156 3877 2361 3950 quidem.
2388 3893 2513 3952 spe-
