2784 4392
1061 197 1070 224 t

419 303 538 365 264
896 319 948 364 s,
991 316 1229 361 ruouAE
1270 289 1599 366 sommus
1639 313 1952 360 croscum

422 435 843 510 praesidentibus
881 434 1119 490 divertat
1145 433 1213 490 ab
1242 433 1545 489 intentione
1568 431 1871 489 communis
1896 431 2043 499 boni,
2078 430 2436 489 dissensionis

423 525 724 595 periculum
757 525 812 580 in
850 523 1194 580 subditorum
1221 521 1569 577 multitudine
1594 521 1859 585 imminet,
1888 521 2017 594 quia
2054 521 2433 578 dissentienti-

426 615 524 669 bus
557 612 892 687 principibus
916 627 1256 684 consequens
1279 616 1361 666 est
1385 617 1446 665 ut
1472 611 1523 664 in
1551 609 1900 665 multitudine
1925 617 2188 681 sequatur
2215 611 2435 665 dissen-

425 703 525 760 sio.
565 703 618 760 Si
652 719 779 759 vero
811 718 950 758 unus
979 702 1184 774 praesit,
1219 699 1537 773 plerumque
1563 699 1785 771 quidem
1816 699 1887 754 ad
1914 697 2115 756 bonum
2145 715 2435 755 commune

426 792 678 863 respicit;
707 799 799 847 aut
830 791 875 846 si
917 805 947 845 a
972 789 1113 844 bono
1143 789 1418 844 communi
1450 788 1804 846 intentionem
1842 795 2077 854 avertat,
2106 805 2212 844 non
2242 789 2435 844 statim

425 881 674 953 sequitur
713 887 773 934 ut
809 879 876 934 ad
921 877 1260 934 subditorum
1287 877 1692 949 depressionem
1724 877 1989 944 intendat,
2036 879 2180 950 quod
2220 884 2304 932 est
2333 895 2434 933 ex·-

423 984 610 1024 cessus
634 967 940 1040 tyrannidis
962 976 1014 1022 ot
1043 967 1096 1022 in
1117 965 1320 1022 malitia
1346 964 1624 1036 regiminis
1651 965 1945 1021 maximum
1967 967 2197 1037 gradum
2220 973 2429 1036 tenens,

427 1063 487 1113 ut
516 1071 680 1128 supra
709 1062 985 1132 ostensum
1027 1062 1130 1110 est.
1159 1056 1329 1126 Magis
1373 1053 1538 1124 igitur
1566 1059 1692 1108 sunt
1741 1052 1993 1124 fugienda
2027 1054 2263 1124 pericula
2308 1071 2433 1128 quae

426 1146 752 1218 proveniunt
797 1161 862 1198 ex
921 1144 1311 1214 gubernatione
1368 1142 1660 1197 multorum
1710 1159 1872 1214 quam
1921 1159 1985 1196 ex
2042 1143 2433 1214 gubernatione

429 1233 605 1288 unius·
639 1230 884 1304 Amplius
914 1246 1018 1285 non
1059 1231 1237 1285 minus
1261 1231 1528 1300 contingit
1558 1229 1611 1284 in
1648 1230 1991 1303 tyrannidem
2026 1232 2163 1286 verti
2192 1233 2431 1302 regimen

431 1319 723 1376 multorum
771 1335 932 1392 quam
987 1319 1165 1388 uniuS‚
1211 1318 1304 1374 sed
1354 1317 1494 1373 forte
1541 1316 1895 1391 frequentius.
1946 1319 2153 1374 Exorta
2198 1336 2433 1392 namque

428 1408 764 1464 dissensione
797 1425 888 1480 per
919 1408 1157 1478 regimen
1187 1406 1421 1479 plurium
1446 1407 1711 1478 contingit
1742 1423 1887 1478 saepe
1910 1425 2079 1462 unum
2107 1425 2269 1480 super
2299 1409 2433 1465 alios

337 1495 344 1501 ’
429 1512 687 1568 superare
716 1502 770 1550 et
801 1495 903 1550 sibi
929 1495 1027 1551 soli
1061 1485 1425 1550 multitudinis
1450 1491 1749 1548 dominium
1794 1510 2072 1566 usurpare,
2117 1497 2260 1568 quod
2306 1499 2430 1568 qui-

429 1585 552 1639 dem
582 1602 648 1640 ex
686 1585 770 1640 his
811 1600 934 1657 quae
975 1598 1073 1656 pro
1105 1591 1346 1656 tempore
1376 1581 1612 1649 fuerunt,
1660 1582 1945 1638 manifeste
1996 1585 2184 1656 inspici
2232 1592 2429 1657 potest.

341 1670 401 1730 l
430 1672 720 1742 Namflfere
751 1673 992 1728 omnium
1039 1669 1333 1726 multorum
1364 1670 1605 1739 regimen
1649 1677 1732 1723 est
1779 1669 1831 1723 in
1867 1671 2209 1742 tyrannidem
2243 1673 2435 1726 termi-

431 1768 640 1827 natum,
689 1769 746 1816 ut
777 1762 830 1816 in
875 1777 1096 1816 romana
1131 1758 1409 1828 republica
1442 1756 1725 1813 manifeste
1757 1766 2002 1831 apparet.
2035 1758 2170 1828 Quae
2193 1777 2316 1816 oum
2342 1759 2434 1816 diu

431 1865 528 1922 per
557 1847 736 1919 plures
773 1848 1126 1919 magistratus
1150 1847 1532 1902 administrata
1562 1845 1771 1912 fuisset,
1814 1847 2019 1924 exortis
2046 1849 2431 1918 simultatibus,

431 1936 943 2000 dissensioni-buset
981 1935 1134 1992 bellis
1163 1935 1431 2001 civilibus,
1462 1936 1517 1989 in
1563 1935 1965 1991 crudelissimos
1998 1946 2259 2010 tyrannos
2294 1939 2436 1993 inei-

433 2025 624 2110 ditdpt
664 2022 1045 2082 universaliter
1083 2024 1127 2079 si
1154 2023 1276 2096 quis
1317 2024 1594 2095 praeterita
1645 2021 1790 2079 saeta
1839 2033 1893 2080 et
1935 2040 2059 2097 quae
2090 2041 2233 2082 nuno
2276 2027 2471 2092 fiunt,'

433 2114 720 2182 diligenter
763 2113 1088 2174 consideret,
1140 2111 1320 2184 plures
1355 2112 1595 2169 inveniet
1632 2113 1941 2172 exercuisse
1984 2116 2327 2186 tyrannidem
2380 2118 2435 2173 in

437 2202 597 2256 terris
639 2217 764 2277 quae
803 2217 898 2271 per
937 2199 1135 2258 multos
1173 2207 1454 2272 reguntur,
1488 2216 1652 2274 quam
1683 2200 1737 2255 in
1781 2199 1888 2256 illis
1916 2218 2041 2274 quae
2068 2203 2436 2274 gubernantur

437 2306 530 2362 per
558 2305 746 2345 uuum.
777 2290 832 2347 Si
862 2288 1030 2360 igitur
1054 2287 1294 2360 regimen
1324 2289 1470 2362 quod
1502 2295 1585 2344 est
1614 2290 1880 2362 optimum
1913 2291 2171 2362 regimen,
2203 2295 2438 2350 maxime

436 2375 717 2432 vitandum
749 2377 1000 2434 videatur
1035 2382 1256 2449 propter
1288 2377 1653 2450 tyrannidem,
1692 2377 1938 2449 tyrannis
1976 2383 2159 2434 autem
2190 2396 2293 2437 non
2330 2383 2438 2437 mi-

434 2482 553 2531 nue,
591 2466 685 2521 sed
715 2466 888 2538 magis
915 2466 1230 2538 contingere
1255 2466 1393 2520 solet
1425 2465 1480 2520 in
1508 2465 1770 2536 regimine
1800 2466 2033 2537 plurium
2062 2484 2226 2540 quam
2258 2471 2437 2538 uniuS,

434 2555 760 2627 relinquitur
789 2553 1108 2627 simpliciter
1146 2556 1319 2625 magis
1345 2569 1465 2610 esse
1504 2555 1797 2627 expediens
1824 2555 1925 2610 sub
1955 2571 2079 2628 rege
2120 2573 2227 2614 uno
2260 2559 2441 2617 vivere

437 2653 602 2715 quam
631 2642 734 2700 sub
756 2643 1020 2715 regimine
1042 2639 1302 2716 plurium.

1207 2822 1493 2891 CAPUT
1557 2823 1670 2890 VI.

449 2953 788 3029 Conclusio,
815 2954 976 3035 quod
997 2954 1256 3035 reyimen
1283 2955 1469 3017 unius
1496 2955 1851 3033 simpliciter
1877 2955 1963 3018 sit
1991 2959 2301 3036 optimum.
2337 2963 2445 3024 Os·

521 3043 712 3106 tendit
731 3043 995 3124 qualiter
1017 3043 1347 3106 multitudo
1371 3061 1432 3105 se
1455 3043 1614 3105 debet
1638 3044 1844 3106 habere
1868 3046 2029 3108 circa
2052 3049 2271 3124 ipsum,
2296 3052 2445 3128 quia

505 3133 852 3211 ,auferenda
896 3137 983 3195 est
1010 3133 1064 3195 ci
1093 3133 1320 3195 occasio
1363 3149 1434 3194 ne
1481 3135 1840 3210 tyranniset‚
1875 3139 1931 3198 et
1956 3135 2117 3214 quod
2158 3137 2337 3198 etiam
2378 3139 2448 3200 in

521 3223 628 3285 hoc
656 3227 744 3285 est
773 3221 1122 3285 tolerandus
1139 3225 1386 3300 propter
1412 3220 1615 3298 majus
1642 3223 1871 3284 malum
1899 3223 2239 3286 vitandum.

513 3356 652 3426 Quia
679 3372 808 3426 ergo
829 3355 990 3410 unius
1011 3355 1251 3425 regimen
1278 3354 1701 3426 praeeligendum
1735 3362 1836 3424 est,
1870 3357 2017 3429 quod
2048 3368 2130 3414 est
2160 3361 2442 3432 optimum,

442 3452 497 3500 et
531 3443 799 3515 contingit
839 3443 1018 3514 ipsum
1061 3441 1116 3496 in
1149 3441 1495 3514 tyrannidem
1524 3443 1785 3509 converti,
1820 3445 1966 3516 quod
2016 3451 2101 3500 est
2130 3448 2443 3516 pessimum,

445 3539 502 3587 ut
534 3549 600 3588 ex
641 3532 806 3587 dictis
842 3539 1013 3602 patet,
1045 3529 1403 3586 laborandum
1450 3538 1533 3585 est
1562 3529 1808 3602 diligenti
1850 3531 2032 3588 studio
2061 3541 2122 3588 ut
2158 3535 2237 3590 sio
2264 3534 2451 3590 multi-

449 3621 623 3676 tudini
653 3619 1006 3692 provideatur
1035 3619 1102 3674 de
1133 3634 1279 3689 rege,
1302 3625 1361 3674 ut
1389 3633 1496 3674 non
1520 3619 1763 3676 incidant
1790 3621 1841 3675 in
1876 3627 2186 3693 tyrannum.
2214 3625 2451 3681 Primum

335 3711 353 3731 ’”
444 3717 630 3765 autem
658 3717 741 3764 est
772 3708 1140 3764 necessarium
1165 3716 1223 3763 ut
1263 3706 1387 3764 talis
1423 3707 1751 3773 conditionis
1776 3708 1937 3782 bomo
1978 3710 2049 3766 ab
2073 3710 2182 3767 illis
2215 3712 2281 3767 ad
2316 3729 2454 3784 quos

444 3799 548 3852 hoe
574 3801 785 3868 spectat
819 3795 1074 3864 officium,
1105 3811 1328 3868 promov
1365 3803 1489 3879 atur
1516 3797 1568 3852 in
1601 3813 1803 3869 regem,
1833 3797 1980 3870 quod
2017 3815 2127 3855 non
2156 3801 2227 3856 sit
2254 3801 2453 3872 proba-

443 3884 552 3940 bile
581 3884 636 3940 in
666 3883 1014 3956 tyrannidem
1043 3813 1362 4039 declinares
1361 3884 1515 3941 Unde
1529 3885 1748 3942 Samuel
1776 3886 1874 3942 Dei
1896 3887 2298 3960 providentiam
2324 3905 2453 3962 erga

1243 4181 1274 4214 Q
