2784 4392
474 240 599 303 228
958 256 1012 304 s.
1053 256 1286 312 mona
1324 255 1654 308 numurus
1694 257 2002 314 oruseuns

478 376 724 434 utilitate
762 374 1034 448 gaudent3
1064 372 1197 450 quia
1234 373 1381 435 eliud
1433 381 1520 431 est
1560 373 1775 434 favores
1818 391 2090 450 quaerere,
2120 383 2179 436 et
2217 377 2368 440 eliud
2415 379 2486 441 de

352 532 358 538 ,
477 463 815 540 profectibus
853 463 1124 522 exultare.
1156 482 1183 518 ιο
1212 463 1282 520 Et
1307 479 1405 538 per
1443 462 1548 529 hoc
1590 465 1660 521 de
1703 462 1852 529 facili
1895 472 2049 539 patet
2093 469 2378 542 responsio
2409 469 2483 530 ed

478 553 717 626 objecta.

548 642 706 714 Quod
736 642 881 700 enim
908 640 1110 700 dicitur
1136 639 1271 700 Luc.
1298 655 1340 700 x
1369 657 1384 696 ε
1413 639 1480 698 In
1508 641 1600 698 hoc
1627 639 1790 702 nolito
1825 643 2077 714 qoniam,
2107 642 2236 716 quio
2256 645 2489 717 spiritus

474 731 620 798 vobis
658 730 1041 806 subjiciuntur,
1070 736 1156 787 est
1202 728 1616 801 intelligendum
1657 730 1804 804 quod
1849 729 1920 788 de
1963 731 2068 791 boc
2105 733 2345 804 gaudere
2374 749 2488 792 non

476 821 713 880 debeant
734 827 1001 895 quantum
1030 817 1269 894 pertinet
1298 819 1365 878 ad
1398 819 1690 892 spirituum
1718 817 2146 891 depressionem,
2179 822 2275 882 sed
2299 837 2486 894 quan-

474 919 595 966 tum
624 909 861 981 pertinet
887 910 956 964 ad
985 907 1085 964 Dei
1100 913 1157 963 et
1180 922 1335 963 suem
1365 905 1783 978 exaltationem3
1810 906 1956 963 unde
1983 908 2119 966 dicit
2146 909 2344 968 Glosea
2373 911 2486 968 ibi-

475 998 677 1055 demzu
711 997 1070 1054 prohibentur
1108 995 1347 1070 gaudere
1385 996 1454 1050 de
1483 994 1860 1052 humiliatione
1886 993 2114 1066 diaboli,
2135 999 2230 1072 qui
2260 1005 2484 1072 propter

476 1084 791 1157 superbiam
828 1085 1048 1152 cecidit,
1081 1085 1178 1140 sed
1221 1083 1497 1154 gaudeant
1553 1081 1620 1140 de
1667 1081 2070 1142 sublimatione.
2106 1104 2132 1138 n
2157 1087 2256 1144 Vel
2285 1087 2483 1144 dicen-

474 1173 627 1240 dum,
656 1172 802 1246 quod
849 1174 917 1228 de
952 1171 1055 1230 hoc
1086 1187 1193 1228 non
1219 1170 1420 1227 debent
1461 1170 1700 1242 gaudere
1736 1171 1890 1244 quasi
1936 1171 2004 1232 de
2037 1173 2272 1234 maximo
2301 1173 2479 1244 bono;

476 1277 601 1318 oum
630 1261 733 1317 hoe
756 1261 928 1333 possit
955 1259 1074 1318 fieri
1098 1260 1215 1316 sine
1246 1259 1442 1316 merito
1465 1259 1584 1330 ejus
1609 1259 1701 1334 qui
1733 1259 1864 1318 talia
1891 1268 2167 1332 operatur,
2201 1269 2260 1320 ut
2283 1263 2482 1323 Glossa

474 1351 682 1408 ibidem
727 1350 895 1426 dicitg
927 1349 1022 1406 sed
1057 1347 1358 1424 principale
1398 1347 1660 1419 gaudium
1701 1363 1890 1406 eorum
1929 1363 2048 1404 esse
2090 1348 2251 1406 debet
2287 1351 2358 1406 de
2393 1352 2481 1408 his

475 1455 602 1514 quae
631 1456 725 1497 eos
752 1439 1007 1498 ordinant
1038 1437 1107 1496 ad
1137 1437 1311 1494 vitam
1336 1445 1621 1504 aeternam,
1652 1427 1882 1509 undeet
1917 1437 2167 1510 sequitur
2196 1457 2207 1495 ι
2245 1439 2480 1502 Gaudete

477 1535 655 1587 autem
682 1529 819 1602 quod
843 1527 1067 1588 nomina
1092 1533 1271 1587 vestra
1296 1525 1502 1600 scripta
1528 1532 1654 1584 runt
1677 1525 1736 1582 in
1763 1524 1923 1585 coelis.

488 1639 517 1648 ·=
544 1617 629 1688 Ad
676 1617 975 1676 secundum
1012 1616 1321 1682 dicendum,
1356 1615 1503 1689 quod
1544 1613 1711 1673 verba
1747 1614 1848 1671 Job
1876 1621 2002 1671 sunt
2029 1613 2380 1687 intelligenda
2411 1618 2480 1676 de

474 1706 676 1780 gaudio
700 1706 969 1772 elationis,
998 1713 1054 1761 et
1092 1703 1199 1760 hoe
1226 1705 1393 1762 etiam
1424 1709 1574 1776 patet
1617 1703 1670 1761 in
1701 1702 1884 1763 verbis
1918 1703 2168 1779 Gregorii
2217 1705 2478 1778 inductis.

475 1794 779 1866 Superbum
802 1801 987 1851 autem
1014 1793 1274 1864 gaudium
1303 1798 1406 1860 est,
1433 1791 1653 1865 quando
1679 1790 1878 1866 aliquis
1905 1791 2156 1854 debonis
2180 1809 2303 1867 quae
2332 1795 2478 1851 Deus

475 1898 574 1954 per
598 1897 722 1939 eum
750 1881 901 1948 facit,
928 1880 1085 1953 quasi
1110 1879 1331 1954 propria
1356 1879 1683 1936 delectatur.

544 1968 630 2028 Ad
658 1969 880 2027 tertium
908 1967 1219 2035 dicendum,
1250 1967 1397 2041 quod
1441 1967 1530 2024 ille
1576 1967 1672 2040 qui
1700 1966 1962 2042 gaudium
2004 1969 2073 2026 de
2121 1969 2239 2043 quo'
2273 1971 2475 2042 agitur,

474 2056 648 2115 'refert
674 2059 731 2114 in
769 2057 975 2125 Deum;
1007 2070 1114 2112 non
1149 2056 1206 2110 in
1246 2070 1305 2112 se
1342 2055 1463 2128 ipso
1504 2054 1787 2128 gloriatur,
1813 2057 1910 2116 sed
1950 2056 2216 2130 gloriatur
2249 2059 2302 2116 in
2337 2061 2474 2129 Deo,

475 2145 535 2206 in
558 2159 721 2220 quem
749 2143 913 2216 refert
944 2143 1045 2211 hoc
1072 2142 1140 2200 de
1166 2157 1275 2218 quo
1295 2142 1515 2216 gloriari
1542 2150 1747 2217 posset.

1230 2321 1515 2392 CAPUT
1561 2325 1749 2392 XIX.

672 2451 961 2541 Septima,
992 2431 1198 2521 deboc
1221 2455 1385 2538 quod
1410 2455 1684 2536 reliqiosi
1709 2455 1914 2520 curias
1935 2455 2282 2544 principum

1274 2543 1682 2626 frequentant.

545 2683 706 2740 Nunc
756 2681 991 2753 septimo
1040 2683 1213 2735 restat
1258 2677 1548 2734 ostendere
1599 2679 1873 2754 quomodo
1919 2678 2169 2737 nituntur
2219 2682 2474 2754 probare,

448 2793 459 2812 ·-
478 2770 626 2843 quod
666 2767 909 2840 religiosi
956 2781 1065 2823 non
1099 2764 1302 2833 debent
1342 2765 1400 2826 in
1439 2764 1662 2824 familiis
1707 2765 2010 2842 principum
2052 2773 2108 2824 et
2155 2775 2500 2842 magnatum>

477 2857 812 2916 conversari.
842 2854 1035 2912 Matth.
1066 2853 1213 2912 enim
1238 2869 1301 2921 ιι,
1334 2858 1387 2920 8,
1420 2852 1620 2920 dicitur
1649 2871 1662 2909 :
1694 2855 1828 2914 Ecce
1853 2854 1946 2928 qui
1973 2856 2212 2914 mollibus
2236 2859 2477 2916 vestiun-

477 2953 595 3013 tur,
634 2945 697 3001 in
730 2941 967 3002 domibus
998 2958 1181 3015 requm
1216 2949 1372 3012 sunu
1401 2944 1495 2999 sed
1545 2942 1798 3013 mollibus
1839 2944 2032 3002 'vestiri
2068 2944 2336 3017 religiosis
2373 2963 2480 3004 non

484 3034 766 3110 competit,
794 3048 919 3090 cum
952 3037 1158 3091 statum
1187 3032 1528 3107 poenitentiae
1560 3032 1938 3105 profiteantur.
1968 3033 2112 3106 Ergo
2140 3033 2196 3095 in
2224 3035 2476 3094 domibus

478 3140 671 3196 regum
699 3127 755 3179 et
778 3120 1087 3196 principum
1109 3120 1349 3194 religiosi
1366 3136 1490 3180 esse
1521 3135 1626 3178 non
1649 3120 1870 3178 debent.

546 3213 707 3269 Item.
736 3209 933 3269 Glossa
974 3209 1176 3268 ibidem
1218 3210 1393 3270 dicit:
1425 3227 1450 3262 α
1478 3207 1676 3280 Rigida
1715 3209 1832 3275 vita¹
1872 3214 1930 3266 et
1968 3209 2286 3282 praedicetio
2316 3212 2480 3272 debet

476 3301 753 3360 declinare
782 3299 1029 3356 mollium
1055 3299 1276 3371 palatie,
1298 3311 1428 3369 quae
1450 3296 1801 3368 frequentent
1829 3296 2082 3356 mollibus
2107 3299 2303 3370 induti,
2323 3301 2484 3360 vide-

473 3391 607 3448 licet
632 3388 938 3455 adulanteS,
970 3406 996 3440 n
1026 3392 1085 3442 et
1110 3386 1193 3442 sie
1212 3386 1361 3443 idem
1389 3383 1535 3457 quod
1567 3385 1739 3458 prius-

544 3481 705 3538 Item.
745 3479 879 3536 Luc.
908 3491 991 3545 lx,
1018 3491 1183 3549 super
1206 3473 1342 3531 illud
1370 3489 1386 3530 z
1416 3472 1757 3546 Loquebatur
1783 3473 1896 3532 illis
1921 3473 1984 3532 de
2011 3490 2174 3547 roano
2203 3476 2320 3543 Dei,
2346 3477 2482 3538 dicit

474 3570 710 3629 Glossa:
740 3565 907 3624 «Illis
933 3581 1041 3622 non
1070 3565 1281 3631 otiosis,
1314 3577 1422 3625 non
1459 3563 1515 3618 in
1554 3562 1778 3620 civitate
1820 3578 2132 3636 synagogae,
2169 3564 2220 3622 id
2261 3571 2344 3624 est
2370 3579 2483 3626 εω-

474 3658 679 3716 culatis
720 3649 1004 3727 'dignitatis
1042 3650 1427 3716 residentibu5‚
1462 3649 1558 3708 sed
1596 3649 1739 3708 inter
1772 3651 1988 3713 deserta
2017 3653 2292 3713 Christum
2322 3671 2482 3726 quae-

473 3744 741 3812 rentibuS,
772 3743 1011 3802 coelestis
1039 3741 1235 3814 gratiae
1258 3739 1573 3800 alimoniam
1595 3739 1930 3812 impartitur.
1961 3758 1988 3792 »
2013 3740 2068 3797 Si
2099 3757 2228 3812 ergo
2257 3741 2482 3814 religio·

476 3845 663 3905 sorum
704 3830 821 3901 vitu
855 3830 925 3900 ud
965 3829 1071 3898 boc
1111 3835 1194 3895 est
1235 3829 1509 3898 ordinate,
1535 3833 1598 3896 ut
1642 3827 1844 3914 aliquis
1883 3826 2198 3894 alimoniam
2241 3828 2485 3902 coelestis
