2784 4392
786 315 898 361 κν.
927 330 1006 345 -
1033 279 1111 359 nir.
1155 277 1460 359 anamma
1502 278 1840 361 rnmcffuu
2196 302 2327 367 313.

376 428 625 503 Amplius
653 434 840 487 autem
879 428 1049 503 ipsius
1095 428 1310 485 factura
1351 434 1575 501 propter
1613 428 2004 487 auctoritatem
2050 432 2313 505 principis

299 524 565 576 causatur
589 518 937 575 commodum
967 518 1110 590 regi3
1149 518 1280 590 quia
1328 515 1460 573 nulli
1492 516 1583 573 alii
1616 516 1744 575 licet
1772 518 1876 574 sub
1904 520 2095 575 eadem
2138 521 2311 592 figura

299 614 360 665 et
386 608 844 682 superscriptione
871 607 1092 678 cudere,
1122 613 1182 663 ut
1209 608 1334 677 jura
1371 606 1617 678 gentium
1644 608 1928 664 mandant.
1958 609 2019 663 In
2050 626 2157 682 qua
2184 610 2311 683 qui-

299 697 448 767 dem,
483 698 586 753 etsi
616 696 779 753 liceat
825 713 984 752 suum
1019 698 1111 769 jus
1147 697 1364 767 exigere
1402 696 1461 750 in
1501 696 1751 752 cudendo
1796 697 2083 766 numisma,
2121 700 2311 754 mode-

238 796 240 798 *
299 791 456 841 ratus
478 791 660 840 tamen
699 781 860 839 debet
887 798 1004 839 esse
1038 783 1290 856 princeps
1325 782 1658 856 quicumque
1696 782 1783 839 vel
1816 800 1913 839 rex
1949 784 2065 841 sive
2103 785 2158 841 in
2188 802 2309 841 mu·
2400 818 2405 822 ·

301 872 488 941 tand0,
521 871 636 927 sive
667 872 720 926 in
759 871 1112 942 diminuendo,
1141 871 1372 943 pondu3‚
1402 870 1488 927 vel
1529 870 1830 939 metallum,
1864 873 1995 945 quia
2037 873 2140 929 hoc
2164 874 2310 929 cedit

299 961 356 1017 in
377 962 765 1017 detrimentum
790 959 994 1035 populi,
1013 974 1140 1015 cum
1163 960 1236 1016 sit
1255 974 1436 1015 rerum
1456 975 1727 1027 mensura,
1752 960 1895 1016 sicut
1920 976 2085 1033 supra
2102 962 2307 1017 dictum

299 1055 426 1106 est:
457 1049 600 1105 unde
642 1055 856 1105 tantum
885 1054 970 1103 est
997 1056 1211 1105 mutare
1255 1054 1531 1104 monetam
1560 1047 1677 1106 sive
1711 1050 2003 1117 numisma,
2040 1057 2305 1123 quantum

299 1145 566 1195 stateram
593 1138 709 1193 sive
738 1138 1121 1211 quodcumque
1145 1135 1378 1210 pondus.

371 1228 486 1283 Hoc
510 1233 692 1283 autem
720 1226 990 1300 quomodo
1021 1227 1135 1281 Deo
1150 1224 1457 1298 displiceat,
1486 1224 1540 1281 in
1565 1226 1730 1281 P.rov
1760 1240 1861 1293 xx,
1886 1228 1973 1295 lo,
2008 1226 2301 1282 scribitur.

300 1316 534 1381 Pondus,
565 1316 762 1389 inquit,
815 1321 868 1371 et
891 1313 1118 1386 pondus.
1155 1320 1361 1369 statera
1389 1320 1441 1371 et
1478 1319 1684 1369 statera
1709 1320 1996 1387 uerumque
2028 1315 2305 1371 abomina-

301 1406 421 1461 bilis
450 1412 525 1473 est
551 1404 922 1482 apud·Deum‚·
954 1403 1022 1458 de
1047 1419 1156 1475 quo
1186 1409 1239 1457 et
1276 1402 1519 1473 graviter
1550 1418 1645 1457 rex
1668 1406 1978 1474 Aragonum
2011 1406 2305 1477 reprehen-

298 1494 448 1550 ditur
475 1492 545 1569 ab
567 1493 856 1549 innocente
881 1492 1047 1562 Papa,
1080 1491 1208 1563 quia
1237 1490 1506 1545 numisma
1532 1498 1841 1545 mutaverat
1867 1491 2219 1547 diminuendo
2250 1493 2304 1548 in

301 1580 485 1656 populi
516 1580 927 1637 detrimentum.
968 1580 1195 1649 Propter
1233 1577 1378 1649 quod
1426 1584 1483 1632 et
1526 1577 1697 1633 filium
1750 1578 2081 1649 obligantem
2112 1596 2170 1635 se
2210 1597 2304 1654 per

295 1674 666 1743 juramentum
685 1668 888 1724 dictam
914 1682 1134 1723 servare
1160 1672 1456 1733 monetam,
1480 1682 1509 1721 a
1541 1666 1690 1721 dicto
1716 1663 1950 1721 absolvit
1968 1668 2299 1739 jairamentO,

301 1761 478 1816 eidem
521 1758 787 1813 mandans
827 1766 886 1813 ut
925 1756 1098 1827 ipsam
1137 1756 1206 1811 ad
1236 1756 1525 1827 pristinum
1564 1762 1771 1812 statum
1801 1755 2140 1812 reformaret.
2172 1759 2301 1814 λιιι-τι

299 1848 468 1904 etiam
515 1846 570 1903 in
616 1844 1036 1902 numismatibus
1082 1843 1268 1901 favent
1323 1845 1531 1901 mutuis
1582 1850 1638 1898 et
1689 1844 2035 1916 pactionibus
2075 1846 2303 1919 quibus·

301 1950 554 2009 cumque.
580 1933 802 1991 Mandat
845 1933 988 1989 enim
1016 1931 1155 1987 solvi
1196 1936 1409 1996 mutua,
1456 1937 1510 1986 et
1538 1936 1699 2006 pacta
1724 1932 1931 1988 servari
1954 1934 2111 2005 juxta
2156 1934 2302 1990 illius

303 2024 558 2095 temporis
605 2022 875 2078 numisma
927 2022 980 2075 in
1025 2021 1169 2077 omni
1219 2035 1474 2076 mensura
1517 2020 1801 2093 qualitatis
1841 2028 1897 2077 et
1952 2024 2299 2094 quantitatis.

301 2112 650 2171 Concluditur
680 2126 810 2181 ergo
835 2108 1070 2181 qualiter
1094 2107 1388 2181 unicuique
1420 2108 1534 2181 regi
1565 2110 1835 2167 numisma
1866 2110 2163 2183 proprium.
2198 2114 2303 2169 Sed

301 2203 465 2257 etiam
489 2205 738 2272 exparte
760 2197 976 2269 populi,'
997 2196 1175 2252 adbuc
1205 2198 1473 2252 numisma
1514 2198 1657 2269 regis
1687 2198 1969 2271 proprium
1993 2206 2074 2255 est
2108 2218 2302 2257 neces-

299 2290 523 2356 sarium,
553 2293 611 2342 ut
641 2286 808 2342 etiam
836 2300 902 2341 ex
925 2286 1042 2356 jam
1071 2284 1232 2339 dictis
1257 2290 1504 2357 apparet.

369 2376 710 2449 Prim0,quia
729 2373 1035 2446 expeditior
1049 2378 1131 2429 est
1151 2372 1208 2427 in
1234 2364 1754 2429 commutationibus
1778 2390 2032 2431 mensura
2056 2392 2071 2431 ε
2092 2393 2299 2446 rursuS,

301 2467 426 2541 quia
455 2467 654 2522 certior
681 2465 820 2518 inter
847 2461 1135 2535 populares
1174 2468 1276 2517 est.
1305 2461 1457 2516 Multi
1490 2460 1634 2517 enim
1673 2468 1799 2517 sunt
1823 2464 1918 2535 qui
1948 2463 2085 2520 alias
2111 2481 2303 2521 mone--

302 2562 383 2611 tas
407 2554 660 2627 ignorant
684 2560 739 2607 et
766 2552 833 2606 de
861 2550 1008 2606 sacili
1044 2557 1270 2623 possunt
1299 2549 1575 2621 simplices
1603 2551 1889 2623 praeveniri
1918 2551 2127 2619 fraude,
2156 2555 2302 2626 quod

299 2652 381 2701 est
409 2650 596 2701 contra
623 2642 852 2697 formam
878 2637 1078 2711 regalis
1102 2637 1401 2710 regiminiS,
1430 2640 1577 2695 circa
1598 2639 1741 2711 quod
1770 2639 1995 2695 Romani
2028 2642 2301 2715 principes

302 2733 669 2807 providerunt.
707 2729 862 2786 U'ndo
901 2728 1124 2785 tradunt
1150 2727 1392 2784 bistoriae
1433 2728 1578 2798 quod
1606 2734 1849 2800 tempore
1879 2729 2097 2785 Domini
2130 2734 2301 2788 nostri

299 2824 422 2889 Jesu
449 2818 645 2875 Christi
679 2818 732 2871 in
774 2818 984 2887 signum
1029 2816 1384 2888 subjectionis
1426 2816 1795 2873 Romanorum
1839 2833 2005 2873 unum
2034 2826 2153 2875 erat
2198 2838 2302 2876 nu-

304 2908 567 2967 mismain
597 2912 713 2961 toto
748 2904 876 2960 orbe
921 2913 1210 2970 terrarum,
1241 2906 1294 2960 in
1338 2920 1448 2977 quo
1482 2912 1601 2961 erat
1640 2906 1873 2963 Caesaris
1911 2908 2110 2980 im'ag0,
2138 2926 2301 2981 quam

301 2999 484 3061 statim
526 2998 898 3067 cognoverunt
934 2992 1191 3048 Pharisaei
1219 2993 1483 3048 sciscitati
1514 3008 1546 3048 a
1575 2994 1805 3049 Domino
1830 2995 1958 3051 Jesu
1988 2996 2203 3053 Christo
2233 3000 2299 3054 ad

301 3083 804 3160 discooperiendum
829 3096 1018 3138 eorum
1043 3079 1309 3146 fraudem,
1329 3088 1385 3136 et
1411 3080 1556 3137 istud
1582 3082 1851 3137 numisma
1873 3084 2059 3139 decern
2088 3087 2303 3142 usuales

302 3176 478 3234 valeat
507 3172 780 3241 denariOS,
838 3170 985 3243 quod
1033 3167 1279 3223 solvebat
1314 3168 1546 3239 quilibet
1590 3168 1873 3225 tolenariis
1907 3171 2296 3241 praedictorum

301 3264 624 3339 principum,
653 3261 768 3315 sive
791 3272 982 3314 eorum
1014 3255 1330 3329 gerentibus
1355 3253 1535 3312 vicem
1566 3256 1620 3312 in
1662 3256 1956 3330 provinciis
1986 3258 2071 3315 vel
2101 3261 2303 3319 civita-

302 3354 445 3409 tibus
467 3367 564 3407 seu
590 3349 806 3406 castriS.

369 3442 575 3498 Rursus
604 3436 883 3510 proprium
906 3434 1179 3490 numisma
1207 3432 1540 3489 fructuosius
1564 3439 1668 3490 est.
1697 3435 1832 3491 Cum
1856 3436 2001 3492 enim
2026 3443 2303 3497 extraneae

303 3535 530 3587 monetae
553 3523 1024 3583 communicantur
1052 3522 1109 3576 in
1139 3521 1653 3593 permutationibuS,
1680 3529 1897 3595 oportet
1922 3540 2205 3582 recurrere
2231 3530 2300 3584 ad

303 3626 470 3676 artem
495 3612 879 3687 campsoriam,
907 3626 1033 3666 cum
1070 3609 1199 3666 talia
1229 3610 1561 3667 numismata
1598 3625 1705 3667 non
1744 3617 1957 3668 tantum
1990 3614 2210 3671 valeant
2249 3618 2303 3673 in

303 3705 612 3781 regionibus
654 3701 949 3768 extraneiS,
996 3707 1262 3773 quantum
1299 3699 1356 3755 in
1400 3700 1670 3771 propriis3
1715 3705 1771 3756 et
1808 3700 1912 3755 hoc
1948 3701 2073 3775 sine·
2103 3703 2302 3759 damno

303 3812 417 3854 esse
459 3811 562 3852 non
592 3798 792 3871 potest.
840 3790 908 3847 Et
950 3789 1222 3863 praecipue
1266 3787 1469 3844 accidit
1497 3788 1551 3843 in
1599 3788 1847 3862 partibus
1886 3788 2206 3849 Tbeutoniae
2247 3801 2304 3851 et

303 3882 609 3957 regionibus
637 3879 1137 3944 circumstantibus,
1179 3882 1401 3949 propter
1430 3875 1576 3949 quod
1613 3886 1901 3949 coguntur,
1934 3894 2059 3935 cum
2088 3878 2157 3936 de
2184 3879 2301 3939 loco
