2784 4392
407 239 529 301 332
887 257 944 303 s.
983 254 1219 300 mount
1260 253 1589 304 nummus
1630 252 1948 308 opuscula&

410 378 605 429 auctor
632 371 814 444 ipsum
853 368 1058 426 referat
1080 367 1360 425 solutioris
1398 367 1528 425 vitm
1571 366 1626 422 in
1666 366 1897 439 juvenili
1934 369 2105 426 aetate
2144 364 2337 434 fuisse,
2370 381 2453 426 se-

412 461 588 532 ipsum
615 460 670 516 in
705 451 865 516 'tanta
896 456 1116 514 libertat
1183 462 1240 511 et
1269 460 1543 528 potestate
1583 455 1891 513 consistens
1932 454 2005 511 ab
2036 455 2185 513 omni
2223 453 2435 512 delicto

409 548 760 606 conservavit
784 546 1102 602 immunem.
1180 544 1286 602 nde
1305 543 1463 600 Titus
1485 543 1675 600 Livius
1698 542 1776 599 De
1802 543 1926 600 bello
1949 542 2155 604 Punico
2181 551 2378 600 narrat
2406 560 2422 598 :

414 656 442 690 α
490 634 802 708 Scipionem
843 647 1102 708 sponsum
1145 630 1328 704 dictae*
1355 631 1579 702 virginis
1624 629 1927 687 allocutum
1972 630 2163 697 fuisse,
2211 629 2267 686 in
2315 645 2431 704 quo

411 739 664 781 sermone
695 735 858 779 suam
886 719 1126 778 ostendit
1169 707 1490 792 pudicitiam
1527 717 1691 789 digne
1720 717 2057 791 principibus
2100 718 2429 776 imitabilem

411 819 469 870 et
505 812 730 870 dominii
760 811 1118 867 meritoriam.
1159 827 1182 862 n
1207 807 1409 865 Scribit
1447 814 1501 863 et
1526 807 1673 865 idem
1711 807 1868 864 Titus
1950 823 1982 864 e
2021 808 2141 880 ipso
2170 808 2429 880 quaedam

411 897 810 956 benevolenti‘ae
849 897 1130 955 inductiva
1173 898 1228 952 in
1279 896 1544 968 praedicta
1596 896 1847 952 victoria.
1876 807 2025 1040 funi
2076 897 2223 954 enim
2275 895 2429 954 misit

413 987 632 1042 obsides
675 987 952 1052 Romanis,
1000 987 1184 1060 ,primo
1229 984 1453 1058 quidem
1484 983 1731 1040 hortatus
1774 991 1877 1044 est,
1923 984 2166 1040 niversos
2204 983 2431 1042 ,bonum

414 1074 614 1131 babere
639 1075 900 1140 animum,
929 1075 1144 1130 venisse
1173 1075 1320 1128 enim
1345 1088 1438 1128 eos
1465 1073 1517 1127 in
1543 1073 1915 1136 Romanorum
1946 1077 2299 1144 potestatem,
2327 1070 2431 1147 qui

414 1163 677 1219 beneficio
701 1176 866 1237 quam
895 1169 1038 1218 metu
1075 1161 1316 1234 obligare
1342 1160 1589 1216 homines
1624 1159 1847 1226 malent,
1879 1166 2206 1234 exterasque
2233 1167 2430 1233 gentes

415 1249 522 1307 lide
549 1265 624 1307 ac·
654 1237 917 1307 societate
951 1251 1172 1320 junctas
1210 1248 1427 1332 babere,
1480 1263 1648 1321 quam
1678 1248 1821 1305 tristi
1856 1247 2135 1320 subjectas
2174 1233 2498 1348 servitios

484 1339 565 1394 De
594 1338 696 1394 boc
725 1337 891 1394 etiam
934 1337 1069 1394 dicit
1116 1337 1502 1417 Augustinusl
1537 1336 1610 1391 De
1652 1335 1771 1393 Ciu.
1813 1336 1931 1402 Dei,
1968 1337 2114 1408 quod
2147 1338 2429 1411 proprium

414 1417 658 1500 ipsorum
687 1426 792 1482 ‘suit
831 1441 1052 1498 parcere
1083 1425 1347 1498 subjectis
1382 1430 1439 1481 et
1466 1424 1739 1481 debellare
1770 1425 2053 1496 superbos,
2089 1434 2427 1500 acceptaque

416 1515 615 1588 injuria
654 1516 936 1588 ignoscere
974 1521 1142 1588 quam
1185 1515 1436 1588 persequi
1486 1513 1802 1570 mallebant.
1846 1513 2035 1571 Refert
2072 1516 2239 1570 etiam
2279 1516 2425 1572 idem

415 1606 610 1661 doctor
639 1605 692 1660 in
739 1603 930 1660 eodem
977 1603 1114 1660 libro
1155 1604 1222 1658 de
1261 1603 1444 1659 Marco
1490 1601 1764 1669 Marcello,
1793 1601 1887 1674 qui
1926 1616 2052 1658 cum
2094 1603 2425 1676 syracusam

417 1692 610 1748 urbem
636 1692 891 1766 cepisset,
922 1699 1051 1748 ante
1075 1691 1220 1748 illius
1253 1692 1467 1748 ruinam
1492 1704 1623 1746 suas
1646 1689 1723 1746 illi
1750 1689 1941 1746 effudit
1971 1690 2263 1763 lacrymas,
2295 1698 2428 1750 tan-

417 1789 599 1853 taeque
635 1778 740 1834 fuit
781 1779 1061 1852 pudicitiae
1107 1787 1162 1834 et
1204 1777 1538 1834 continentis
1577 1777 1767 1843 animi,
1795 1778 2159 1850 beniguaeque
2202 1782 2424 1852 mentis,

417 1866 563 1942 quod
595 1867 912 1940 priusquam
931 1865 1192 1940 oppidum
1207 1863 1467 1937 jussisset
1495 1865 1699 1932 invadi,
1725 1865 1940 1942 publico
1958 1865 2109 1922 edito
2136 1869 2427 1924 constituit

419 1970 490 2013 ne
516 1955 642 2028 quis
669 1969 870 2029 corpus
907 1953 1138 2009 liberum
1175 1948 1425 2009 violaret.
1458 1953 1601 2022 Quid
1640 1953 1886 2025 pluribus
1912 1953 2177 2027 exemplis
2218 1955 2427 2014 insisti·

417 2041 584 2098 mus?
613 2042 748 2098 Cum
787 2041 954 2098 etiam
989 2039 1308 2106 nachumei,
1337 2041 1507 2096 ludas
1536 2039 2107 2107 videlicetflonathas
2134 2051 2190 2098 et
2214 2043 2421 2110 Simon,

419 2129 490 2188 de
525 2143 722 2200 genere
763 2128 1103 2196 iudaeorum,
1143 2143 1376 2202 quorum
1422 2136 1507 2185 est
1552 2129 1836 2201 proprium
1874 2128 2105 2186 aliarum
2142 2131 2427 2190 nationum

422 2217 701 2292 aspernari
738 2217 1093 2291 consortium,
1141 2224 1255 2274 tum
1299 2217 1433 2289 quia
1456 2216 1735 2274 Saturnini
1765 2223 1912 2284 sunt,
1940 2217 2085 2272 sicut
2120 2219 2427 2280 Macrobius

420 2306 556 2362 dicit
580 2320 744 2377 super
769 2304 946 2362 Somn.
971 2304 1204 2377 Scipion.
1238 2310 1355 2361 tum
1379 2305 1508 2380 quia
1540 2304 1751 2376 legibus
1774 2304 2167 2377 prohibebatur
2194 2307 2422 2378 eisdem,

421 2393 768 2458 considerata
796 2393 1173 2451 benevolentia
1201 2394 1591 2461 Romanorum,
1622 2409 1750 2450 cum
1790 2394 1921 2466 ipsis
1948 2400 2260 2455 statuerunt
2282 2399 2427 2455 ami-

353 2521 358 2528 ·
421 2484 630 2550 citiam,
661 2491 718 2538 ut
748 2484 801 2540 in
849 2483 873 2540 1
911 2482 1157 2539 Macbab.
1188 2482 1469 2550 scribitur,
1502 2481 1594 2538 ubi
1639 2483 1783 2538 inter
1828 2483 1936 2539 alia
1972 2485 2427 2544 commendabilia

423 2571 672 2644 deipsis,
717 2571 861 2626 unde
907 2570 1136 2643 populos
1179 2577 1481 2643 gentesque
1524 2569 1773 2627 diversas
1811 2570 1879 2626 ad
1927 2585 2087 2628 suum
2140 2574 2428 2632 trahebant

424 2674 669 2716 amorem
689 2666 744 2714 et
767 2658 1160 2728 subiectionem
1182 2659 1481 2729 politicam,
1500 2673 1597 2715 seu
1612 2658 1971 2731 despoticam‚
1988 2659 2093 2716 sub
2104 2663 2429 2734 compendio

353 2758 358 2767 ·
423 2746 766 2802 interseritur
784 2761 799 2814 ;
820 2745 966 2818 quod
993 2745 1135 2804 inter
1157 2746 1421 2818 praesides
1442 2761 1695 2804 romanos
1715 2763 1875 2804 nemo
1893 2748 2149 2821 portabat
2175 2751 2431 2810 diadema

424 2848 526 2889 nec
557 2831 884 2888 induebatur
909 2849 1173 2906 purpura,
1207 2841 1266 2890 ut
1289 2834 1736 2906 magnificaretur
1764 2836 1821 2890 in
1860 2851 1945 2902 ea,
1977 2841 2035 2892 et
2065 2839 2196 2911 quia
2220 2839 2433 2897 curiam

425 2920 672 2976 fecerunt
721 2925 778 2975 et
821 2920 1180 2984 consulebant
1229 2923 1481 2994 quotidie
1532 2930 1807 2978 trecentos
1852 2922 2080 2996 viginti,
2140 2927 2430 2983 consilium

425 3022 639 3080 semper
666 3008 735 3063 de
762 3009 1130 3077 multitudine,
1157 3017 1216 3066 ut
1237 3025 1364 3082 quae
1391 3009 1557 3082 digna
1587 3018 1713 3066 sunt
1744 3019 1957 3083 gerant.
1984 3013 2051 3069 Et
2078 3015 2431 3074 committunt

424 3097 514 3152 uni
547 3095 1162 3168 bomini‘magistratum
1189 3111 1350 3154 suum
1389 3115 1488 3170 per
1512 3097 1754 3169 singulos
1796 3115 1967 3158 annos
1995 3101 2265 3158 dominari
2304 3103 2431 3166 uni-

423 3199 598 3242 versae
623 3194 784 3244 terrae
804 3201 937 3248 suae,
969 3192 1026 3240 et
1049 3201 1238 3242 omnes
1261 3185 1524 3242 obediunt
1548 3188 1660 3254 uni,
1693 3197 1749 3245 et
1782 3204 1889 3246 non
1912 3194 1997 3245 est
2022 3190 2228 3248 invidia
2256 3205 2433 3264 neque

423 3271 572 3328 zelus
597 3272 738 3330 inter
757 3288 872 3332 eos.
903 3271 1004 3328 Ubi
1029 3272 1439 3340 attendendum,
1460 3290 1625 3348 quam
1656 3275 1965 3332 ordinatum
1992 3285 2111 3334 erat
2138 3283 2269 3335 tunc
2290 3285 2433 3336 tem-

423 3362 574 3434 poris
601 3351 839 3432 regimen
874 3359 1156 3433 politicum
1181 3359 1239 3416 in
1271 3360 1427 3429 urbe,
1450 3363 1598 3440 quod
1626 3373 1747 3420 erat
1786 3365 2132 3439 principuum
2168 3367 2433 3424 motivum

424 3451 816 3524 cujuscumque
835 3449 1072 3505 nationis
1095 3454 1151 3506 et
1185 3449 1483 3521 provinciae·
1507 3450 1751 3526 ipsorum
1776 3461 2037 3528 appetere
2059 3455 2363 3514 dominium
2376 3462 2433 3515 et

427 3536 636 3594 eisdem
659 3553 760 3596 sua
787 3535 926 3593 colla
953 3535 1245 3609 subjicere.
1758 3529 1764 3536 ’

498 3625 659 3683 Aliud
681 3627 847 3682 etiam
865 3631 984 3681 erat
1011 3624 1062 3679 in
1089 3625 1170 3680 eis
1199 3627 1613 3698 provocativum
1624 3627 2007 3700 subjectionis,
2030 3629 2163 3703 quia
2185 3645 2254 3687 ex
2276 3629 2439 3704 cupi-

427 3711 556 3768 dine
585 3712 901 3772 dominandi
925 3729 1032 3770 non
1073 3728 1133 3769 se
1166 3713 1419 3770 dominos
1447 3714 1739 3786 vocabant,
1766 3716 1863 3772 sed
1898 3719 2079 3774 socios
2114 3724 2172 3773 et
2208 3719 2433 3778 amicos.

427 3799 584 3860 Unde
611 3809 669 3858 et
697 3801 771 3865 de,
794 3800 937 3858 lulio
961 3802 1176 3858 Caesare
1207 3802 1264 3860 in
1301 3803 1561 3860 Suetonio
1590 3803 1868 3871 scribitur,
1902 3805 2051 3872 quod
2081 3805 2285 3866 milites
2309 3822 2441 3866 suos
