2784 4392
512 292 634 372 314
993 308 1046 356 s.
1090 308 1324 356 ranam
1363 308 1696 362 acuimus
1735 305 2050 358 croscum

516 425 587 482 ad
617 424 798 484 locum
829 432 1134 496 transeunt,
1164 441 1405 486 massam
1441 425 1565 486 auri
1598 425 1687 486 vel
1728 424 1944 499 argenti
1990 438 2180 482 secum
2220 421 2441 482 deferre
2478 425 2541 478 οἰ

516 524 784 591 quantum
833 515 1353 575 commutationibus
1407 532 1591 574 rerum
1643 514 1922 574 venalium
1986 512 2255 588 indigent,
2309 515 2537 585 tantum

517 605 780 662 vendunt.
810 606 964 666 Unde
996 605 1352 680 Philosophus
1379 605 1435 662 in
1464 604 1605 664 libro
1637 604 1710 662 IV
1736 602 1902 662 Polie.
1933 601 2147 674 species
2169 601 2535 676 pecuniarum

517 693 878 767 distinguens,
926 694 1042 754 sive
1087 693 1224 752 artis
1272 693 1633 769 pecuniariae,
1691 692 1807 751 sive
1866 691 2349 758 numismaticam,
2404 690 2531 748 sive

517 784 883 856 campsoriam
928 780 1345 841 obolostaticam
1386 789 1444 839 et
1489 779 1699 848 cathos,
1744 781 1979 855 primam
2021 779 2196 838 solam
2234 779 2369 837 dicit
2406 795 2535 838 esso

518 871 846 940 naturalem,
868 871 998 948 quia
1023 872 1092 930 ad
1111 872 1595 930 commutationem
1614 885 1797 929 rerum
1825 867 2163 928 naturalium
2176 869 2527 938 ordinantur,

521 960 651 1033 quia
675 959 807 1018 facit
829 961 1108 1034 proprium
1133 961 1425 1028 numisma,
1445 966 1500 1017 et
1527 975 1635 1016 non
1663 957 1831 1024 aliud,
1853 966 1915 1016 ut
1932 973 1999 1014 ex
2020 959 2141 1032 jam
2164 956 2328 1016 dictis
2351 972 2533 1031 appa-

522 1053 625 1104 ret.
645 1049 870 1120 Propter
897 1048 1000 1106 hoc
1024 1051 1200 1124 ipsam
1227 1048 1401 1108 solam
1418 1045 1766 1108 commendat
1788 1047 1915 1106 aliis
1941 1045 2275 1122 supradictis
2300 1045 2526 1120 spretis,

523 1140 578 1190 et
605 1135 674 1192 de
699 1136 896 1208 quibus
921 1137 1062 1195 infra
1089 1138 1322 1195 dicetur.
1488 1208 1492 1214 Ι

593 1209 1042 1283 C'oncludendum
1083 1235 1166 1284 eat
1195 1227 1362 1299 igitur
1390 1226 1447 1284 in
1488 1224 1635 1284 omni
1660 1223 1926 1298 regimine
1968 1239 2065 1299 pro
2111 1223 2529 1282 conservatione

521 1312 768 1382 dominii,
816 1319 870 1370 et
914 1302 1190 1389 praecipue
1231 1315 1451 1388 regalis,
1498 1314 1869 1373 necessarium
1919 1329 2039 1372 esse
2077 1313 2349 1371 numisma
2393 1329 2528 1385 pro-

525 1402 722 1474 prium,
749 1402 866 1460 sive
901 1419 970 1462 ex
1013 1411 1172 1479 parte
1214 1404 1423 1480 populi,
1453 1404 1571 1464 sive
1614 1420 1683 1462 ex
1724 1410 1882 1480 parte
1923 1403 2069 1478 regis
2110 1403 2200 1461 vel
2240 1401 2524 1478 regiminis

427 1521 431 1525 -
525 1492 940 1568 cujuscumque.

1263 1679 1549 1769 CAPUT
1606 1679 1793 1752 XIV.

538 1811 819 1886 Qualiter
846 1811 930 1874 ad
955 1811 1168 1874 bonum
1192 1811 1456 1892 reyimem
1484 1813 1679 1893 requi,
1712 1816 1775 1876 et
1814 1809 2241 1890 cujuscumque
2276 1808 2531 1872 dominii

607 1900 732 1962 sive
761 1900 1015 1978 politice,
1042 1901 1311 1978 pondera
1359 1904 1417 1964 et
1446 1918 1734 1964 mensum
1758 1905 1905 1964 sunt
1941 1898 2308 1974 necessariae,
2339 1915 2530 1962 mom-

602 1988 733 2068 plis
758 1993 816 2052 et
840 1989 1179 2052 rationibus
1201 1989 1621 2068 persuadetur.

604 2121 730 2176 Post
761 2120 882 2178 haec
917 2129 1102 2180 autem
1140 2122 1411 2196 agendum
1444 2130 1529 2180 est
1570 2129 1627 2180 et
1658 2121 1727 2181 de
1776 2121 2106 2196 ponderibus
2142 2126 2200 2178 et
2240 2119 2527 2178 mensuris.

533 2223 659 2280 quae
693 2210 1000 2268 necessaria
1031 2217 1158 2268 sunt
1195 2211 1266 2268 ad
1307 2210 1536 2269 dominii
1576 2211 1969 2286 cujuscumque
2014 2209 2258 2281 regimen
2306 2224 2532 2266 conser-

532 2296 788 2366 vandum,
817 2301 961 2356 sicut
987 2306 1042 2357 et
1079 2299 1370 2368 numisma,
1402 2299 1533 2375 quia
1572 2316 1699 2358 cum
1741 2301 1823 2358 eis
1866 2300 2151 2360 solvuntur
2176 2298 2403 2368 tributa,
2434 2313 2529 2354 seu

532 2387 702 2444 etiam
726 2387 856 2461 quia
871 2405 968 2460 par
995 2388 1114 2463 ipsa
1137 2388 1262 2457 lites
1285 2389 1667 2447 diminuuntur
1687 2394 1744 2447 et
1773 2390 1830 2448 in
1857 2388 2224 2462 emptionibus
2252 2395 2309 2444 et
2336 2386 2530 2446 vendi-

537 2477 776 2536 tionibus
810 2478 1046 2537 fidelitas
1073 2485 1341 2546 servatur,
1367 2477 1456 2536 vel
1486 2477 1616 2552 quia
1644 2478 1789 2536 sicut
1814 2487 1872 2536 et
1898 2477 2229 2536 numismata
2253 2476 2382 2536 vitae
2405 2481 2531 2532 sunt

535 2565 788 2626 humanae
822 2568 1200 2636 instrumenta.
1235 2567 1401 2625 immo
1426 2567 1548 2640 plus
1586 2567 1871 2626 imitantur
1901 2565 2208 2624 naturalem
2238 2566 2529 2632 actionem,

532 2671 698 2729 quam
726 2657 1012 2724 numisma,
1059 2655 1190 2728 quia
1224 2657 1491 2728 scriptum
1532 2664 1616 2714 est
1658 2656 1714 2714 in
1741 2655 1880 2714 libro
1912 2656 2210 2730 Sapientiae
2252 2670 2336 2722 xx,
2386 2653 2530 2729 quod

533 2744 716 2800 omnia
751 2741 1019 2814 disposuit
1061 2743 1208 2800 Deus
1246 2743 1302 2800 in
1350 2759 1595 2814 numero,
1620 2741 1861 2818 pondere
1902 2752 1959 2801 et
1998 2758 2275 2801 mensura.
2305 2743 2363 2800 Si
2404 2757 2531 2814 ergo

535 2845 726 2888 omnes
751 2837 1020 2888 creaturae
1051 2827 1138 2888 his
1167 2831 1342 2889 tribus
1365 2831 1632 2888 limitibus
1672 2833 2057 2898 terminantur,
2090 2831 2267 2904 magis
2290 2829 2528 2897 videtur,

533 2921 680 2990 quod
709 2918 918 2990 pondus
955 2925 1014 2976 et
1049 2935 1302 2978 mensura
1342 2937 1375 2976 a
1404 2927 1599 2980 natura
1646 2921 1865 2978 trahant
1909 2920 2194 2993 originem,
2222 2935 2389 2996 quam
2426 2935 2533 2976 nu-

537 3006 722 3076 mima‚
747 3013 804 3063 et
827 3006 951 3065 ideo
979 3007 1152 3082 magis
1181 3008 1489 3067 necessaria
1516 3009 1571 3068 in
1592 3009 1872 3084 republica
1901 3009 2101 3068 sivein
2126 3024 2316 3082 regno.

604 3095 850 3170 Amplius
885 3105 1070 3156 autem
1111 3097 1322 3170 pondus
1364 3104 1420 3154 et
1449 3113 1723 3168 mensura,
1750 3098 1806 3156 in
1830 3103 2095 3173 quantum
2136 3097 2286 3164 talia,
2320 3111 2533 3170 semper

533 3185 855 3244 ordinantur
901 3203 934 3243 a
975 3192 1289 3244 mensurata
1331 3191 1389 3244 et
1436 3185 1759 3260 ponderata,
1787 3187 1947 3244 aliter
1989 3203 2085 3260 per
2124 3202 2184 3244 se
2222 3185 2357 3244 nihil
2382 3192 2529 3252 sunt,

441 3349 448 3354 Ι
531 3273 628 3330 sed
653 3273 940 3344 numisma,
970 3275 1223 3347 quamvis
1247 3274 1319 3331 sit
1346 3290 1601 3332 mensura
1629 3281 1685 3332 et
1714 3276 2137 3332 instrumentum
2164 3273 2220 3330 in
2245 3279 2534 3348 permuta-

535 3362 789 3430 tionibuS‚
823 3367 1006 3418 tamen
1034 3377 1130 3433 per
1156 3377 1216 3418 se
1239 3361 1446 3434 aliquid
1470 3377 1589 3418 esse
1617 3371 1815 3435 potest,
1850 3370 2002 3437 puta,
2032 3364 2083 3421 si
2110 3363 2395 3432 confletur,
2428 3361 2531 3422 erit

529 3450 760 3524 aliquid,
784 3449 1038 3508 videlicet
1073 3465 1268 3508 aurum
1307 3449 1392 3509 vel
1422 3455 1742 3524 argentum;
1765 3467 1894 3526 ergo
1924 3437 2139 3526 semper
2168 3467 2278 3512 non
2306 3450 2531 3509 ordina-

533 3545 620 3596 tur
643 3537 714 3596 ad
743 3538 1192 3612 permutationes.

599 3627 670 3684 Et
707 3626 810 3684 hoc
837 3627 1004 3684 etiam
1046 3625 1210 3686 habet
1246 3627 1536 3686 veritatem
1575 3627 1631 3687 iu
1668 3627 1792 3687 aliis
1830 3629 2115 3702 speciebus
2154 3629 2528 3704 pecuniarum,

528 3715 694 3772 immo
734 3715 984 3790 amplius,
1022 3721 1082 3774 ut
1123 3717 1179 3774 in
1212 3717 1540 3792 campsoria‚
1584 3734 1712 3792 quae
1751 3734 1860 3776 uon
1889 3719 2105 3794 proprie
2133 3719 2439 3786 ordinatur,
2469 3726 2534 3778 ut

527 3804 600 3860 sit
629 3819 880 3862 mensura
903 3821 1084 3862 rerum
1109 3805 1402 3876 venalium,
1428 3806 1525 3866 sed
1546 3808 1719 3880 magis
1742 3809 1811 3867 ad
1833 3807 2292 3881 permutationem
2316 3808 2534 3866 numis-

529 3891 710 3950 matis.
732 3893 886 3964 Item,
917 3892 973 3952 in
991 3892 1350 3956 obolostatica
1371 3910 1496 3968 quae
1514 3896 1766 3954 consistit
1789 3896 1937 3956 circa
1959 3897 2219 3975 ponderis
2246 3912 2533 3957 excessum

1771 4109 1887 4120 -n--n
