2784 4392
349 346 352 351 .
432 282 516 353 88
911 304 964 353 s.
1006 298 1244 351 sucum
1283 301 1613 356 aemulius
1653 298 1965 350 croscum

431 422 730 498 publicam,
758 440 882 497 quae
909 440 1016 481 non
1045 429 1226 497 potest
1249 423 1530 491 constitui,
1560 422 1757 481 nisiex
1778 420 2073 494 superioris
2090 420 2441 489 auctoritate,

435 513 635 589 aliquis
659 516 908 588 compelli
937 520 1116 588 potest
1146 532 1159 569 ε
1184 512 1326 570 sicut
1347 513 1601 586 princeps
1629 512 1722 586 qui
1752 516 1951 585 praeest
1980 508 2312 583 reipublicae,
2342 524 2445 584 po-

435 607 546 661 test
573 604 897 680 compellere
925 602 1074 661 cives
1101 610 1162 659 ut
1191 604 1245 659 in
1273 618 1374 659 sua
1403 603 1666 659 societate
1698 601 1935 673 aliquem
1974 599 2259 673 recipiant,
2302 598 2445 669 sicut

436 693 602 750 etiam
631 693 918 767 collegium
953 693 1184 765 alicujus
1221 690 1483 749 Ecclesiae
1514 689 1726 763 cogitur
1762 699 1822 747 ut
1864 690 2102 763 aliquem
2132 689 2361 761 recipiat
2390 686 2443 745 in

436 783 776 850 canonicum,
805 780 889 839 vel
933 784 988 838 in
1025 780 1250 839 fratrem
1279 797 1292 836 :
1324 780 1469 837 unde
1497 794 1622 837 cum
1661 778 1950 851 collegium
1980 779 2145 835 studii
2177 776 2445 851 generalis

435 872 506 929 sit
532 872 714 946 aliqua
743 872 998 940 sociatae,
1032 872 1099 929 ad
1125 888 1246 928 eam
1279 870 1479 944 aliquis
1504 868 1685 927 induci
1718 876 1896 943 potest
1926 868 2254 925 auctoritate
2278 859 2442 939 supe-

325 1036 336 1049 ·
434 960 598 1018 rioris
623 970 872 1033 cogente.

507 1050 591 1106 Ad
627 1050 760 1106 illud
790 1048 937 1124 quod
964 1059 1150 1124 postea
1179 1048 1463 1125 objiciunt,
1497 1044 1643 1121 quod
1674 1046 1777 1104 boc
1822 1054 1909 1103 est
1947 1046 2014 1103 de
2045 1044 2151 1103 illis
2187 1056 2311 1119 quae
2340 1059 2443 1102 non

435 1139 710 1213 pertinent
741 1140 809 1194 ad
839 1136 1176 1207 cathedram,
1209 1138 1501 1195 dicendum
1532 1136 1677 1211 quod
1722 1135 1823 1193 boc
1850 1142 1931 1192 est
1961 1136 2177 1193 salsum.
2211 1136 2295 1191 Ad
2320 1150 2442 1190 eum

437 1227 584 1285 enim
611 1228 706 1301 qui
745 1229 885 1299 regit
915 1227 1323 1300 rempublicam,
1363 1224 1600 1299 pertinet
1635 1223 1887 1283 ordinare
1927 1224 1997 1281 de
2034 1224 2437 1288 nutritionibus,

439 1322 494 1373 et
531 1316 1004 1372 adinventionibus
1053 1318 1413 1383 inventorum,
1459 1316 1512 1372 in
1556 1316 1755 1390 quibus
1794 1314 2033 1371 exerceri
2080 1314 2333 1381 debeant,
2385 1324 2442 1369 ut

440 1404 641 1462 dicitur
671 1420 711 1461 x
736 1404 911 1461 Echio.
945 1402 1099 1462 Unde
1120 1412 1174 1462 et
1203 1406 1258 1462 in
1284 1404 1528 1472 Politica,
1558 1412 1619 1461 ut
1650 1404 1702 1460 in
1732 1405 1757 1459 I
1786 1402 1991 1470 Echio„
2024 1404 2240 1472 dicitur,
2290 1423 2315 1458 ix
2350 1420 2443 1459 or-

440 1493 612 1560 dinat,
645 1510 783 1567 quas
810 1492 1124 1568 disciplinas
1159 1493 1404 1551 debitum
1444 1502 1525 1551 est
1554 1510 1674 1549 esse
1710 1494 1765 1549 in
1792 1492 2126 1560 civitatibuS,
2160 1499 2215 1549 et
2255 1492 2441 1565 quales
2517 1501 2524 1506 '

439 1578 882 1657 unumquemque
905 1592 1121 1657 oportet
1144 1584 1372 1651 discere,
1408 1590 1463 1640 et
1490 1597 1770 1656 usquequo
1806 1600 1819 1638 :
1855 1602 1881 1635 u
1908 1592 1962 1639 et
1991 1581 2070 1638 sic
2096 1588 2261 1654 patet,
2298 1583 2439 1655 quod

439 1672 690 1729 ordinare
720 1675 788 1729 de
811 1675 994 1730 studio
1021 1677 1256 1747 pertinet
1277 1674 1344 1729 ad
1371 1688 1497 1728 enm
1522 1673 1612 1745 qui
1646 1678 1843 1744 praeest
1870 1670 2198 1745 reipublicae,
2222 1661 2281 1727 et
2301 1686 2441 1743 prae-

440 1762 596 1833 cipue
626 1761 693 1817 ad
742 1764 1126 1819 auctoritatem
1161 1762 1489 1834 Apostolicae
1518 1762 1681 1827 sedis,
1720 1776 1827 1834 qua
1853 1760 2174 1817 universalis
2203 1758 2441 1817 Ecclesia

441 1850 792 1921 gubernatur,
826 1852 912 1905 cui
944 1865 1038 1921 per
1066 1850 1320 1921 generale
1345 1849 1584 1905 studium
1612 1850 1947 1921 providetur.

510 1936 666 2007 Quod
697 1946 878 1993 autem
905 1938 1160 2010 objicitur
1191 1938 1402 2004 ultimo,
1444 1938 1687 2009 procedit
1728 1952 1793 1993 ex
1832 1933 2001 1995 salsis.
2033 1938 2153 1995 Non
2187 1939 2332 1995 enim
2362 1944 2442 1995 est

441 2027 512 2083 ad
541 2026 967 2082 destructionem
994 2028 1182 2095 studii,
1217 2027 1312 2082 sed
1339 2028 1406 2083 ad
1432 2028 1549 2099 ejus
1576 2027 1897 2099 profectum.
1930 2028 1975 2083 si
2000 2028 2238 2099 religiosi
2266 2044 2443 2085 saecu-

441 2114 648 2171 laribus
677 2112 730 2169 in
760 2116 940 2170 studio
975 2117 1270 2183 sociantur,
1304 2123 1363 2170 ut
1393 2130 1460 2171 ex
1484 2113 1761 2189 praedictis
1785 2124 1935 2190 patet
1970 2134 1983 2172 z
2008 2116 2152 2173 unde
2180 2118 2314 2173 nulli
2340 2120 2443 2175 du-

439 2204 594 2259 bium
625 2218 744 2259 esse
772 2204 951 2272 debet,
985 2206 1274 2263 saeculares
1303 2206 1550 2279 compelli
1581 2220 1737 2276 posse
1766 2207 2093 2265 auctoritate
2122 2208 2439 2281 apostolica,

441 2306 507 2351 ut
535 2292 604 2350 ad
632 2292 952 2351 societatem
981 2294 1147 2353 studii
1178 2294 1458 2367 religiosos
1484 2294 1797 2353 admittant.

1217 2468 1503 2545 CAPUT
1566 2470 1679 2543 IV.

564 2608 672 2674 Au
693 2610 976 2691 reliqioso
1005 2608 1182 2672 liceat
1201 2608 1557 2687 praedicare,
1586 2614 1643 2671 et
1670 2609 2059 2686 confossiones
2087 2610 2323 2687 audire,

831 2698 834 2700 ’
921 2698 979 2761 ai
1006 2716 1212 2759 curam
1229 2714 1352 2759 non
1369 2698 1579 2761 habeat
1607 2700 1964 2761 animarum.

515 2830 636 2907 Non
673 2826 848 2885 solum
900 2836 1083 2885 autem
1113 2825 1374 2902 impedire
1402 2839 1685 2895 conantur,
1732 2846 1799 2885 ne
1829 2827 2065 2902 religiosi
2108 2830 2345 2887 fructum
2391 2830 2445 2887 in

441 2916 691 2976 Ecclesia
731 2915 936 2975 saciant
979 2934 1072 2991 per
1113 2914 1437 2986 doctrinam,
1470 2922 1758 2975 veritatem
1788 2935 1959 2975 sacrae
2002 2920 2296 2993 Scripturae
2326 2920 2447 2977 aliis

447 3007 784 3079 exponendO,
815 3008 911 3063 sed
947 3008 1092 3080 quod
1140 3006 1495 3078 perniciosius
1532 3015 1634 3079 est,
1680 3024 1773 3063 eos
1802 3020 1833 3063 a
1874 3008 2355 3081 praedicationibus
2390 3024 2447 3065 et

447 3092 875 3151 confessionibus
917 3092 1214 3151 audiendis,
1247 3108 1499 3151 amovere
1543 3100 1827 3162 conantur,
1878 3102 1936 3149 ut
1981 3110 2081 3150 nec
2118 3094 2353 3151 fructum
2391 3097 2446 3151 in

449 3184 647 3258 populo
677 3182 880 3239 faciant
903 3181 958 3238 in
982 3182 1356 3239 exhortatione
1381 3184 1667 3249 virtutum,
1700 3189 1754 3237 et
1783 3184 2143 3256 extirpatione
2169 3184 2442 3254 vitiorum,

445 3272 502 3327 in
549 3288 658 3345 quo
686 3269 852 3327 etiarn
900 3280 1274 3345 persecutores
1301 3272 1560 3329 Ecclesiae
1600 3280 1806 3329 sanctae
1848 3288 1907 3327 se
1944 3288 2063 3329 esse
2104 3274 2398 3330 ostendunt
2430 3292 2443 3328 z

448 3362 590 3416 unde
627 3362 760 3417 dicit
802 3360 1100 3433 Gregorius
1145 3358 1284 3417 libro
1321 3360 1435 3416 XX
1473 3358 1785 3427 Moralium,
1828 3376 1993 3434 super
2038 3362 2169 3417 illud
2225 3379 2238 3415 ε
2282 3364 2446 3432 Quasi

445 3450 666 3523 caputio
697 3452 916 3518 tunioae,
949 3457 1056 3505 etc.
1089 3469 1115 3502 α
1148 3450 1264 3505 Hoc
1307 3452 1494 3505 conari
1533 3448 2200 3522 persecutoresEcclesiae
2232 3453 2452 3523 specia-

446 3536 576 3616 liter
599 3538 794 3611 solent,
833 3547 894 3595 ut
931 3540 1001 3595 ab
1023 3552 1086 3595 ea
1115 3547 1242 3596 ante
1275 3540 1455 3594 omnia
1494 3540 1719 3595 verbum
1746 3538 2148 3611 praedicationis
2177 3538 2386 3595 tollant.
2422 3560 2449 3591 a

516 3628 784 3684 Inducunt
823 3634 1004 3683 autern
1035 3624 1206 3700 primo
1237 3625 1291 3683 id
1317 3628 1461 3699 quod
1499 3624 1731 3683 habetur
1760 3644 1879 3693 xvr,
1925 3628 2173 3699 qiiaest.ll
2215 3645 2228 3682 2
2264 3647 2289 3680 α
2329 3628 2452 3685 Alia

448 3724 532 3771 est
557 3731 720 3773 causa
749 3712 1016 3784 monachi,
1045 3716 1152 3773 alia
1181 3716 1384 3773 clerici.
1417 3715 1611 3771 Clerici
1647 3730 1775 3771 oves
1807 3724 2053 3787 pascunt,
2087 3732 2207 3787 eg0‚
2240 3712 2454 3774 scilicet

449 3801 766 3872 monachuS,
810 3819 1026 3877 pascor.
1067 3824 1092 3858 n
1133 3804 1202 3860 Et
1231 3818 1332 3866 vn,
1372 3812 1569 3876 quaest.
1600 3806 1651 3869 4,
1687 3818 1806 3876 cap.
1844 3802 1953 3859 Hoc
1981 3820 2331 3877 nequaquam,
2363 3806 2455 3861 di·-

449 3894 634 3949 citur:
661 3912 686 3948 α
708 3892 1092 3951 Monac-,horum
1112 3894 1228 3952 vita
1244 3892 1595 3964 subjectionis
1615 3890 1779 3949 habet
1801 3893 2043 3963 verbum,
2068 3908 2177 3951 non
2198 3894 2448 3963 docendi,
