2784 4392
791 295 900 346 xv.
925 314 1006 331 -
1031 298 1112 347 nn
1153 295 1460 347 nummus
1503 294 1841 347 rmucrrmu
2206 282 2322 345 281

317 414 556 473 cundum
595 419 791 483 artem,
831 413 1119 473 imitantur
1153 430 1219 473 ea
1256 429 1380 495 quae
1420 422 1550 475 sunt
1591 414 1891 473 secundum
1941 421 2215 485 naturam,
2240 431 2325 479 ‚ex

317 502 514 575 quibus
539 503 854 576 accipimus
889 511 948 563 ut
971 503 1271 561 secundum
1301 504 1575 563 rationem
1604 503 1817 577 operari
1858 504 2149 577 possimus,
2176 504 2327 577 opti·
2417 501 2426 513 ’

317 606 465 651 mum
486 592 704 651 videtur
728 593 872 665 regis
896 592 1136 651 officium
1161 609 1193 650 a
1218 592 1392 651 forma
1422 592 1703 665 regiminis
1730 593 1997 653 naturalis
2018 609 2317 651 assumere.

313 680 591 740 Invenitur
613 689 797 739 autem
827 682 882 738 in
911 697 1096 739 rerum
1125 688 1321 739 natura
1346 682 1589 753 regimen
1616 689 1673 739 et
1703 681 2012 739 universale
2054 692 2111 740 et
2143 682 2322 755 parti-

311 770 516 827 culare.
547 770 866 829 Universale
892 770 1134 843 quidem,
1162 771 1464 829 secundum
1503 774 1649 844 quod
1691 772 1873 829 omnia
1916 771 2019 829 sub
2045 770 2143 829 Dei
2172 772 2323 842 regi-

315 862 458 917 mine
480 860 849 926 continentur,
879 860 973 933 qui
998 874 1100 917 sua
1129 859 1473 931 providentia
1513 861 1767 919 universa
1815 860 2103 931 gubernat.
2135 860 2313 917 Parti·

309 948 494 1007 culare
519 958 701 1006 autern
731 949 976 1020 regimen
1007 948 1240 1005 maxime
1261 949 1484 1021 quidem
1510 949 1697 1008 divino
1726 948 1976 1020 regimini
2006 948 2185 1005 simile
2214 955 2316 1016 est,

309 1039 454 1111 quod
481 1038 754 1095 invenitur
785 1039 840 1095 in
869 1034 1230 1111 homine,'qui
1271 1037 1342 1093 ob
1367 1037 1473 1095 hoc
1504 1038 1678 1094 minor
1716 1038 1949 1095 mundus
1982 1037 2316 1110 appellatur,

308 1130 438 1203 quia
467 1127 520 1185 in
546 1142 611 1185 eo
633 1127 908 1183 invenitur
935 1125 1109 1184 forma
1139 1126 1463 1183 universalis
1493 1126 1796 1197 regiminis.
1822 1127 1963 1185 Nam
2000 1125 2143 1183 sicut
2195 1126 2317 1183 nni-

311 1232 466 1275 versa
495 1223 748 1277 creatura
771 1230 1032 1288 corporea
1056 1222 1111 1272 et
1140 1229 1327 1273 omnes
1361 1214 1683 1288 spirituales
1711 1213 1943 1273 virtutes
1990 1216 2094 1273 sub
2134 1216 2318 1273 divino

309 1305 569 1377 regimine
599 1305 967 1373 continentur,
1003 1304 1082 1363 sic
1121 1310 1177 1360 et
1226 1303 1472 1377 corporis
1522 1304 1765 1383 membra
1800 1310 1856 1361 et
1900 1312 2121 1363 caeteroe
2173 1306 2318 1363 vires

307 1396 556 1451 animoea
583 1379 798 1462 rati6ne
821 1402 1100 1465 reguntur,
1127 1398 1182 1449 ct
1215 1392 1297 1451 sic
1321 1392 1725 1465 quodammodo
1760 1409 1819 1449 se
1862 1394 2025 1451 habet
2074 1394 2213 1449 ratio
2262 1394 2315 1450 in

307 1486 539 1551 homine,
572 1482 714 1540 sicut
742 1484 888 1539 Deus
915 1481 972 1537 in
1001 1481 1222 1537 mundo·
1253 1480 1361 1537 Sed
1388 1473 1537 1553 quia',
1571 1480 1714 1537 sicut
1744 1496 1907 1553 supra
1952 1482 2309 1547 ostendimus,

303 1572 466 1630 homo
494 1580 578 1629 est
608 1571 807 1629 animal
838 1569 1162 1627 naturaliter
1185 1569 1387 1627 sociale
1418 1570 1471 1624 in
1516 1568 1865 1625 multitudine
1912 1570 2120 1636 vivenS,
2152 1570 2311 1625 sirni-

307 1662 478 1719 litudo
509 1659 679 1717 divini
707 1658 988 1731 regiminis
1032 1657 1307 1714 invenitur
1338 1656 1394 1713 in
1425 1656 1643 1713 homine
1672 1671 1779 1714 non
1820 1656 1995 1713 solum
2043 1663 2309 1729 quantum

302 1752 370 1808 ad
401 1750 505 1807 hoc
545 1748 686 1822 quod
720 1764 815 1820 per
846 1746 1115 1803 rationem
1145 1746 1352 1817 regitur
1389 1762 1528 1803 unus
1572 1745 1754 1812 hom0,
1785 1746 1879 1803 sed
1925 1747 2090 1803 etiam
2128 1762 2310 1819 quan-

305 1846 421 1895 tum
445 1838 514 1895 ad
543 1837 646 1895 hoc
671 1837 818 1909 quod
848 1852 942 1909 per
971 1835 1238 1898 rationem
1272 1836 1434 1891 unius
1462 1834 1697 1891 hominis
1743 1835 1955 1907 regitur
1992 1834 2305 1901 multitudo,

301 1928 448 2001 quod
487 1927 723 1983 maxime
765 1926 1000 1997 pertinet
1029 1924 1097 1981 ad
1138 1923 1377 1981 officium
1408 1924 1569 1996 regis,
1602 1924 1753 1992 dum,
1798 1925 1937 1981 etin
1983 1924 2307 1997 quibusdam

301 2016 624 2074 animalibus
669 2030 796 2087 quae
845 2012 1122 2071 socialiter
1179 2012 1387 2078 vivunt,
1449 2013 1704 2085 quoedam
1742 2012 2044 2071 similitudo
2094 2015 2311 2071 inveni-

302 2115 390 2163 tur
429 2106 590 2180 hujus
632 2102 930 2175 regiminis,
978 2102 1122 2160 sicut
1159 2102 1216 2157 in
1263 2102 1479 2175 apidus‚
1518 2103 1572 2158 in
1623 2102 1823 2177 quibus
1876 2109 1932 2160 et
1980 2119 2135 2175 reges
2184 2120 2306 2160 esse

299 2196 574 2261 dicuntur,
605 2207 710 2248 non
740 2191 888 2265 quod
915 2189 972 2247 in
999 2190 1080 2247 eis
1110 2191 1505 2262 per‘rationem
1535 2191 1607 2246 sit
1633 2193 1894 2263 regimen,
1926 2194 2027 2249 sed
2064 2209 2163 2266 per
2193 2193 2310 2251 ins-

300 2286 531 2340 tinctum
558 2288 769 2337 naturae
795 2279 1032 2335 inditum
1058 2294 1091 2335 a
1115 2294 1328 2335 summo
1349 2285 1592 2350 regente,
1620 2280 1713 2353 qui
1736 2285 1820 2337 est
1845 2288 2038 2339 auctor
2066 2292 2302 2340 naturae.

299 2372 416 2427 Hoc
472 2368 637 2440 igitur
688 2366 928 2424 officium
975 2381 1070 2421 rex
1111 2364 1418 2436 suscepisse
1458 2373 1773 2437 cognoscat,
1822 2373 1883 2423 ut
1924 2369 1997 2423 sit
2040 2369 2095 2423 in
2138 2385 2304 2440 regno

299 2460 442 2516 sicut
467 2459 524 2514 in
547 2470 774 2529 corpore
803 2455 1006 2522 anima,
1025 2460 1080 2509 et
1108 2452 1254 2509 sicut
1276 2454 1423 2509 Deus
1447 2452 1502 2509 in
1530 2454 1752 2511 mundo·
1772 2454 1908 2523 Quae
1934 2455 1981 2511 si
2018 2455 2309 2527 diligenter

301 2548 584 2619 recogitet,
617 2561 685 2602 ex
718 2544 890 2602 altero
931 2541 1166 2615 justitiae
1195 2540 1250 2597 in
1291 2556 1362 2619 eo⁴
1392 2540 1542 2599 zelus
1580 2542 1919 2612 accenditur,
1948 2544 2081 2599 dum
2120 2546 2308 2601 consi-

301 2639 458 2694 derat
485 2634 568 2693 αθ
580 2635 684 2692 hoc
712 2649 771 2691 se
799 2632 1038 2706 positum
1071 2639 1132 2689 ut
1169 2630 1290 2687 loco
1318 2630 1416 2687 Dei
1442 2630 1713 2702 judicium
1742 2646 1909 2703 regno
1932 2638 2205 2700 exerceat,
2239 2651 2305 2689 cx

301 2726 472 2783 altero
501 2740 631 2783 vero
669 2721 1104 2781 mansuetudinis
1131 2727 1186 2787 et
1213 2719 1523 2777 clementiae
1560 2719 1843 2779 lenitatem
1886 2722 2143 2795 acquirit,
2175 2723 2305 2779 dum

301 2822 519 2890 reputat
547 2812 790 2885 singulos
812 2812 908 2885 qui
933 2825 1033 2869 suo
1059 2809 1291 2868 subsunt
1320 2808 1594 2881 regimini,
1625 2809 1769 2869 sicut
1792 2811 2012 2885 propria
2038 2812 2299 2871 membra.

1037 2986 1320 3055 CAPUT
1371 2968 1558 3056 xm.

301 3122 582 3193 Assumit
603 3138 674 3187 ea
693 3120 806 3185 kae
831 3116 1234 3182 similitudine
1250 3118 1491 3181 modum
1512 3117 1845 3199 regiminis,
1866 3124 1940 3183 ut
1961 3121 2123 3186 sicat
2138 3122 2307 3186 Deus

380 3228 860 3295 unamquamque
897 3225 1021 3270 rem
1057 3206 1391 3286 distinquit
1428 3207 1687 3287 quodam
1715 3208 1943 3285 ordine,
1975 3214 2032 3273 et
2047 3214 2308 3293 propria

382 3303 738 3385 operatione,
766 3304 822 3362 et
851 3298 999 3371 loco,
1027 3298 1119 3359 ita
1137 3311 1244 3359 rea
1263 3292 1537 3359 subditos
1558 3312 1699 3361 suo-5
1717 3296 1786 3361 iu
1806 3314 2008 3379 reque,
2038 3303 2094 3363 et
2114 3300 2306 3365 eodem

379 3391 550 3457 modo
578 3391 649 3455 de
676 3389 900 3453 anima.

371 3528 606 3601 Oportet
632 3521 800 3595 igitur
821 3518 1190 3586 considerare,
1213 3517 1345 3591 quid
1361 3518 1511 3575 Deus
1538 3517 1596 3575 in
1620 3519 1825 3577 mundo
1852 3519 2135 3590 faciat,sic
2162 3523 2309 3580 enim

301 3614 654 3677 manifestum
685 3610 792 3669 erit
824 3608 957 3684 quid
975 3606 1270 3692 immineat
1293 3608 1411 3679 regi
1441 3606 1574 3665 facie
1588 3608 1773 3665 ndum.
1803 3609 1942 3667 Sunt
1964 3618 2149 3669 autem
2177 3613 2306 3669 uni-

301 3703 588 3765 versaliter
641 3696 1038 3759 consideranda
1085 3694 1194 3753 duo
1238 3709 1410 3767 opera
1456 3696 1556 3755 Dei
1611 3697 1666 3754 in
1710 3698 1933 3755 mundo.
1976 3699 2155 3757 Unum
2198 3716 2309 3774 quo

304 3794 576 3865 mundum·
609 3788 872 3857 instituit,
917 3785 1152 3845 alterum
1197 3799 1307 3859 quo
1345 3785 1613 3843 mundum
1652 3786 1967 3845 institutum
2014 3789 2305 3862 gubernat.

303 3884 436 3942 Eaec
459 3883 629 3943 etiam
657 3879 768 3939 duo
789 3890 955 3952 opera
979 3873 1160 3937 anima
1178 3872 1353 3935 ,habet
1375 3874 1431 3933 in
1452 3889 1701 3948 corpore.
1720 3876 1860 3937 Nam
1886 3877 2061 3949 primo
2087 3880 2309 3953 quidem
