2784 4392
382 223 463 286 54
864 239 916 286 S.
964 239 1197 283 ‘rixosus
1239 237 1566 296 sommus
1608 234 1916 281 croscum

383 353 459 411 Ex
498 370 604 428 quo
645 359 817 429 patet,
851 360 1004 412 tanto
1039 355 1221 428 aliqua
1272 354 1446 426 magis
1486 353 1555 411 ad
1599 352 1950 410 consiliorum
2003 346 2392 423 perfectionem

383 443 675 514 pertinere,
704 450 911 517 quanto
952 444 1127 514 magis
1162 443 1435 500 homiuem
1479 457 1512 498 a
1559 439 1926 498 sollicitudine
1973 439 2158 494 mundi
2207 436 2392 494 absol-⁶

383 541 532 588 vunt.
573 533 919 588 Manifestum
962 541 1046 588 est
1096 539 1299 599 autem,
1330 530 1478 605 quod
1523 530 1841 586 divitiarum
1885 534 1941 584 et
1987 527 2393 602 possessionum

383 634 513 676 cura
532 621 761 694 impedit
791 622 1033 678 animum
1051 636 1083 677 a
1112 621 1273 678 rebus
1292 608 1742 676 diviniS.Dicitur
1768 616 2123 675 enim'Matth.
2141 619 2386 683 xm,22:

382 707 487 773 Qui
516 709 809 767 seminatus
838 717 913 766 est
937 710 996 766 in
1033 709 1224 782 spinis,
1256 709 1340 766 hic
1364 715 1440 764 est
1468 709 1560 782 qui
1588 707 1802 764 verbum
1832 707 1987 762 audit
2015 714 2065 763 et
2093 703 2390 762 sollicitudo

377 798 555 855 soeculi
582 799 743 855 istius
770 806 822 855 et
848 798 1070 870 fallacia
1098 797 1422 855 divitiarum
1449 798 1705 868 suffocant
1727 796 1943 852 verbum
1972 802 2023 852 et
2049 794 2162 850 sine
2201 793 2387 866 fructu

382 885 648 956 efficitur:
679 886 825 958 quod
877 900 1151 958 exponens
1191 885 1558 958 Hieronymus
1600 885 1777 939 dicit:
1812 903 1837 936 α
1867 883 2086 940 Blandae
2134 887 2261 938 sunt
2301 881 2391 936 di-

380 975 533 1029 vitize
565 974 714 1030 aliud
747 981 971 1045 agentes
1000 980 1053 1030 et
1086 975 1231 1032 aliud
1264 975 1601 1047 pollicentes.
1631 972 1862 1030 Lubrica
1909 979 1992 1028 est
2033 986 2221 1028 earum
2261 987 2393 1044 pos-

382 1063 571 1130 sessio,
605 1063 733 1119 dum
763 1063 871 1119 huc
897 1063 1133 1136 illucque
1174 1063 1658 1130 circumferuntur3
1688 1069 1742 1117 et
1772 1063 1826 1117 in
1856 1061 2037 1118 stabili
2085 1060 2276 1131 gradu,
2307 1057 2392 1114 vel

384 1150 647 1207 habentes
672 1151 951 1219 deserunt,
975 1153 1061 1208 vel
1105 1169 1211 1208 non
1248 1152 1512 1208 habentes
1543 1149 1823 1216 reficiunt3
1853 1167 1880 1200 η
1913 1149 2014 1204 hoc
2063 1151 2228 1204 etiam
2272 1148 2394 1204 evi-

383 1237 575 1295 denter
605 1240 930 1307 ostenditur,
960 1241 1123 1297 Lucae
1152 1256 1274 1308 xlv,
1310 1240 1395 1305 ⁴8,
1432 1238 1521 1294 ubi
1555 1253 1698 1292 unus
1724 1237 1790 1292 de
1823 1236 1904 1291 his
1933 1237 2024 1310 qui
2058 1244 2184 1292 sunt
2213 1236 2391 1292 vocati

384 1327 452 1383 ad
484 1342 717 1394 emnam,
746 1345 805 1384 se
837 1330 1123 1385 excusavit
1153 1329 1341 1384 dicens
1372 1343 1383 1381 τ
1423 1326 1618 1384 Villam
1644 1325 1769 1392 emi,
1801 1333 1847 1381 et
1877 1341 2073 1381 necesse
2098 1325 2252 1380 habeo
2284 1325 2388 1388 ire,

385 1422 435 1470 et
464 1415 645 1470 videre
670 1413 836 1472 illam.
872 1416 939 1474 Et
980 1419 1121 1474 sicut
1164 1415 1462 1487 Gregorius
1497 1416 1651 1483 dicit,
1687 1433 1713 1466 α
1747 1414 1877 1487 quid
1923 1431 2018 1486 per
2053 1413 2257 1481 villam,
2290 1414 2391 1468 nisi

388 1509 606 1560 terrena
636 1495 940 1567 substantia
971 1504 1329 1578 designatur?
1358 1504 1484 1560 Exit
1527 1507 1656 1575 eigo
1694 1503 1879 1558 videre
1907 1502 2111 1567 villam,
2144 1503 2236 1574 qui
2279 1500 2392 1556 sola

388 1594 663 1650 exteriora
697 1584 923 1666 cogitat.
959 1614 985 1646 x>
1014 1596 1071 1653 In
1116 1596 1219 1651 line
1244 1601 1437 1652 autem
1467 1591 1741 1664 parabolae
1787 1591 2038 1646 subditur
2075 1606 2088 1644 ε
2124 1590 2396 1661 Pauperes

386 1688 435 1736 et
477 1681 665 1737 debiles
714 1683 964 1738 introduc
1007 1685 1107 1739 huc
1145 1683 1338 1757 :quod
1383 1697 1657 1754 exponens
1699 1679 2018 1736 Ambrosius
2065 1679 2200 1734 dicit
2251 1676 2394 1750 quod

388 1769 565 1824 rarius
602 1770 871 1841 delinquit
916 1772 1003 1825 cui
1054 1771 1208 1825 deest
1250 1770 1505 1825 illecebra
1531 1769 1812 1840 peccandi,
1843 1774 1897 1822 et
1922 1767 2085 1822 citius
2115 1767 2181 1822 ad
2221 1768 2396 1821 Deum

388 1857 745 1922 convertitur,
782 1857 875 1928 qui
906 1873 1008 1910 non
1041 1857 1203 1912 habet
1230 1857 1283 1912 in
1314 1849 1518 1911 mundo
1549 1857 1690 1910 unde
1716 1855 2036 1911 delectetur.
2069 1874 2094 1905 n
2117 1855 2206 1910 Sic
2231 1856 2396 1924 igitur

392 1949 559 2015 patet,
593 1944 738 2016 quod
766 1944 1133 2016 possessiones
1162 1952 1217 1999 et
1246 1959 1622 2017 quascumque
1652 1943 1874 1998 divitias
1903 1943 2120 1998 omnino
2150 1957 2252 1996 non
2294 1942 2398 2000 ha-

368 2031 538 2108 bere,
573 2032 745 2102 magis
771 2032 836 2086 ad
870 2031 1249 2101 Evangelicam
1274 2033 1549 2104 pertineat
1578 2031 1986 2102 perfectionem.
2011 2031 2168 2096 ltem,
2193 2035 2399 2102 Augus·

392 2120 539 2174 tinus
574 2119 709 2174 dicit
748 2119 799 2174 in
849 2119 939 2174 lib.
974 2119 1052 2174 De
1084 2119 1255 2175 verbis
1294 2119 1561 2176 Domini:
1599 2140 1624 2173 α
1657 2120 1862 2175 Minimi
1893 2119 2090 2176 Christi
2136 2126 2264 2175 sunt
2292 2120 2392 2190 illi,
2495 2171 2507 2182 ,

392 2207 485 2278 qui
516 2206 697 2262 omnia
724 2223 821 2264 sua
846 2205 1169 2262 dimiserunt
1198 2214 1253 2264 et
1279 2209 1452 2264 secuti
1481 2215 1607 2265 sunt
1636 2225 1780 2275 eum,
1813 2217 1868 2264 et
1887 2207 2153 2280 quidquid
2187 2207 2397 2264 habue-
2469 2268 2477 2275 ,

392 2303 538 2362 runt,
570 2295 900 2368 pauperibus
947 2296 1363 2366 distribuerunt,
1394 2303 1454 2352 ut
1505 2299 1617 2353 Deo
1665 2297 1782 2354 sine
1835 2296 2081 2354 saeculari
2133 2297 2396 2369 compede

392 2384 633 2456 expedit-i
656 2385 944 2453 servirent,
959 2392 1015 2441 et
1044 2385 1114 2442 ab
1141 2388 1398 2442 oneribus
1428 2385 1613 2442 mundi
1644 2386 1903 2441 liberatos
1931 2385 2080 2442 velut
2105 2392 2390 2457 pennatOS,

391 2488 609 2530 sursum
631 2472 886 2531 humeros
918 2475 1266 2532 tollereutzhi
1291 2483 1420 2532 sunt
1442 2475 1671 2543 minimi,
1694 2475 1822 2547 quia
1854 2474 2112 2529 humiles.
2136 2473 2404 2546 Appende.

393 2561 645 2617 minimos
682 2563 841 2632 istos,
874 2568 931 2621 ct
976 2579 1143 2635 grave
1188 2563 1402 2635 pondus
1442 2562 1706 2618 invenies.
1737 2581 1764 2612 »
1809 2561 2002 2617 Nullus
2047 2568 2233 2616 autem
2275 2561 2394 2617 sani

392 2651 589 2720 capitis
615 2649 778 2716 dicet,
804 2641 872 2706 ad
903 2652 1089 2707 mundi
1130 2666 1295 2707 onera
1326 2638 1432 2730 non
1462 2650 1753 2722 pertinere,
1783 2649 2151 2706 communium
2175 2651 2397 2723 posses-³

392 2739 605 2794 sionum
644 2753 851 2794 curam.
884 2739 1127 2794 Pertinet
1178 2739 1344 2810 igitur
1391 2740 1458 2796 ad
1493 2739 1838 2812 perfectionis
1877 2740 2106 2812 ponduS,
2141 2747 2200 2795 ut
2228 2741 2396 2797 etiam

393 2824 463 2880 ab
488 2826 797 2897 hujusmodi
822 2826 1177 2898 compedibus
1205 2826 1443 2899 expediti
1473 2828 1715 2883 homines
1741 2829 1982 2883 serviant
2011 2829 2143 2883 Deo.

464 2914 553 2970 Sic
591 2913 759 2984 igitur
800 2921 951 2987 patet
994 2929 1191 2971 vanam
1236 2931 1356 2972 esse
1404 2917 1728 2982 doctrinam,
1758 2917 1922 2971 immo
1981 2915 2294 2988 pestiferam
2339 2916 2414 2974 et*

394 2999 707 3058 christianae
737 3002 1001 3060 doctrinae
1028 3004 1377 3071 contrariam,
1397 3005 1612 3060 illorum
1641 3005 1731 3078 qui
1765 3005 1971 3072 dicunt,
2001 2999 2148 3076 quod
2176 3023 2394 3078 posses-

392 3090 637 3146 sionibus
662 3093 1043 3148 communibus
1084 3107 1273 3149 carere
1310 3101 1534 3166 propter
1565 3094 1857 3160 Christum,
1891 3095 1958 3148 ad
2003 3094 2394 3165 perfectionem

393 3193 499 3234 non
529 3181 819 3252 pertineat,
846 3180 913 3236 de
938 3180 1136 3255 quibus
1163 3197 1325 3254 super
1355 3182 1486 3237 illud
1518 3181 1712 3238 Psalmi
1743 3198 1820 3246 vr,
1851 3183 1908 3236 ll
1950 3199 1962 3236 :
1997 3171 2396 3240 Convertuntur

392 3276 443 3326 et
468 3268 773 3324 erubescant
799 3269 945 3326 valde
986 3271 1247 3336 velociter,
1276 3271 1412 3327 dicit
1441 3271 1632 3327 Glossa
1661 3287 1676 3324 z
1711 3291 1736 3322 α
1765 3271 1880 3326 Hoc
1911 3286 2014 3326 non
2047 3280 2128 3327 est
2173 3271 2279 3342 hic,
2302 3273 2392 3328 ubi

390 3359 577 3429 potius
606 3359 775 3430 iniqui
808 3359 986 3416 rident
1016 3375 1109 3415 eos
1137 3359 1231 3431 qui
1270 3373 1468 3416 omnes·
1490 3359 1802 3432 relinquunt
1831 3365 1886 3414 et
1909 3360 2022 3415 suis
2053 3361 2395 3432 irrisionibus

391 3443 636 3504 infirmos
665 3448 865 3505 Christi
904 3449 1121 3506 nomine
1150 3448 1472 3504 erubescere
1511 3447 1736 3504 faciunt.
1770 3467 1796 3499 »
1833 3448 1913 3503 Ad
1953 3465 2047 3504 eos
2072 3451 2237 3505 etiam
2267 3466 2396 3522 per-

394 3536 565 3590 tinere
590 3537 825 3602 videtur,
859 3537 1002 3610 quod
1032 3536 1157 3592 alibi
1186 3537 1242 3592 in
1275 3537 1416 3594 Psal.
1447 3553 1577 3606 xm,
1597 3539 1646 3602 6,
1681 3537 1883 3593 dicitur
1912 3555 1923 3590 ε
1955 3537 2247 3593 Consilium
2272 3537 2396 3596 ino-

390 3623 472 3694 pis
510 3624 841 3694 confudistis,
872 3625 1124 3699 quoniam
1152 3625 1412 3681 Dominus
1438 3642 1552 3698 spes
1579 3627 1691 3697 quts
1716 3634 1812 3681 est.
1839 3626 1939 3682 Ubi
1983 3619 2116 3682 dicit
2155 3625 2348 3682 Glossa
2377 3643 2391 3682 ε

394 3730 419 3763 α
453 3710 636 3780 Inopis
664 3713 953 3782 cujuslibet
984 3714 1077 3784 qui
1102 3721 1185 3770 est
1218 3715 1521 3769 membrum
1550 3714 1769 3779 Christi,
1800 3723 1853 3770 et
1883 3715 1985 3770 hoc
2011 3716 2130 3770 ideo
2161 3715 2390 3783 l'ecisti5‚

391 3797 643 3891 quoniam
672 3799 925 3858 Dominus
952 3809 1029 3857 est
1050 3815 1163 3873 spes
1186 3803 1317 3874 ejus.
1346 3801 1500 3859 Unde
1525 3817 1652 3872 ergo
1687 3803 1862 3873 magis
1895 3803 2224 3861 reverendus
2251 3811 2392 3872 erat,
