<?xml version="1.0" encoding="UTF-8"?>
<!DOCTYPE html PUBLIC "-//W3C//DTD XHTML 1.0 Transitional//EN"
    "http://www.w3.org/TR/xhtml1/DTD/xhtml1-transitional.dtd">
<html xmlns="http://www.w3.org/1999/xhtml" xml:lang="en" lang="en">
 <head>
  <title>
</title>
<meta http-equiv="Content-Type" content="text/html;charset=utf-8" />
  <meta name='ocr-system' content='tesseract 3.04.00' />
  <meta name='ocr-capabilities' content='ocr_page ocr_carea ocr_par ocr_line ocrx_word'/>
</head>
<body>
  <div class='ocr_page' id='page_1' title='image "./sthomaquinatisd01thomgoog_0401.png"; bbox 0 0 2784 4392; ppageno 0'>
   <div class='ocr_carea' id='block_1_1' title="bbox 774 275 2303 351">
    <p class='ocr_par' dir='ltr' id='par_1_1' title="bbox 774 275 2303 351">
     <span class='ocr_line' id='line_1_1' title="bbox 774 275 2303 351; baseline -0.001 -14"><span class='ocrx_word' id='word_1_1' title='bbox 774 290 889 351; x_wconf 64' lang='lat' dir='ltr'><strong>xv,</strong></span> <span class='ocrx_word' id='word_1_2' title='bbox 915 304 998 321; x_wconf 94' lang='lat'>—</span> <span class='ocrx_word' id='word_1_3' title='bbox 1020 287 1102 335; x_wconf 71' lang='lat' dir='ltr'><strong>mr</strong></span> <span class='ocrx_word' id='word_1_4' title='bbox 1141 287 1447 335; x_wconf 70' lang='lat' dir='ltr'><strong>nmmum</strong></span> <span class='ocrx_word' id='word_1_5' title='bbox 1488 290 1825 341; x_wconf 55' lang='lat' dir='ltr'><strong>samonem</strong></span> <span class='ocrx_word' id='word_1_6' title='bbox 2181 275 2303 337; x_wconf 77' lang='lat'><strong>389</strong></span> 
     </span>
    </p>
   </div>
   <div class='ocr_carea' id='block_1_2' title="bbox 292 389 2307 658">
    <p class='ocr_par' dir='ltr' id='par_1_2' title="bbox 292 389 2307 658">
     <span class='ocr_line' id='line_1_2' title="bbox 292 389 2307 481; baseline 0 -16"><span class='ocrx_word' id='word_1_7' title='bbox 292 389 554 467; x_wconf 46' lang='lat' dir='ltr'><strong>&#39;naturam</strong></span> <span class='ocrx_word' id='word_1_8' title='bbox 588 404 936 481; x_wconf 75' lang='lat' dir='ltr'><strong>applicantur</strong></span> <span class='ocrx_word' id='word_1_9' title='bbox 981 398 1312 475; x_wconf 81' lang='lat' dir='ltr'><strong>Siculorum,</strong></span> <span class='ocrx_word' id='word_1_10' title='bbox 1353 406 1503 481; x_wconf 85' lang='lat' dir='ltr'><strong>quod</strong></span> <span class='ocrx_word' id='word_1_11' title='bbox 1538 406 1762 481; x_wconf 85' lang='lat' dir='ltr'><strong>quidem</strong></span> <span class='ocrx_word' id='word_1_12' title='bbox 1794 393 2051 481; x_wconf 69' lang='lat' dir='ltr'><strong>apparet,</strong></span> <span class='ocrx_word' id='word_1_13' title='bbox 2076 407 2209 481; x_wconf 87' lang='lat' dir='ltr'><strong>quia</strong></span> <span class='ocrx_word' id='word_1_14' title='bbox 2234 410 2307 465; x_wconf 78' lang='lat' dir='ltr'><strong>&#39;ut</strong></span> 
     </span>
     <span class='ocr_line' id='line_1_3' title="bbox 297 495 2305 571; baseline 0 -18"><span class='ocrx_word' id='word_1_15' title='bbox 297 502 526 555; x_wconf 87' lang='lat' dir='ltr'><strong>narrant</strong></span> <span class='ocrx_word' id='word_1_16' title='bbox 552 496 818 565; x_wconf 81' lang='lat' dir='ltr'><strong>historiae,</strong></span> <span class='ocrx_word' id='word_1_17' title='bbox 839 498 960 569; x_wconf 69' lang='lat' dir='ltr'><strong>,iam</strong></span> <span class='ocrx_word' id='word_1_18' title='bbox 987 502 1074 553; x_wconf 86' lang='lat' dir='ltr'><strong>ter</strong></span> <span class='ocrx_word' id='word_1_19' title='bbox 1107 502 1198 565; x_wconf 50' lang='lat' dir='ltr'><strong>,est</strong></span> <span class='ocrx_word' id='word_1_20' title='bbox 1237 496 1503 571; x_wconf 83' lang='lat' dir='ltr'><strong>populata</strong></span> <span class='ocrx_word' id='word_1_21' title='bbox 1552 496 1706 557; x_wconf 87' lang='lat' dir='ltr'><strong>dicta</strong></span> <span class='ocrx_word' id='word_1_22' title='bbox 1746 495 1925 554; x_wconf 88' lang='lat' dir='ltr'><strong>insula</strong></span> <span class='ocrx_word' id='word_1_23' title='bbox 1964 497 2034 553; x_wconf 91' lang='lat' dir='ltr'><strong>de</strong></span> <span class='ocrx_word' id='word_1_24' title='bbox 2074 497 2305 569; x_wconf 84' lang='lat' dir='ltr'><strong>praefata</strong></span> 
     </span>
     <span class='ocr_line' id='line_1_4' title="bbox 297 584 2304 658; baseline 0 -16"><span class='ocrx_word' id='word_1_25' title='bbox 297 592 480 658; x_wconf 86' lang='lat' dir='ltr'><strong>gente.</strong></span> <span class='ocrx_word' id='word_1_26' title='bbox 510 584 690 643; x_wconf 89' lang='lat' dir='ltr'><strong>Primo</strong></span> <span class='ocrx_word' id='word_1_27' title='bbox 714 586 862 642; x_wconf 87' lang='lat' dir='ltr'><strong>enim</strong></span> <span class='ocrx_word' id='word_1_28' title='bbox 901 592 1145 658; x_wconf 86' lang='lat' dir='ltr'><strong>tempore</strong></span> <span class='ocrx_word' id='word_1_29' title='bbox 1185 585 1366 643; x_wconf 83' lang='lat' dir='ltr'><strong>Caroli</strong></span> <span class='ocrx_word' id='word_1_30' title='bbox 1387 584 1608 658; x_wconf 77' lang='lat' dir='ltr'><strong>Magni,</strong></span> <span class='ocrx_word' id='word_1_31' title='bbox 1634 584 1876 645; x_wconf 88' lang='lat' dir='ltr'><strong>secundo</strong></span> <span class='ocrx_word' id='word_1_32' title='bbox 1914 584 1985 642; x_wconf 89' lang='lat' dir='ltr'><strong>ad</strong></span> <span class='ocrx_word' id='word_1_33' title='bbox 2028 589 2304 643; x_wconf 86' lang='lat' dir='ltr'><strong>trecentos</strong></span> 
     </span>
    </p>
   </div>
   <div class='ocr_carea' id='block_1_3' title="bbox 297 667 2380 749">
    <p class='ocr_par' dir='ltr' id='par_1_3' title="bbox 297 667 2380 749">
     <span class='ocr_line' id='line_1_5' title="bbox 297 667 2380 749; baseline -0.001 -17"><span class='ocrx_word' id='word_1_34' title='bbox 297 689 469 732; x_wconf 89' lang='lat' dir='ltr'><strong>annos</strong></span> <span class='ocrx_word' id='word_1_35' title='bbox 493 682 739 747; x_wconf 89' lang='lat' dir='ltr'><strong>tempore</strong></span> <span class='ocrx_word' id='word_1_36' title='bbox 755 673 983 731; x_wconf 86' lang='lat' dir='ltr'><strong>Roberti</strong></span> <span class='ocrx_word' id='word_1_37' title='bbox 1001 674 1314 742; x_wconf 87' lang='lat' dir='ltr'><strong>Guiscardi,</strong></span> <span class='ocrx_word' id='word_1_38' title='bbox 1333 680 1390 731; x_wconf 88' lang='lat' dir='ltr'><strong>et</strong></span> <span class='ocrx_word' id='word_1_39' title='bbox 1416 674 1752 748; x_wconf 82' lang='lat' dir='ltr'><strong>temporibus</strong></span> <span class='ocrx_word' id='word_1_40' title='bbox 1770 674 1975 731; x_wconf 89' lang='lat' dir='ltr'><strong>nostris</strong></span> <span class='ocrx_word' id='word_1_41' title='bbox 1998 691 2097 749; x_wconf 89' lang='lat' dir='ltr'><strong>per</strong></span> <span class='ocrx_word' id='word_1_42' title='bbox 2121 690 2307 747; x_wconf 84' lang='lat' dir='ltr'><strong>regern</strong></span> <span class='ocrx_word' id='word_1_43' title='bbox 2373 667 2380 675; x_wconf 79' lang='grc'><strong><em>’</em></strong></span> 
     </span>
    </p>
   </div>
   <div class='ocr_carea' id='block_1_4' title="bbox 294 748 2309 1455">
    <p class='ocr_par' dir='ltr' id='par_1_4' title="bbox 296 748 2309 1084">
     <span class='ocr_line' id='line_1_6' title="bbox 297 748 2307 837; baseline 0 -18"><span class='ocrx_word' id='word_1_44' title='bbox 297 762 570 831; x_wconf 90' lang='lat' dir='ltr'><strong>Carolum,</strong></span> <span class='ocrx_word' id='word_1_45' title='bbox 600 764 696 837; x_wconf 91' lang='lat' dir='ltr'><strong>qui</strong></span> <span class='ocrx_word' id='word_1_46' title='bbox 733 763 852 835; x_wconf 80' lang='lat' dir='ltr'><strong>jam</strong></span> <span class='ocrx_word' id='word_1_47' title='bbox 878 748 1174 824; x_wconf 76' lang='lat' dir='ltr'><strong>induerunt</strong></span> <span class='ocrx_word' id='word_1_48' title='bbox 1205 762 1448 836; x_wconf 88' lang='lat' dir='ltr'><strong>ipsorum</strong></span> <span class='ocrx_word' id='word_1_49' title='bbox 1474 769 1747 821; x_wconf 87' lang='lat' dir='ltr'><strong>naturam.</strong></span> <span class='ocrx_word' id='word_1_50' title='bbox 1772 764 1893 821; x_wconf 89' lang='lat' dir='ltr'><strong>Hoc</strong></span> <span class='ocrx_word' id='word_1_51' title='bbox 1928 779 2061 836; x_wconf 84' lang='lat' dir='ltr'><strong>ergo</strong></span> <span class='ocrx_word' id='word_1_52' title='bbox 2098 778 2307 837; x_wconf 86' lang='lat' dir='ltr'><strong>suppo-</strong></span> 
     </span>
     <span class='ocr_line' id='line_1_7' title="bbox 296 840 2309 922; baseline -0.001 -15"><span class='ocrx_word' id='word_1_53' title='bbox 296 850 424 919; x_wconf 82' lang='lat' dir='ltr'><strong>sito,</strong></span> <span class='ocrx_word' id='word_1_54' title='bbox 454 849 748 906; x_wconf 88' lang='lat' dir='ltr'><strong>dicendum</strong></span> <span class='ocrx_word' id='word_1_55' title='bbox 768 854 855 905; x_wconf 88' lang='lat' dir='ltr'><strong>est</strong></span> <span class='ocrx_word' id='word_1_56' title='bbox 891 845 1040 922; x_wconf 90' lang='lat' dir='ltr'><strong>quod</strong></span> <span class='ocrx_word' id='word_1_57' title='bbox 1061 848 1306 922; x_wconf 84' lang='lat' dir='ltr'><strong>regimen</strong></span> <span class='ocrx_word' id='word_1_58' title='bbox 1329 857 1387 906; x_wconf 88' lang='lat' dir='ltr'><strong>et</strong></span> <span class='ocrx_word' id='word_1_59' title='bbox 1412 840 1715 907; x_wconf 86' lang='lat' dir='ltr'><strong>dominium</strong></span> <span class='ocrx_word' id='word_1_60' title='bbox 1742 848 1985 906; x_wconf 85' lang='lat' dir='ltr'><strong>ordinari</strong></span> <span class='ocrx_word' id='word_1_61' title='bbox 2020 848 2185 920; x_wconf 84' lang='lat' dir='ltr'><strong>debet.</strong></span> <span class='ocrx_word' id='word_1_62' title='bbox 2214 865 2309 905; x_wconf 89' lang='lat' dir='ltr'><strong>se-</strong></span> 
     </span>
     <span class='ocr_line' id='line_1_8' title="bbox 297 937 2303 1013; baseline 0.001 -19"><span class='ocrx_word' id='word_1_63' title='bbox 297 938 536 994; x_wconf 87' lang='lat' dir='ltr'><strong>cundum</strong></span> <span class='ocrx_word' id='word_1_64' title='bbox 583 937 1000 1011; x_wconf 76' lang='lat' dir='ltr'>dispositionem</span> <span class='ocrx_word' id='word_1_65' title='bbox 1041 938 1240 1011; x_wconf 79' lang='lat' dir='ltr'><strong>gentiS,</strong></span> <span class='ocrx_word' id='word_1_66' title='bbox 1287 938 1434 995; x_wconf 85' lang='lat' dir='ltr'><strong>sicut</strong></span> <span class='ocrx_word' id='word_1_67' title='bbox 1472 938 1590 1013; x_wconf 91' lang='lat' dir='ltr'><strong>ipse</strong></span> <span class='ocrx_word' id='word_1_68' title='bbox 1637 937 1995 1013; x_wconf 82' lang='lat' dir='ltr'><strong>Philosophus</strong></span> <span class='ocrx_word' id='word_1_69' title='bbox 2032 938 2091 995; x_wconf 90' lang='lat' dir='ltr'><strong>in</strong></span> <span class='ocrx_word' id='word_1_70' title='bbox 2133 937 2303 997; x_wconf 75' lang='lat' dir='ltr'><strong>Potit.</strong></span> 
     </span>
     <span class='ocr_line' id='line_1_9' title="bbox 297 1028 489 1084; baseline -0.01 0"><span class='ocrx_word' id='word_1_71' title='bbox 297 1028 489 1084; x_wconf 85' lang='lat' dir='ltr'><strong>tradit.</strong></span> 
     </span>
    </p>

    <p class='ocr_par' dir='ltr' id='par_1_5' title="bbox 294 1104 2307 1455">
     <span class='ocr_line' id='line_1_10' title="bbox 365 1104 2306 1189; baseline 0.001 -18"><span class='ocrx_word' id='word_1_72' title='bbox 365 1104 628 1186; x_wconf 54' lang='lat' dir='ltr'><strong>Qu&#39;aedam</strong></span> <span class='ocrx_word' id='word_1_73' title='bbox 655 1123 841 1175; x_wconf 81' lang='lat' dir='ltr'><strong>autem</strong></span> <span class='ocrx_word' id='word_1_74' title='bbox 865 1115 1163 1189; x_wconf 74' lang='lat' dir='ltr'><strong>provinciae</strong></span> <span class='ocrx_word' id='word_1_75' title='bbox 1185 1121 1314 1172; x_wconf 87' lang='lat' dir='ltr'><strong>sunt</strong></span> <span class='ocrx_word' id='word_1_76' title='bbox 1341 1115 1559 1174; x_wconf 87' lang='lat' dir='ltr'><strong>servilis</strong></span> <span class='ocrx_word' id='word_1_77' title='bbox 1584 1123 1819 1186; x_wconf 87' lang='lat' dir='ltr'><strong>naturae,</strong></span> <span class='ocrx_word' id='word_1_78' title='bbox 1845 1124 1903 1173; x_wconf 85' lang='lat' dir='ltr'><strong>et</strong></span> <span class='ocrx_word' id='word_1_79' title='bbox 1935 1112 2077 1173; x_wconf 90' lang='lat' dir='ltr'><strong>tales</strong></span> <span class='ocrx_word' id='word_1_80' title='bbox 2103 1116 2306 1189; x_wconf 86' lang='lat' dir='ltr'><strong>guber-</strong></span> 
     </span>
     <span class='ocr_line' id='line_1_11' title="bbox 297 1202 2307 1279; baseline 0.001 -18"><span class='ocrx_word' id='word_1_81' title='bbox 297 1205 415 1261; x_wconf 91' lang='lat' dir='ltr'><strong>nari</strong></span> <span class='ocrx_word' id='word_1_82' title='bbox 443 1204 644 1260; x_wconf 89' lang='lat' dir='ltr'><strong>debent</strong></span> <span class='ocrx_word' id='word_1_83' title='bbox 683 1204 996 1279; x_wconf 76' lang='lat' dir='ltr'><strong>principatu</strong></span> <span class='ocrx_word' id='word_1_84' title='bbox 1023 1204 1335 1277; x_wconf 58' lang='lat' dir='ltr'><strong>§fflnQQae</strong></span> <span class='ocrx_word' id='word_1_85' title='bbox 1375 1202 1706 1263; x_wconf 87' lang='lat' dir='ltr'><strong>includendo</strong></span> <span class='ocrx_word' id='word_1_86' title='bbox 1734 1206 1793 1261; x_wconf 90' lang='lat' dir='ltr'><strong>in</strong></span> <span class='ocrx_word' id='word_1_87' title='bbox 1819 1206 2106 1278; x_wconf 87' lang='lat' dir='ltr'><strong>despotico</strong></span> <span class='ocrx_word' id='word_1_88' title='bbox 2135 1206 2307 1263; x_wconf 88' lang='lat' dir='ltr'><strong>etiam</strong></span> 
     </span>
     <span class='ocr_line' id='line_1_12' title="bbox 294 1292 2307 1369; baseline 0.002 -20"><span class='ocrx_word' id='word_1_89' title='bbox 294 1293 495 1365; x_wconf 86' lang='lat' dir='ltr'><strong>regale.</strong></span> <span class='ocrx_word' id='word_1_90' title='bbox 526 1292 630 1364; x_wconf 90' lang='lat' dir='ltr'><strong>Qui</strong></span> <span class='ocrx_word' id='word_1_91' title='bbox 654 1302 840 1350; x_wconf 87' lang='lat' dir='ltr'><strong>autem</strong></span> <span class='ocrx_word' id='word_1_92' title='bbox 869 1294 1044 1349; x_wconf 89' lang='lat' dir='ltr'><strong>virilis</strong></span> <span class='ocrx_word' id='word_1_93' title='bbox 1081 1292 1249 1350; x_wconf 89' lang='lat' dir='ltr'><strong>animi</strong></span> <span class='ocrx_word' id='word_1_94' title='bbox 1269 1299 1334 1369; x_wconf 56' lang='lat' dir='ltr'><strong>⁴et</strong></span> <span class='ocrx_word' id='word_1_95' title='bbox 1359 1294 1417 1349; x_wconf 89' lang='lat' dir='ltr'><strong>in</strong></span> <span class='ocrx_word' id='word_1_96' title='bbox 1442 1294 1673 1351; x_wconf 89' lang='lat' dir='ltr'><strong>audacia</strong></span> <span class='ocrx_word' id='word_1_97' title='bbox 1710 1294 1918 1362; x_wconf 80' lang='lat' dir='ltr'><strong>cordiS,</strong></span> <span class='ocrx_word' id='word_1_98' title='bbox 1948 1300 2007 1352; x_wconf 85' lang='lat' dir='ltr'><strong>et</strong></span> <span class='ocrx_word' id='word_1_99' title='bbox 2044 1294 2099 1351; x_wconf 89' lang='lat' dir='ltr'><strong>in</strong></span> <span class='ocrx_word' id='word_1_100' title='bbox 2128 1296 2307 1353; x_wconf 83' lang='lat' dir='ltr'><strong>confi-</strong></span> 
     </span>
     <span class='ocr_line' id='line_1_13' title="bbox 295 1380 2307 1455; baseline 0.001 -18"><span class='ocrx_word' id='word_1_101' title='bbox 295 1382 478 1439; x_wconf 89' lang='lat' dir='ltr'><strong>dentia</strong></span> <span class='ocrx_word' id='word_1_102' title='bbox 509 1396 626 1439; x_wconf 81' lang='lat' dir='ltr'><strong>suae</strong></span> <span class='ocrx_word' id='word_1_103' title='bbox 650 1380 1036 1453; x_wconf 58' lang='lat' dir='ltr'><strong>intelligentiae,</strong></span> <span class='ocrx_word' id='word_1_104' title='bbox 1052 1387 1199 1447; x_wconf 90' lang='lat' dir='ltr'><strong>sunt,</strong></span> <span class='ocrx_word' id='word_1_105' title='bbox 1234 1381 1372 1437; x_wconf 87' lang='lat' dir='ltr'><strong>tales</strong></span> <span class='ocrx_word' id='word_1_106' title='bbox 1412 1383 1529 1454; x_wconf 84' lang='lat' dir='ltr'><strong>regi</strong></span> <span class='ocrx_word' id='word_1_107' title='bbox 1568 1398 1673 1439; x_wconf 90' lang='lat' dir='ltr'><strong>non</strong></span> <span class='ocrx_word' id='word_1_108' title='bbox 1704 1388 1934 1455; x_wconf 89' lang='lat' dir='ltr'><strong>possunt</strong></span> <span class='ocrx_word' id='word_1_109' title='bbox 1964 1384 2067 1439; x_wconf 90' lang='lat' dir='ltr'><strong>nisi</strong></span> <span class='ocrx_word' id='word_1_110' title='bbox 2098 1384 2307 1455; x_wconf 50' lang='lat' dir='ltr'><strong>priuciss</strong></span> 
     </span>
    </p>
   </div>
   <div class='ocr_carea' id='block_1_5' title="bbox 2353 1206 2428 1247">
    <p class='ocr_par' dir='ltr' id='par_1_6' title="bbox 2353 1206 2428 1247">
     <span class='ocr_line' id='line_1_14' title="bbox 2353 1206 2428 1247; baseline -0.04 0"><span class='ocrx_word' id='word_1_111' title='bbox 2353 1206 2428 1247; x_wconf 64' lang='lat' dir='ltr'><strong>Vs</strong></span> 
     </span>
    </p>
   </div>
   <div class='ocr_carea' id='block_1_6' title="bbox 259 1467 2353 1545">
    <p class='ocr_par' dir='ltr' id='par_1_7' title="bbox 259 1467 2353 1545">
     <span class='ocr_line' id='line_1_15' title="bbox 259 1467 2353 1545; baseline -0.001 -18"><span class='ocrx_word' id='word_1_112' title='bbox 259 1523 264 1527; x_wconf 90' lang='lat'><em>.</em></span> <span class='ocrx_word' id='word_1_113' title='bbox 294 1477 426 1543; x_wconf 90' lang='lat' dir='ltr'><strong>patu</strong></span> <span class='ocrx_word' id='word_1_114' title='bbox 452 1470 691 1542; x_wconf 81' lang='lat' dir='ltr'><strong>politice,</strong></span> <span class='ocrx_word' id='word_1_115' title='bbox 723 1470 999 1526; x_wconf 88' lang='lat' dir='ltr'><strong>communi</strong></span> <span class='ocrx_word' id='word_1_116' title='bbox 1039 1469 1256 1525; x_wconf 89' lang='lat' dir='ltr'><strong>nomine</strong></span> <span class='ocrx_word' id='word_1_117' title='bbox 1284 1470 1631 1527; x_wconf 86' lang='lat' dir='ltr'><strong>extendendo</strong></span> <span class='ocrx_word' id='word_1_118' title='bbox 1672 1470 1849 1545; x_wconf 89' lang='lat' dir='ltr'><strong>ipsum</strong></span> <span class='ocrx_word' id='word_1_119' title='bbox 1893 1472 1963 1528; x_wconf 89' lang='lat' dir='ltr'><strong>ad</strong></span> <span class='ocrx_word' id='word_1_120' title='bbox 2007 1467 2309 1530; x_wconf 80' lang='lat' dir='ltr'><strong>aristocra-</strong></span> <span class='ocrx_word' id='word_1_121' title='bbox 2336 1520 2353 1525; x_wconf 88' lang='lat'><strong>-</strong></span> 
     </span>
    </p>
   </div>
   <div class='ocr_carea' id='block_1_7' title="bbox 199 1556 2309 1631">
    <p class='ocr_par' dir='ltr' id='par_1_8' title="bbox 199 1556 2309 1631">
     <span class='ocr_line' id='line_1_16' title="bbox 199 1556 2309 1631; baseline 0.002 -18"><span class='ocrx_word' id='word_1_122' title='bbox 199 1588 204 1593; x_wconf 93' lang='lat'><strong>·</strong></span> <span class='ocrx_word' id='word_1_123' title='bbox 297 1560 486 1615; x_wconf 88' lang='lat' dir='ltr'><strong>ticum.</strong></span> <span class='ocrx_word' id='word_1_124' title='bbox 519 1557 650 1614; x_wconf 82' lang='lat' dir='ltr'>Tale</span> <span class='ocrx_word' id='word_1_125' title='bbox 678 1565 866 1614; x_wconf 89' lang='lat' dir='ltr'><strong>autem</strong></span> <span class='ocrx_word' id='word_1_126' title='bbox 887 1556 1189 1613; x_wconf 90' lang='lat' dir='ltr'><strong>dominium</strong></span> <span class='ocrx_word' id='word_1_127' title='bbox 1217 1557 1455 1614; x_wconf 85' lang='lat' dir='ltr'><strong>maxime</strong></span> <span class='ocrx_word' id='word_1_128' title='bbox 1480 1558 1537 1613; x_wconf 89' lang='lat' dir='ltr'><strong>in</strong></span> <span class='ocrx_word' id='word_1_129' title='bbox 1564 1557 1725 1615; x_wconf 88' lang='lat' dir='ltr'><strong>Italia</strong></span> <span class='ocrx_word' id='word_1_130' title='bbox 1752 1560 1921 1631; x_wconf 69' lang='lat' dir='ltr'><strong>viget,</strong></span> <span class='ocrx_word' id='word_1_131' title='bbox 1952 1560 2098 1615; x_wconf 89' lang='lat' dir='ltr'><strong>unde</strong></span> <span class='ocrx_word' id='word_1_132' title='bbox 2127 1560 2309 1617; x_wconf 89' lang='lat' dir='ltr'><strong>minus</strong></span> 
     </span>
    </p>
   </div>
   <div class='ocr_carea' id='block_1_8' title="bbox 289 1645 2313 2870">
    <p class='ocr_par' dir='ltr' id='par_1_9' title="bbox 289 1645 2311 2501">
     <span class='ocr_line' id='line_1_17' title="bbox 295 1645 2310 1721; baseline 0.001 -18"><span class='ocrx_word' id='word_1_133' title='bbox 295 1645 629 1719; x_wconf 88' lang='lat' dir='ltr'><strong>subjicibiles</strong></span> <span class='ocrx_word' id='word_1_134' title='bbox 657 1645 875 1701; x_wconf 80' lang='lat' dir='ltr'><strong>suerunt</strong></span> <span class='ocrx_word' id='word_1_135' title='bbox 904 1660 1118 1717; x_wconf 88' lang='lat' dir='ltr'><strong>semper</strong></span> <span class='ocrx_word' id='word_1_136' title='bbox 1147 1653 1374 1719; x_wconf 88' lang='lat' dir='ltr'><strong>propter</strong></span> <span class='ocrx_word' id='word_1_137' title='bbox 1399 1645 1606 1703; x_wconf 88' lang='lat' dir='ltr'><strong>dictam</strong></span> <span class='ocrx_word' id='word_1_138' title='bbox 1634 1660 1881 1715; x_wconf 89' lang='lat' dir='ltr'><strong>causam,</strong></span> <span class='ocrx_word' id='word_1_139' title='bbox 1908 1649 2057 1721; x_wconf 89' lang='lat' dir='ltr'><strong>quod</strong></span> <span class='ocrx_word' id='word_1_140' title='bbox 2095 1649 2143 1705; x_wconf 92' lang='lat' dir='ltr'><strong>si</strong></span> <span class='ocrx_word' id='word_1_141' title='bbox 2174 1648 2310 1705; x_wconf 79' lang='lat' dir='ltr'><strong>velis</strong></span> 
     </span>
     <span class='ocr_line' id='line_1_18' title="bbox 297 1733 2310 1810; baseline 0 -19"><span class='ocrx_word' id='word_1_142' title='bbox 297 1736 512 1791; x_wconf 89' lang='lat' dir='ltr'><strong>trahere</strong></span> <span class='ocrx_word' id='word_1_143' title='bbox 555 1735 623 1791; x_wconf 92' lang='lat' dir='ltr'><strong>ad</strong></span> <span class='ocrx_word' id='word_1_144' title='bbox 664 1734 1009 1807; x_wconf 85' lang='lat' dir='ltr'><strong>despoticum</strong></span> <span class='ocrx_word' id='word_1_145' title='bbox 1049 1734 1440 1807; x_wconf 79' lang='lat' dir='ltr'>principatum,</span> <span class='ocrx_word' id='word_1_146' title='bbox 1488 1733 1595 1790; x_wconf 86' lang='lat' dir='ltr'><strong>hoc</strong></span> <span class='ocrx_word' id='word_1_147' title='bbox 1636 1750 1755 1792; x_wconf 90' lang='lat' dir='ltr'><strong>esse</strong></span> <span class='ocrx_word' id='word_1_148' title='bbox 1810 1751 1917 1792; x_wconf 88' lang='lat' dir='ltr'><strong>non</strong></span> <span class='ocrx_word' id='word_1_149' title='bbox 1970 1742 2151 1810; x_wconf 87' lang='lat' dir='ltr'><strong>potest</strong></span> <span class='ocrx_word' id='word_1_150' title='bbox 2200 1736 2310 1793; x_wconf 89' lang='lat' dir='ltr'><strong>nisi</strong></span> 
     </span>
     <span class='ocr_line' id='line_1_19' title="bbox 295 1821 2310 1899; baseline 0 -20"><span class='ocrx_word' id='word_1_151' title='bbox 295 1824 498 1880; x_wconf 87' lang='lat' dir='ltr'><strong>domini</strong></span> <span class='ocrx_word' id='word_1_152' title='bbox 535 1824 882 1899; x_wconf 73' lang='lat' dir='ltr'><strong>tyrannizent</strong></span> <span class='ocrx_word' id='word_1_153' title='bbox 913 1838 929 1878; x_wconf 71' lang='grc' dir='ltr'><em>τ</em></span> <span class='ocrx_word' id='word_1_154' title='bbox 961 1821 1106 1878; x_wconf 90' lang='lat' dir='ltr'><strong>unde</strong></span> <span class='ocrx_word' id='word_1_155' title='bbox 1138 1827 1324 1895; x_wconf 85' lang='lat' dir='ltr'><strong>partes</strong></span> <span class='ocrx_word' id='word_1_156' title='bbox 1361 1822 1634 1880; x_wconf 88' lang='lat' dir='ltr'><strong>insulares</strong></span> <span class='ocrx_word' id='word_1_157' title='bbox 1661 1824 1907 1899; x_wconf 86' lang='lat' dir='ltr'><strong>ejusdem</strong></span> <span class='ocrx_word' id='word_1_158' title='bbox 1939 1841 2066 1897; x_wconf 74' lang='lat' dir='ltr'><strong>quae</strong></span> <span class='ocrx_word' id='word_1_159' title='bbox 2093 1841 2310 1898; x_wconf 88' lang='lat' dir='ltr'><strong>semper</strong></span> 
     </span>
     <span class='ocr_line' id='line_1_20' title="bbox 296 1911 2306 1984; baseline 0.002 -17"><span class='ocrx_word' id='word_1_160' title='bbox 296 1912 602 1969; x_wconf 86' lang='lat' dir='ltr'><strong>habuerunt</strong></span> <span class='ocrx_word' id='word_1_161' title='bbox 638 1927 796 1983; x_wconf 85' lang='lat' dir='ltr'><strong>reges</strong></span> <span class='ocrx_word' id='word_1_162' title='bbox 844 1918 901 1967; x_wconf 92' lang='lat' dir='ltr'><strong>et</strong></span> <span class='ocrx_word' id='word_1_163' title='bbox 948 1911 1240 1984; x_wconf 81' lang='lat' dir='ltr'><strong>principeS,</strong></span> <span class='ocrx_word' id='word_1_164' title='bbox 1291 1920 1353 1969; x_wconf 89' lang='lat' dir='ltr'><strong>ut</strong></span> <span class='ocrx_word' id='word_1_165' title='bbox 1399 1912 1605 1980; x_wconf 83' lang='lat' dir='ltr'><strong>Sicilia,</strong></span> <span class='ocrx_word' id='word_1_166' title='bbox 1659 1912 1912 1970; x_wconf 83' lang='lat' dir='ltr'><strong>Sardinia</strong></span> <span class='ocrx_word' id='word_1_167' title='bbox 1959 1920 2016 1969; x_wconf 92' lang='lat' dir='ltr'><strong>et</strong></span> <span class='ocrx_word' id='word_1_168' title='bbox 2063 1915 2306 1982; x_wconf 90' lang='lat' dir='ltr'><strong>Corsica,</strong></span> 
     </span>
     <span class='ocr_line' id='line_1_21' title="bbox 295 2000 2309 2077; baseline 0.001 -20"><span class='ocrx_word' id='word_1_169' title='bbox 295 2017 506 2074; x_wconf 87' lang='lat' dir='ltr'><strong>semper</strong></span> <span class='ocrx_word' id='word_1_170' title='bbox 534 2000 839 2056; x_wconf 90' lang='lat' dir='ltr'><strong>habuerunt</strong></span> <span class='ocrx_word' id='word_1_171' title='bbox 881 2004 1163 2073; x_wconf 83' lang='lat' dir='ltr'><strong>tyrannos.</strong></span> <span class='ocrx_word' id='word_1_172' title='bbox 1195 2000 1256 2055; x_wconf 88' lang='lat' dir='ltr'><strong>ln</strong></span> <span class='ocrx_word' id='word_1_173' title='bbox 1286 2000 1533 2073; x_wconf 88' lang='lat' dir='ltr'><strong>partibus</strong></span> <span class='ocrx_word' id='word_1_174' title='bbox 1574 2009 1761 2077; x_wconf 89' lang='lat' dir='ltr'><strong>autem</strong></span> <span class='ocrx_word' id='word_1_175' title='bbox 1788 2000 2048 2076; x_wconf 83' lang='lat' dir='ltr'><strong>Liguriae,</strong></span> <span class='ocrx_word' id='word_1_176' title='bbox 2074 2003 2309 2061; x_wconf 82' lang='lat' dir='ltr'><strong>AEmiliae</strong></span> 
     </span>
     <span class='ocr_line' id='line_1_22' title="bbox 295 2087 2311 2165; baseline 0.002 -20"><span class='ocrx_word' id='word_1_177' title='bbox 295 2097 350 2145; x_wconf 87' lang='lat' dir='ltr'><strong>et</strong></span> <span class='ocrx_word' id='word_1_178' title='bbox 373 2089 673 2156; x_wconf 84' lang='lat' dir='ltr'><strong>Flaminiae,</strong></span> <span class='ocrx_word' id='word_1_179' title='bbox 720 2104 845 2161; x_wconf 86' lang='lat' dir='ltr'><strong>quae</strong></span> <span class='ocrx_word' id='word_1_180' title='bbox 879 2088 1043 2144; x_wconf 88' lang='lat' dir='ltr'><strong>hodie</strong></span> <span class='ocrx_word' id='word_1_181' title='bbox 1087 2087 1415 2145; x_wconf 87' lang='lat' dir='ltr'><strong>Lombardia</strong></span> <span class='ocrx_word' id='word_1_182' title='bbox 1457 2096 1707 2158; x_wconf 85' lang='lat' dir='ltr'><strong>vocatur,</strong></span> <span class='ocrx_word' id='word_1_183' title='bbox 1735 2091 1915 2148; x_wconf 90' lang='lat' dir='ltr'><strong>nullus</strong></span> <span class='ocrx_word' id='word_1_184' title='bbox 1939 2090 2311 2165; x_wconf 67' lang='lat' dir='ltr'><strong>principatum</strong></span> 
     </span>
     <span class='ocr_line' id='line_1_23' title="bbox 296 2176 2309 2255; baseline 0.002 -22"><span class='ocrx_word' id='word_1_185' title='bbox 296 2178 494 2235; x_wconf 88' lang='lat' dir='ltr'><strong>habere</strong></span> <span class='ocrx_word' id='word_1_186' title='bbox 522 2184 704 2251; x_wconf 84' lang='lat' dir='ltr'><strong>potest</strong></span> <span class='ocrx_word' id='word_1_187' title='bbox 745 2184 1070 2249; x_wconf 83' lang='lat' dir='ltr'><strong>perpetuum</strong></span> <span class='ocrx_word' id='word_1_188' title='bbox 1112 2176 1231 2252; x_wconf 59' lang='lat' dir='ltr'><strong>nisi</strong></span> <span class='ocrx_word' id='word_1_189' title='bbox 1251 2176 1346 2251; x_wconf 71' lang='lat' dir='ltr'><strong>per</strong></span> <span class='ocrx_word' id='word_1_190' title='bbox 1375 2178 1523 2233; x_wconf 87' lang='lat' dir='ltr'><strong>viam</strong></span> <span class='ocrx_word' id='word_1_191' title='bbox 1554 2178 1919 2255; x_wconf 64' lang='lat' dir='ltr'><strong>tyrannicam,</strong></span> <span class='ocrx_word' id='word_1_192' title='bbox 1950 2180 2089 2238; x_wconf 90' lang='lat' dir='ltr'><strong>duce</strong></span> <span class='ocrx_word' id='word_1_193' title='bbox 2124 2182 2309 2239; x_wconf 83' lang='lat' dir='ltr'><strong>Vene-</strong></span> 
     </span>
     <span class='ocr_line' id='line_1_24' title="bbox 295 2254 2307 2337; baseline 0.003 -16"><span class='ocrx_word' id='word_1_194' title='bbox 295 2268 496 2322; x_wconf 90' lang='lat' dir='ltr'><strong>tiarum</strong></span> <span class='ocrx_word' id='word_1_195' title='bbox 541 2272 789 2337; x_wconf 88' lang='lat' dir='ltr'><strong>except0,</strong></span> <span class='ocrx_word' id='word_1_196' title='bbox 832 2264 927 2337; x_wconf 91' lang='lat' dir='ltr'><strong>qui</strong></span> <span class='ocrx_word' id='word_1_197' title='bbox 971 2270 1157 2320; x_wconf 90' lang='lat' dir='ltr'><strong>tamen</strong></span> <span class='ocrx_word' id='word_1_198' title='bbox 1204 2254 1569 2336; x_wconf 85' lang='lat' dir='ltr'><strong>temperatum</strong></span> <span class='ocrx_word' id='word_1_199' title='bbox 1612 2265 1777 2323; x_wconf 87' lang='lat' dir='ltr'><strong>habet</strong></span> <span class='ocrx_word' id='word_1_200' title='bbox 1816 2268 2058 2337; x_wconf 86' lang='lat' dir='ltr'><strong>regimen</strong></span> <span class='ocrx_word' id='word_1_201' title='bbox 2105 2284 2122 2325; x_wconf 78' lang='lat' dir='ltr'><em>z</em></span> <span class='ocrx_word' id='word_1_202' title='bbox 2162 2270 2307 2327; x_wconf 84' lang='lat' dir='ltr'><strong>unde</strong></span> 
     </span>
     <span class='ocr_line' id='line_1_25' title="bbox 289 2352 2308 2432; baseline 0.002 -20"><span class='ocrx_word' id='word_1_203' title='bbox 289 2353 751 2429; x_wconf 81' lang='lat' dir='ltr'><strong>&#39;principatus-ad</strong></span> <span class='ocrx_word' id='word_1_204' title='bbox 794 2359 1012 2427; x_wconf 85' lang='lat' dir='ltr'><strong>tempus</strong></span> <span class='ocrx_word' id='word_1_205' title='bbox 1057 2352 1252 2408; x_wconf 89' lang='lat' dir='ltr'><strong>melius</strong></span> <span class='ocrx_word' id='word_1_206' title='bbox 1295 2354 1598 2425; x_wconf 77' lang='lat' dir='ltr'><strong>sustinetur</strong></span> <span class='ocrx_word' id='word_1_207' title='bbox 1648 2356 1705 2411; x_wconf 92' lang='lat' dir='ltr'><strong>in</strong></span> <span class='ocrx_word' id='word_1_208' title='bbox 1750 2355 2065 2427; x_wconf 85' lang='lat' dir='ltr'><strong>regionibus</strong></span> <span class='ocrx_word' id='word_1_209' title='bbox 2106 2372 2308 2432; x_wconf 86' lang='lat' dir='ltr'><strong>supra-</strong></span> 
     </span>
     <span class='ocr_line' id='line_1_26' title="bbox 295 2443 1085 2501; baseline 0.003 -2"><span class='ocrx_word' id='word_1_210' title='bbox 295 2443 480 2500; x_wconf 87' lang='lat' dir='ltr'><strong>dictis.</strong></span> <span class='ocrx_word' id='word_1_211' title='bbox 1083 2497 1085 2501; x_wconf 87' lang='lat'>.</span> 
     </span>
    </p>

    <p class='ocr_par' dir='ltr' id='par_1_10' title="bbox 296 2518 2313 2870">
     <span class='ocr_line' id='line_1_27' title="bbox 365 2518 2311 2607; baseline 0.003 -18"><span class='ocrx_word' id='word_1_212' title='bbox 365 2532 522 2603; x_wconf 88' lang='lat' dir='ltr'><strong>Quod</strong></span> <span class='ocrx_word' id='word_1_213' title='bbox 547 2518 693 2587; x_wconf 83' lang='lat' dir='ltr'><strong>enim</strong></span> <span class='ocrx_word' id='word_1_214' title='bbox 717 2529 920 2586; x_wconf 87' lang='lat' dir='ltr'><strong>dicitur</strong></span> <span class='ocrx_word' id='word_1_215' title='bbox 944 2528 1209 2601; x_wconf 83' lang='lat' dir='ltr'><strong>derogare</strong></span> <span class='ocrx_word' id='word_1_216' title='bbox 1235 2528 1461 2602; x_wconf 86' lang='lat' dir='ltr'><strong>politiae,</strong></span> <span class='ocrx_word' id='word_1_217' title='bbox 1490 2544 1598 2586; x_wconf 89' lang='lat' dir='ltr'><strong>non</strong></span> <span class='ocrx_word' id='word_1_218' title='bbox 1622 2538 1707 2587; x_wconf 83' lang='lat' dir='ltr'><strong>est</strong></span> <span class='ocrx_word' id='word_1_219' title='bbox 1736 2533 2010 2600; x_wconf 89' lang='lat' dir='ltr'><strong>verum,si</strong></span> <span class='ocrx_word' id='word_1_220' title='bbox 2039 2534 2311 2607; x_wconf 79' lang='lat' dir='ltr'><strong>eligantur</strong></span> 
     </span>
     <span class='ocr_line' id='line_1_28' title="bbox 296 2616 2305 2693; baseline 0.001 -15"><span class='ocrx_word' id='word_1_221' title='bbox 296 2622 496 2689; x_wconf 89' lang='lat' dir='ltr'><strong>idonei,</strong></span> <span class='ocrx_word' id='word_1_222' title='bbox 524 2620 682 2689; x_wconf 87' lang='lat' dir='ltr'><strong>alias,</strong></span> <span class='ocrx_word' id='word_1_223' title='bbox 700 2627 762 2676; x_wconf 82' lang='lat' dir='ltr'><strong>ut</strong></span> <span class='ocrx_word' id='word_1_224' title='bbox 804 2616 1014 2676; x_wconf 87' lang='lat' dir='ltr'><strong>dictum</strong></span> <span class='ocrx_word' id='word_1_225' title='bbox 1057 2624 1162 2686; x_wconf 88' lang='lat' dir='ltr'><strong>est,</strong></span> <span class='ocrx_word' id='word_1_226' title='bbox 1191 2619 1562 2691; x_wconf 83' lang='lat' dir='ltr'><strong>corrumpitur</strong></span> <span class='ocrx_word' id='word_1_227' title='bbox 1602 2620 1815 2693; x_wconf 87' lang='lat' dir='ltr'><strong>politia.</strong></span> <span class='ocrx_word' id='word_1_228' title='bbox 1846 2622 2077 2679; x_wconf 88' lang='lat' dir='ltr'><strong>Idoneos</strong></span> <span class='ocrx_word' id='word_1_229' title='bbox 2117 2630 2305 2682; x_wconf 83' lang='lat' dir='ltr'><strong>autem</strong></span> 
     </span>
     <span class='ocr_line' id='line_1_29' title="bbox 296 2706 2311 2785; baseline 0.001 -18"><span class='ocrx_word' id='word_1_230' title='bbox 296 2708 620 2767; x_wconf 80' lang='lat' dir='ltr'><strong>Aristoteles</strong></span> <span class='ocrx_word' id='word_1_231' title='bbox 661 2706 831 2765; x_wconf 85' lang='lat' dir='ltr'><strong>tradit</strong></span> <span class='ocrx_word' id='word_1_232' title='bbox 877 2706 943 2763; x_wconf 89' lang='lat' dir='ltr'><strong>in·</strong></span> <span class='ocrx_word' id='word_1_233' title='bbox 975 2707 1140 2763; x_wconf 76' lang='lat' dir='ltr'><strong>Polit.</strong></span> <span class='ocrx_word' id='word_1_234' title='bbox 1184 2706 1278 2763; x_wconf 86' lang='lat' dir='ltr'><strong>lib.</strong></span> <span class='ocrx_word' id='word_1_235' title='bbox 1313 2706 1402 2775; x_wconf 77' lang='lat' dir='ltr'><strong>IV,</strong></span> <span class='ocrx_word' id='word_1_236' title='bbox 1434 2706 1735 2785; x_wconf 80' lang='lat' dir='ltr'><strong>mediocres</strong></span> <span class='ocrx_word' id='word_1_237' title='bbox 1781 2711 2046 2781; x_wconf 88' lang='lat' dir='ltr'><strong>civitatis,</strong></span> <span class='ocrx_word' id='word_1_238' title='bbox 2082 2712 2185 2769; x_wconf 88' lang='lat' dir='ltr'><strong>hoc</strong></span> <span class='ocrx_word' id='word_1_239' title='bbox 2221 2720 2311 2769; x_wconf 84' lang='lat' dir='ltr'><strong>est</strong></span> 
     </span>
     <span class='ocr_line' id='line_1_30' title="bbox 297 2785 2313 2870; baseline 0.003 -17"><span class='ocrx_word' id='word_1_240' title='bbox 297 2814 398 2853; x_wconf 85' lang='lat' dir='ltr'><strong>nec</strong></span> <span class='ocrx_word' id='word_1_241' title='bbox 427 2796 588 2851; x_wconf 89' lang='lat' dir='ltr'><strong>nimis</strong></span> <span class='ocrx_word' id='word_1_242' title='bbox 611 2802 884 2867; x_wconf 86' lang='lat' dir='ltr'><strong>potentes,</strong></span> <span class='ocrx_word' id='word_1_243' title='bbox 916 2796 1046 2869; x_wconf 90' lang='lat' dir='ltr'><strong>quia</strong></span> <span class='ocrx_word' id='word_1_244' title='bbox 1073 2796 1142 2852; x_wconf 92' lang='lat' dir='ltr'><strong>de</strong></span> <span class='ocrx_word' id='word_1_245' title='bbox 1181 2796 1328 2853; x_wconf 83' lang='lat' dir='ltr'><strong>facili</strong></span> <span class='ocrx_word' id='word_1_246' title='bbox 1359 2785 1860 2870; x_wconf 70' lang='lat' dir='ltr'><strong>tyrannizant‚&#39;nec</strong></span> <span class='ocrx_word' id='word_1_247' title='bbox 1888 2801 2052 2857; x_wconf 89' lang='lat' dir='ltr'><strong>nimis</strong></span> <span class='ocrx_word' id='word_1_248' title='bbox 2080 2800 2313 2859; x_wconf 84' lang='lat' dir='ltr'><strong>inferio-</strong></span> 
     </span>
    </p>
   </div>
   <div class='ocr_carea' id='block_1_9' title="bbox 297 2873 2380 2955">
    <p class='ocr_par' dir='ltr' id='par_1_11' title="bbox 297 2873 2380 2955">
     <span class='ocr_line' id='line_1_31' title="bbox 297 2873 2380 2955; baseline 0 -12"><span class='ocrx_word' id='word_1_249' title='bbox 297 2888 374 2943; x_wconf 88' lang='lat' dir='ltr'><strong>ris</strong></span> <span class='ocrx_word' id='word_1_250' title='bbox 405 2883 754 2950; x_wconf 79' lang='lat' dir='ltr'><strong>conditioniS,</strong></span> <span class='ocrx_word' id='word_1_251' title='bbox 786 2873 919 2955; x_wconf 87' lang='lat' dir='ltr'><strong>quia</strong></span> <span class='ocrx_word' id='word_1_252' title='bbox 945 2884 1134 2941; x_wconf 84' lang='lat' dir='ltr'><strong>statim</strong></span> <span class='ocrx_word' id='word_1_253' title='bbox 1163 2886 1618 2945; x_wconf 87' lang='lat' dir='ltr'><strong>democratiz-ant.</strong></span> <span class='ocrx_word' id='word_1_254' title='bbox 1662 2890 1798 2945; x_wconf 90' lang='lat' dir='ltr'><strong>Cum</strong></span> <span class='ocrx_word' id='word_1_255' title='bbox 1839 2892 1986 2948; x_wconf 89' lang='lat' dir='ltr'><strong>enim</strong></span> <span class='ocrx_word' id='word_1_256' title='bbox 2019 2906 2078 2947; x_wconf 87' lang='lat' dir='ltr'><strong>se</strong></span> <span class='ocrx_word' id='word_1_257' title='bbox 2114 2892 2170 2947; x_wconf 90' lang='lat' dir='ltr'><strong>in</strong></span> <span class='ocrx_word' id='word_1_258' title='bbox 2197 2891 2311 2949; x_wconf 85' lang='lat' dir='ltr'><strong>alto</strong></span> <span class='ocrx_word' id='word_1_259' title='bbox 2368 2938 2380 2943; x_wconf 80' lang='lat'><strong>-</strong></span> 
     </span>
    </p>
   </div>
   <div class='ocr_carea' id='block_1_10' title="bbox 296 2970 2313 3491">
    <p class='ocr_par' dir='ltr' id='par_1_12' title="bbox 296 2970 2313 3491">
     <span class='ocr_line' id='line_1_32' title="bbox 296 2970 2313 3047; baseline 0.001 -14"><span class='ocrx_word' id='word_1_260' title='bbox 296 2970 644 3033; x_wconf 71' lang='lat' dir='ltr'><strong>considerant</strong></span> <span class='ocrx_word' id='word_1_261' title='bbox 683 2972 766 3029; x_wconf 91' lang='lat' dir='ltr'><strong>sui</strong></span> <span class='ocrx_word' id='word_1_262' title='bbox 810 2972 1176 3039; x_wconf 84' lang='lat' dir='ltr'><strong>immemores,</strong></span> <span class='ocrx_word' id='word_1_263' title='bbox 1205 2980 1262 3035; x_wconf 78' lang='lat' dir='ltr'><strong>et</strong></span> <span class='ocrx_word' id='word_1_264' title='bbox 1291 2973 1437 3029; x_wconf 89' lang='lat' dir='ltr'><strong>sicut</strong></span> <span class='ocrx_word' id='word_1_265' title='bbox 1477 2974 1653 3045; x_wconf 84' lang='lat' dir='ltr'><strong>ignari</strong></span> <span class='ocrx_word' id='word_1_266' title='bbox 1692 2978 1976 3047; x_wconf 84' lang='lat' dir='ltr'><strong>regiminis</strong></span> <span class='ocrx_word' id='word_1_267' title='bbox 2017 2980 2072 3034; x_wconf 87' lang='lat' dir='ltr'><strong>in</strong></span> <span class='ocrx_word' id='word_1_268' title='bbox 2110 2981 2313 3038; x_wconf 83' lang='lat' dir='ltr'><strong>erroris</strong></span> 
     </span>
     <span class='ocr_line' id='line_1_33' title="bbox 297 3059 2313 3137; baseline -0 -14"><span class='ocrx_word' id='word_1_269' title='bbox 297 3064 618 3123; x_wconf 85' lang='lat' dir='ltr'><strong>barathrum</strong></span> <span class='ocrx_word' id='word_1_270' title='bbox 645 3061 1087 3132; x_wconf 84' lang='lat' dir='ltr'><strong>submerguntur,</strong></span> <span class='ocrx_word' id='word_1_271' title='bbox 1114 3059 1200 3115; x_wconf 83' lang='lat' dir='ltr'><strong>vel</strong></span> <span class='ocrx_word' id='word_1_272' title='bbox 1231 3059 1300 3115; x_wconf 90' lang='lat' dir='ltr'><strong>de</strong></span> <span class='ocrx_word' id='word_1_273' title='bbox 1329 3060 1635 3131; x_wconf 86' lang='lat' dir='ltr'><strong>improvida</strong></span> <span class='ocrx_word' id='word_1_274' title='bbox 1664 3065 1896 3137; x_wconf 8' lang='lat' dir='ltr'><strong>curanad</strong></span> <span class='ocrx_word' id='word_1_275' title='bbox 1922 3065 2189 3132; x_wconf 79' lang='lat' dir='ltr'><strong>subditoS,</strong></span> <span class='ocrx_word' id='word_1_276' title='bbox 2221 3062 2313 3122; x_wconf 81' lang='lat' dir='ltr'><strong>vel</strong></span> 
     </span>
     <span class='ocr_line' id='line_1_34' title="bbox 297 3146 2311 3225; baseline 0 -14"><span class='ocrx_word' id='word_1_277' title='bbox 297 3154 367 3211; x_wconf 89' lang='lat' dir='ltr'><strong>de</strong></span> <span class='ocrx_word' id='word_1_278' title='bbox 395 3158 830 3225; x_wconf 74' lang='lat' dir='ltr'><strong>praesumptuosa</strong></span> <span class='ocrx_word' id='word_1_279' title='bbox 859 3147 1092 3204; x_wconf 87' lang='lat' dir='ltr'><strong>audacia</strong></span> <span class='ocrx_word' id='word_1_280' title='bbox 1121 3146 1192 3203; x_wconf 90' lang='lat' dir='ltr'><strong>ad</strong></span> <span class='ocrx_word' id='word_1_281' title='bbox 1227 3146 1459 3203; x_wconf 87' lang='lat' dir='ltr'><strong>aliorum</strong></span> <span class='ocrx_word' id='word_1_282' title='bbox 1502 3148 1840 3219; x_wconf 86' lang='lat' dir='ltr'><strong>gravamina,</strong></span> <span class='ocrx_word' id='word_1_283' title='bbox 1864 3152 2009 3207; x_wconf 88' lang='lat' dir='ltr'><strong>unde</strong></span> <span class='ocrx_word' id='word_1_284' title='bbox 2032 3157 2088 3207; x_wconf 88' lang='lat' dir='ltr'><strong>et</strong></span> <span class='ocrx_word' id='word_1_285' title='bbox 2117 3152 2311 3225; x_wconf 87' lang='lat' dir='ltr'><strong>politia</strong></span> 
     </span>
     <span class='ocr_line' id='line_1_35' title="bbox 298 3236 2308 3314; baseline -0.001 -13"><span class='ocrx_word' id='word_1_286' title='bbox 298 3243 667 3314; x_wconf 87' lang='lat' dir='ltr'><strong>corrumpitur</strong></span> <span class='ocrx_word' id='word_1_287' title='bbox 693 3247 748 3295; x_wconf 88' lang='lat' dir='ltr'><strong>et</strong></span> <span class='ocrx_word' id='word_1_288' title='bbox 776 3238 1133 3311; x_wconf 85' lang='lat' dir='ltr'><strong>inquietatur.</strong></span> <span class='ocrx_word' id='word_1_289' title='bbox 1161 3236 1488 3293; x_wconf 86' lang='lat' dir='ltr'><strong>Assumendi</strong></span> <span class='ocrx_word' id='word_1_290' title='bbox 1515 3238 1685 3309; x_wconf 86' lang='lat' dir='ltr'><strong>igitur</strong></span> <span class='ocrx_word' id='word_1_291' title='bbox 1712 3248 1839 3295; x_wconf 90' lang='lat' dir='ltr'><strong>sunt</strong></span> <span class='ocrx_word' id='word_1_292' title='bbox 1870 3247 2113 3299; x_wconf 86' lang='lat' dir='ltr'><strong>rectores</strong></span> <span class='ocrx_word' id='word_1_293' title='bbox 2137 3246 2308 3301; x_wconf 87' lang='lat' dir='ltr'><strong>vicis-</strong></span> 
     </span>
     <span class='ocr_line' id='line_1_36' title="bbox 299 3322 2311 3406; baseline 0 -18"><span class='ocrx_word' id='word_1_294' title='bbox 299 3332 401 3389; x_wconf 83' lang='lat' dir='ltr'><strong>sim</strong></span> <span class='ocrx_word' id='word_1_295' title='bbox 425 3331 481 3384; x_wconf 88' lang='lat' dir='ltr'><strong>in</strong></span> <span class='ocrx_word' id='word_1_296' title='bbox 511 3328 721 3401; x_wconf 87' lang='lat' dir='ltr'><strong>politia,</strong></span> <span class='ocrx_word' id='word_1_297' title='bbox 754 3328 869 3384; x_wconf 87' lang='lat' dir='ltr'><strong>sive</strong></span> <span class='ocrx_word' id='word_1_298' title='bbox 897 3326 1167 3394; x_wconf 86' lang='lat' dir='ltr'><strong>consules,</strong></span> <span class='ocrx_word' id='word_1_299' title='bbox 1185 3322 1299 3381; x_wconf 85' lang='lat' dir='ltr'><strong>sive</strong></span> <span class='ocrx_word' id='word_1_300' title='bbox 1327 3326 1686 3397; x_wconf 85' lang='lat' dir='ltr'><strong>magistratus</strong></span> <span class='ocrx_word' id='word_1_301' title='bbox 1712 3332 1998 3398; x_wconf 83' lang='lat' dir='ltr'><strong>vocentur,</strong></span> <span class='ocrx_word' id='word_1_302' title='bbox 2020 3332 2137 3387; x_wconf 90' lang='lat' dir='ltr'><strong>sive</strong></span> <span class='ocrx_word' id='word_1_303' title='bbox 2166 3348 2311 3406; x_wconf 88' lang='lat' dir='ltr'><strong>quo-</strong></span> 
     </span>
     <span class='ocr_line' id='line_1_37' title="bbox 298 3414 1868 3491; baseline -0.001 -15"><span class='ocrx_word' id='word_1_304' title='bbox 298 3433 533 3491; x_wconf 89' lang='lat' dir='ltr'><strong>cumque</strong></span> <span class='ocrx_word' id='word_1_305' title='bbox 561 3416 668 3473; x_wconf 91' lang='lat' dir='ltr'><strong>alio</strong></span> <span class='ocrx_word' id='word_1_306' title='bbox 698 3416 934 3483; x_wconf 86' lang='lat' dir='ltr'><strong>nomine,</strong></span> <span class='ocrx_word' id='word_1_307' title='bbox 967 3414 1262 3471; x_wconf 90' lang='lat' dir='ltr'><strong>dummodo</strong></span> <span class='ocrx_word' id='word_1_308' title='bbox 1288 3414 1469 3470; x_wconf 87' lang='lat' dir='ltr'><strong>idonei</strong></span> <span class='ocrx_word' id='word_1_309' title='bbox 1501 3415 1868 3487; x_wconf 87' lang='lat' dir='ltr'><strong>reperiantur.</strong></span> 
     </span>
    </p>
   </div>
   <div class='ocr_carea' id='block_1_11' title="bbox 301 3502 2321 3668">
    <p class='ocr_par' dir='ltr' id='par_1_13' title="bbox 301 3502 2321 3668">
     <span class='ocr_line' id='line_1_38' title="bbox 371 3502 2309 3579; baseline 0.002 -16"><span class='ocrx_word' id='word_1_310' title='bbox 371 3506 618 3579; x_wconf 86' lang='lat' dir='ltr'><strong>Amplius</strong></span> <span class='ocrx_word' id='word_1_311' title='bbox 642 3511 826 3561; x_wconf 88' lang='lat' dir='ltr'><strong>autem</strong></span> <span class='ocrx_word' id='word_1_312' title='bbox 871 3520 972 3559; x_wconf 87' lang='lat' dir='ltr'><strong>nec</strong></span> <span class='ocrx_word' id='word_1_313' title='bbox 998 3502 1302 3576; x_wconf 88' lang='lat' dir='ltr'><strong>periculum</strong></span> <span class='ocrx_word' id='word_1_314' title='bbox 1334 3503 1611 3572; x_wconf 82' lang='lat' dir='ltr'><strong>imminet,</strong></span> <span class='ocrx_word' id='word_1_315' title='bbox 1644 3504 1776 3577; x_wconf 90' lang='lat' dir='ltr'><strong>quia</strong></span> <span class='ocrx_word' id='word_1_316' title='bbox 1815 3508 2068 3579; x_wconf 87' lang='lat' dir='ltr'><strong>judicant</strong></span> <span class='ocrx_word' id='word_1_317' title='bbox 2108 3527 2309 3568; x_wconf 82' lang='lat' dir='ltr'><strong>secun-</strong></span> 
     </span>
     <span class='ocr_line' id='line_1_39' title="bbox 301 3592 2321 3668; baseline 0.002 -16"><span class='ocrx_word' id='word_1_318' title='bbox 301 3596 429 3652; x_wconf 89' lang='lat' dir='ltr'><strong>dum</strong></span> <span class='ocrx_word' id='word_1_319' title='bbox 456 3595 602 3665; x_wconf 81' lang='lat' dir='ltr'><strong>leges</strong></span> <span class='ocrx_word' id='word_1_320' title='bbox 627 3594 705 3650; x_wconf 87' lang='lat' dir='ltr'><strong>eis</strong></span> <span class='ocrx_word' id='word_1_321' title='bbox 735 3592 986 3657; x_wconf 83' lang='lat' dir='ltr'><strong>traditaS‚</strong></span> <span class='ocrx_word' id='word_1_322' title='bbox 1011 3592 1210 3665; x_wconf 89' lang='lat' dir='ltr'><strong>quibus</strong></span> <span class='ocrx_word' id='word_1_323' title='bbox 1229 3599 1356 3648; x_wconf 88' lang='lat' dir='ltr'><strong>sunt</strong></span> <span class='ocrx_word' id='word_1_324' title='bbox 1379 3608 1475 3663; x_wconf 91' lang='lat' dir='ltr'><strong>per</strong></span> <span class='ocrx_word' id='word_1_325' title='bbox 1492 3594 1867 3664; x_wconf 89' lang='lat' dir='ltr'><strong>juramentum</strong></span> <span class='ocrx_word' id='word_1_326' title='bbox 1894 3600 2140 3668; x_wconf 90' lang='lat' dir='ltr'><strong>astricti;</strong></span> <span class='ocrx_word' id='word_1_327' title='bbox 2163 3602 2321 3657; x_wconf 48' lang='lat' dir='ltr'><strong>unde,</strong></span> 
     </span>
    </p>
   </div>
   <div class='ocr_carea' id='block_1_12' title="bbox 301 3678 2307 3761">
    <p class='ocr_par' dir='ltr' id='par_1_14' title="bbox 301 3678 2307 3761">
     <span class='ocr_line' id='line_1_40' title="bbox 301 3678 2307 3761; baseline 0.002 -21"><span class='ocrx_word' id='word_1_328' title='bbox 301 3691 518 3761; x_wconf 29' lang='lat' dir='ltr'><strong>non-est</strong></span> <span class='ocrx_word' id='word_1_329' title='bbox 543 3681 777 3739; x_wconf 89' lang='lat' dir='ltr'><strong>materia</strong></span> <span class='ocrx_word' id='word_1_330' title='bbox 809 3679 1052 3737; x_wconf 89' lang='lat' dir='ltr'><strong>scandali</strong></span> <span class='ocrx_word' id='word_1_331' title='bbox 1077 3680 1374 3754; x_wconf 88' lang='lat' dir='ltr'><strong>puniendo,</strong></span> <span class='ocrx_word' id='word_1_332' title='bbox 1406 3681 1537 3753; x_wconf 87' lang='lat' dir='ltr'><strong>quia</strong></span> <span class='ocrx_word' id='word_1_333' title='bbox 1560 3678 1697 3738; x_wconf 87' lang='lat' dir='ltr'><strong>tales</strong></span> <span class='ocrx_word' id='word_1_334' title='bbox 1734 3682 1881 3755; x_wconf 85' lang='lat' dir='ltr'><strong>leges</strong></span> <span class='ocrx_word' id='word_1_335' title='bbox 1918 3686 1990 3742; x_wconf 88' lang='lat' dir='ltr'><strong>ab</strong></span> <span class='ocrx_word' id='word_1_336' title='bbox 2015 3687 2133 3761; x_wconf 88' lang='lat' dir='ltr'><strong>ipsa</strong></span> <span class='ocrx_word' id='word_1_337' title='bbox 2162 3690 2307 3745; x_wconf 89' lang='lat' dir='ltr'><strong>mul-</strong></span> 
     </span>
    </p>
   </div>
   <div class='ocr_carea' id='block_1_13' title="bbox 303 3768 2321 3845">
    <p class='ocr_par' dir='ltr' id='par_1_15' title="bbox 303 3768 2321 3845">
     <span class='ocr_line' id='line_1_41' title="bbox 303 3768 2321 3845; baseline 0.002 -16"><span class='ocrx_word' id='word_1_338' title='bbox 303 3773 536 3829; x_wconf 88' lang='lat' dir='ltr'><strong>titudine</strong></span> <span class='ocrx_word' id='word_1_339' title='bbox 574 3776 704 3828; x_wconf 84' lang='lat' dir='ltr'><strong>sunt</strong></span> <span class='ocrx_word' id='word_1_340' title='bbox 743 3770 1034 3826; x_wconf 83' lang='lat' dir='ltr'><strong>institutae.</strong></span> <span class='ocrx_word' id='word_1_341' title='bbox 1071 3768 1284 3826; x_wconf 90' lang='lat' dir='ltr'><strong>Rursus</strong></span> <span class='ocrx_word' id='word_1_342' title='bbox 1324 3784 1427 3824; x_wconf 86' lang='lat' dir='ltr'><strong>nec</strong></span> <span class='ocrx_word' id='word_1_343' title='bbox 1460 3768 1701 3826; x_wconf 88' lang='lat' dir='ltr'><strong>dominio</strong></span> <span class='ocrx_word' id='word_1_344' title='bbox 1744 3772 1991 3845; x_wconf 86' lang='lat' dir='ltr'><strong>derogat,</strong></span> <span class='ocrx_word' id='word_1_345' title='bbox 2018 3776 2067 3831; x_wconf 91' lang='lat' dir='ltr'><strong>si</strong></span> <span class='ocrx_word' id='word_1_346' title='bbox 2116 3778 2321 3835; x_wconf 88' lang='lat' dir='ltr'><strong>leviter.</strong></span> 
     </span>
    </p>
   </div>
   <div class='ocr_carea' id='block_1_14' title="bbox 304 3857 2310 3935">
    <p class='ocr_par' dir='ltr' id='par_1_16' title="bbox 304 3857 2310 3935">
     <span class='ocr_line' id='line_1_42' title="bbox 304 3857 2310 3935; baseline 0.004 -18"><span class='ocrx_word' id='word_1_347' title='bbox 304 3861 494 3935; x_wconf 88' lang='lat' dir='ltr'><strong>puniat</strong></span> <span class='ocrx_word' id='word_1_348' title='bbox 523 3860 822 3921; x_wconf 87' lang='lat' dir='ltr'><strong>secundum</strong></span> <span class='ocrx_word' id='word_1_349' title='bbox 847 3866 1102 3919; x_wconf 87' lang='lat' dir='ltr'><strong>naturam</strong></span> <span class='ocrx_word' id='word_1_350' title='bbox 1132 3857 1313 3929; x_wconf 85' lang='lat' dir='ltr'><strong>gentis</strong></span> <span class='ocrx_word' id='word_1_351' title='bbox 1335 3857 1618 3931; x_wconf 80' lang='lat' dir='ltr'><strong>subJectae,</strong></span> <span class='ocrx_word' id='word_1_352' title='bbox 1648 3859 1781 3933; x_wconf 89' lang='lat' dir='ltr'><strong>quia</strong></span> <span class='ocrx_word' id='word_1_353' title='bbox 1806 3861 2103 3935; x_wconf 86' lang='lat' dir='ltr'><strong>aliquando</strong></span> <span class='ocrx_word' id='word_1_354' title='bbox 2132 3867 2189 3923; x_wconf 89' lang='lat' dir='ltr'><strong>in</strong></span> <span class='ocrx_word' id='word_1_355' title='bbox 2218 3874 2310 3925; x_wconf 89' lang='lat' dir='ltr'><strong>ta-</strong></span> 
     </span>
    </p>
   </div>
  </div>
 </body>
</html>
