2784 4392
750 259 859 306 xv.
891 277 970 295 --
997 261 1076 305 nu
1119 259 1423 305 flnctuum
1464 257 1799 305 ramcu’tm
1926 311 1939 319 ,
2154 241 2275 303 333

272 391 382 434 non
427 375 534 434 sibi
574 369 869 450 subjectos,
909 375 1004 433 sed
1047 375 1240 434 socios·
1266 381 1321 432 et
1362 375 1761 433 commilitones
1803 365 2073 440 vocabat.⁴
2100 375 2191 432 Sic
2217 382 2275 431 et

273 465 484 538 antiqui
527 465 779 522 consules
803 465 872 521 de
915 457 1120 521 Judaeis
1165 463 1432 531 fecerunt,
1462 465 1555 537 qui
1604 463 1828 536 quidem
1856 464 1958 520 etsi
2000 465 2273 520 modicum

275 553 538 611 haberent
577 555 633 610 in
671 553 896 610 Oriente
940 551 1264 618 dominium,
1305 568 1433 609 cnm
1472 553 1732 608 Romanis
1772 559 1954 609 tamen
1992 551 2275 608 consoede-

274 643 379 697 rati
406 650 534 698 sunt
563 641 763 700 saedere
791 640 1069 698 amicitiae.
1097 641 1166 696 Et
1193 657 1318 697 cum
1349 640 1585 713 amplam
1612 639 1873 696 haberent
1897 641 2125 696 Romani
2154 656 2277 696 mo·

274 730 557 786 narchiam
582 730 636 785 in
681 728 907 786 Oriente
948 737 1003 783 et
1050 727 1366 794 Occidente,
1402 739 1459 785 et
1500 727 1636 797 aliis,
1669 727 1857 784 mundi
1894 727 2085 800 plagis,
2123 736 2181 782 ut
2209 745 2283 784 ex-

275 819 538 890 praedicto
580 817 716 873 libro
759 816 1004 873 Machab.
1053 823 1141 872 est
1189 816 1562 882 manifestum,
1614 831 1720 872 non
1766 821 1947 870 tamen
1993 815 2275 888 dedignati

273 912 400 961 sunt
420 921 546 963 cum
574 903 778 962 Judaeis
807 907 1128 960 societatem
1172 905 1326 970 inire,
1355 913 1411 960 et
1440 905 1507 960 ad
1538 905 1693 976 paria
1719 919 1778 959 se
1802 903 2020 976 publico
2048 905 2102 960 in
2133 904 2277 960 alte-

275 1001 487 1051 rutrum
513 995 766 1050 attestari
793 992 996 1049 edicto.
1027 994 1186 1049 Patet
1217 993 1382 1064 igitur
1413 1009 1477 1049 ex
1495 995 1611 1065 jam
1635 991 1817 1057 dictis,
1851 991 1996 1065 quod
2021 991 2275 1047 meritum

276 1083 496 1137 virtutis
523 1082 576 1136 in
600 1082 864 1138 Romanis
888 1079 1129 1152 antiquis
1159 1087 1400 1136 meretur
1426 1073 1759 1137 dominium:
1786 1080 1929 1136 unde
1954 1079 2123 1136 etiam
2152 1078 2277 1136 aliae

275 1171 524 1226 nationes
553 1169 766 1226 allectae
803 1160 1024 1225 suntad
1067 1171 1310 1241 ipsorum
1353 1169 1673 1235 dominium,
1709 1176 1825 1226 tum
1873 1184 1942 1225 ex
1982 1167 2275 1225 dilectione

276 1260 486 1330 patriae,
530 1273 626 1330 pro
675 1273 784 1330 qua
821 1257 1003 1314 omnia
1045 1257 1488 1324 contemnebant,
1538 1265 1653 1313 tum
1700 1273 1765 1313 ex
1796 1255 2265 1329 vigorejustitiae,

275 1355 494 1420 propter
513 1361 678 1419 quam
699 1352 888 1402 contra
914 1360 1130 1401 omnem
1151 1344 1559 1402 malefactorem
1582 1354 1637 1401 et
1665 1346 2099 1417 perturbatorem
2128 1345 2277 1418 pacis
2330 1387 2334 1391 -

273 1449 331 1491 se
356 1434 700 1506 opponebant
729 1451 742 1488 ε
777 1442 892 1489 tum
915 1450 981 1490 ex
1009 1432 1157 1490 civili
1187 1433 1430 1504 ipsorum
1452 1431 1853 1499 benevolentia,
1882 1434 2075 1506 in'qua
2104 1442 2279 1490 caete·-

273 1537 366 1578 ras
403 1523 652 1577 nationes
679 1520 748 1576 ad
791 1520 875 1574 sui
917 1532 1160 1576 amorem
1193 1520 1503 1576 trahebant.
1535 1522 1639 1576 Pro
1680 1521 1881 1592 quibus
1919 1521 2169 1578 omnibus
2210 1539 2279 1579 ex

276 1609 474 1666 merito
503 1611 770 1666 virtutum
813 1607 865 1660 in
905 1607 1038 1680 ipsis
1083 1607 1269 1663 divina
1308 1605 1524 1662 bonitas
1564 1607 1905 1664 consensisse
1949 1609 2165 1665 videtur
2208 1609 2278 1666 ad

274 1698 518 1770 ipsorum
550 1697 914 1768 principatum
943 1708 1009 1750 ex
1039 1695 1224 1751 causis
1253 1701 1308 1749 et
1339 1694 1643 1750 rationibus
1670 1696 1985 1767 assignatis.
2015 1698 2106 1753 Sic
2132 1699 2279 1756 enim

275 1786 401 1861 quis
439 1792 682 1841 meretur
708 1782 1029 1849 dominium,
1065 1787 1124 1838 ut
1165 1782 1522 1856 Philosophus
1561 1783 1615 1838 in
1649 1783 1690 1840 V
1728 1784 1906 1840 Ethic.
1954 1785 2142 1852 tradit,
2186 1785 2279 1844 ubi
2330 1799 2336 1845 ;

277 1874 418 1931 dicit
444 1873 590 1947 qnod
633 1887 739 1928 non
777 1871 1006 1928 sinimus
1047 1870 1344 1945 principari
1387 1870 1663 1928 hominem
1704 1871 1759 1929 in
1801 1889 1913 1947 quo
1956 1880 2275 1934 astantum
2330 1869 2337 1921 ³·

273 1962 511 2020 humana
541 1969 774 2029 tantum,
807 1957 903 2018 sed
929 1958 1082 2017 illum
1109 1958 1207 2035 qui
1241 1966 1326 2018 ost
1356 1959 1631 2033 perfectus
1656 1961 1957 2020 secundum
1984 1964 2273 2034 rationem,
2328 1995 2334 2003 -

273 2052 417 2109 sicut
441 2051 652 2108 dictum
673 2055 760 2106 est
785 2061 973 2121 supra.

1029 2276 1312 2347 CAPUT
1381 2277 1527 2346 VII.

279 2432 408 2499 Hic
435 2433 684 2510 sanctus
697 2427 930 2492 Doctor
952 2424 1222 2490 declarat
1239 2425 1505 2506 qualiter
1526 2409 2012 2507 Dempta-mittit
2032 2430 2284 2513 aliquod

357 2520 688 2582 dominium
705 2516 788 2579 ad
797 2515 1173 2596 punitionem
1195 2513 1516 2588 malorum,
1541 2520 1597 2578 ct
1618 2517 1780 2595 quod
1803 2518 1923 2580 talc
1950 2519 2281 2584 dominium

356 2612 444 2672 cst
461 2607 644 2690 quasi
671 2606 1138 2669 instrumentum
1157 2601 1377 2666 dicinae
1394 2601 1663 2681 justitia
1686 2610 1896 2669 contra
1914 2614 2278 2686 peccatores.

351 2757 474 2812 Fuit
497 2765 684 2814 autem
711 2763 767 2812 et
786 2753 892 2810 alia
917 2767 1108 2820 causa,
1137 2751 1280 2810 unde
1305 2753 1609 2809 dominium
1634 2759 1721 2811 est
1744 2770 1775 2810 a
1792 2756 1905 2812 Deo
1932 2760 2276 2832 permissum,

282 2859 449 2919 quam
477 2858 510 2899 a
534 2857 688 2898 sacra
719 2839 1018 2911 accipimus
1044 2839 1344 2912 Scriptura,
1379 2857 1479 2897 nec
1510 2841 1955 2915 Philosophorum
1980 2851 2037 2902 et
2059 2849 2282 2920 sapien-

283 2944 402 2992 tum
434 2931 597 3004 hujus
633 2927 820 2985 saeculi
861 2928 1146 2983 sententiis
1183 2929 1483 2995 contraria,
1522 2931 1781 2987 videlicet
1824 2941 2044 3006 propter
2088 2925 2315 2995 merita‘

283 3018 623 3093 populorum,
651 3031 818 3088 qnam
845 3015 1039 3071 beatus
1067 3017 1405 3087 Augustinus
1428 3019 1671 3090 assignat
1700 3020 1753 3075 in
1780 3035 1886 3078 xlx
1911 3023 1988 3077 Dc
2016 3023 2133 3084 Cin.
2161 3027 2281 3082 Dei.

283 3107 482 3165 Probat
509 3106 654 3161 enim
684 3103 756 3158 ibi
791 3102 1114 3160 servitutem
1152 3103 1521 3159 introductam
1547 3113 1771 3178 propter
1795 3116 2100 3179 peccatum,
2129 3114 2283 3169 Unde

283 3203 338 3252 et
381 3209 536 3250 sacra
582 3193 864 3264 Scriptura
910 3188 1049 3245 dicit
1082 3188 1136 3245 in
1173 3189 1275 3245 Job
1316 3205 1523 3258 xxxiv,
1566 3195 1619 3258 3,
1660 3193 1916 3250 videlicet
1957 3197 2101 3268 quod
2146 3198 2286 3270 facit

283 3297 511 3355 reynarc
533 3281 796 3336 hominem
823 3277 1150 3352 hypocritam
1172 3285 1402 3351 propter
1424 3286 1634 3350 peccata
1652 3282 1853 3354 populi.
1882 3284 2036 3353 Quod
2062 3287 2286 3360 quidem

283 3375 530 3443 apparet,
557 3370 688 3444 qnia
714 3368 892 3444 primo
909 3367 1254 3424 dominantes
1270 3369 1322 3422 in
1344 3368 1551 3425 mundo
1570 3369 1789 3426 fuerunt
1816 3371 2062 3431 homines
2088 3375 2281 3448 iniqui,

281 3468 346 3516 ut
371 3457 618 3516 historiae
635 3457 878 3525 tradunt,
902 3457 1047 3514 sicut
1072 3456 1230 3524 Cain,
1255 3456 1577 3523 Nembroth,
1599 3458 1778 3523 Belus,
1806 3461 1997 3516 Nimus
2022 3471 2077 3519 et
2104 3463 2287 3520 Semi·

283 3547 452 3605 ramis
477 3559 614 3602 uxor
636 3547 772 3620 ejus,
805 3545 902 3619 qui
925 3549 982 3602 et
1004 3544 1309 3601 dominium
1337 3543 1646 3602 habuerunt
1675 3547 1732 3601 in
1761 3549 1933 3619 prima
1962 3556 2019 3606 et
2046 3552 2287 3609 secunda

281 3641 450 3695 oetate
501 3625 711 3690 mundi.
763 3634 939 3690 Causa
987 3639 1173 3689 nutem
1229 3631 1374 3687 unde
1423 3631 1747 3689 habuerunt·
1783 3635 1931 3691 istud
1984 3638 2287 3697 dominium

283 3721 490 3782 assumi
511 3728 692 3796 potest
711 3737 780 3778 ex
800 3727 956 3794 parte
983 3717 1326 3776 subditorum
1357 3719 1440 3775 vel
1464 3721 1893 3794 dominantium3
1912 3727 2039 3797 quia
2065 3727 2286 3800 tyranni

283 3817 413 3869 sunt
448 3812 873 3869 instrumentum
913 3807 1118 3867 divinae
1137 3808 1374 3881 justitia
1408 3808 1479 3866 ad
1507 3809 1843 3883 puniendum
1878 3812 2079 3876 delicta
2102 3814 2285 3876 homi-
