2784 4392
479 266 596 329 124
955 283 1008 328 s.
1051 281 1284 325 molum
1325 280 1651 331 aoumxrrs
1700 278 2015 324 ornacum

480 398 664 454 divino
690 397 886 465 officio,
915 396 1058 453 etde
1081 395 1184 451 hoe
1210 396 1378 451 etiam
1408 393 1557 450 licite
1582 393 1767 450 vivere
1794 396 2024 465 possunt
2054 407 2070 448 ε
2104 392 2247 451 un'de
2272 393 2499 451 dieitur.

478 488 522 544 1.
553 491 676 547 Cor.
708 504 791 556 rx,
825 490 892 543 ⁴3
935 504 948 542 ι
996 485 1098 553 Qui
1127 484 1298 541 altari
1325 482 1649 548 deseroiunt,
1686 498 1803 538 eum
1839 481 2009 539 altari
2030 482 2396 555 participant.
2430 484 2497 540 Et

480 578 549 633 de
585 578 670 633 his
715 577 927 633 duobus
955 576 1092 631 dicit
1129 574 1471 645 Augustinus
1515 573 1571 627 in
1615 570 1753 627 libro
1788 570 1866 627 De
1898 587 2059 644 opere
2098 574 2497 639 monachorum,

481 664 548 721 de
575 664 843 735 religiosis
868 664 1096 735 loquens
1121 678 1134 716 :
1159 680 1187 713 α
1211 661 1267 716 Si
1291 658 1643 731 evangelistas
1666 662 1814 723 sunt,
1841 657 2038 725 fateor,
2064 658 2269 715 habent
2286 659 2497 716 scilieet

479 760 806 827 potestatem
857 754 926 809 de
968 750 1276 823 sumptibus
1323 748 1565 806 fidelium
1606 746 1847 805 vivendi.
1894 748 1951 804 Si
1999 748 2234 805 ministri
2283 748 2495 819 altariS,

481 843 616 899 bene
645 842 748 917 sibi
780 843 943 898 istam
979 857 1083 897 non
1119 845 1397 911 arrogant,
1428 838 1525 895 sed
1561 836 1723 910 plane
1746 836 2039 894 vendicant
2084 845 2437 910 potestatem.
2469 859 2495 892 n

479 932 740 987 Similiter
767 938 894 987 sunt
917 930 1085 1003 aliqui
1122 928 1380 1000 religiosi,
1416 928 1509 1000 qui
1540 942 1713 983 saerae
1740 926 2041 997 Scripturas
2068 936 2286 997 vacant,
2338 938 2394 985 et
2430 930 2497 985 de

481 1019 585 1075 hoc
622 1021 788 1075 etiam
827 1019 974 1075 licite
1010 1019 1194 1075 vivere
1220 1024 1469 1090 possunt.
1498 1016 1653 1072 Unde
1682 1016 1819 1071 dicit
1856 1016 2221 1091 Hieronymus
2246 1018 2305 1073 in
2332 1020 2495 1091 epist.

485 1108 690 1166 Contra
723 1108 1069 1181 Vigilantium
1095 1125 1113 1165 .·
1143 1128 1169 1160 α
1201 1108 1332 1163 Haee
1356 1106 1413 1161 in
1434 1104 1607 1161 Judea
1635 1120 1806 1177 usque
1831 1104 1992 1161 hodie
2019 1114 2335 1178 perseverat
2360 1124 2499 1165 con-

483 1198 714 1253 suetudo
741 1213 845 1253 non
871 1197 1046 1253 solum
1075 1197 1218 1269 apud
1251 1211 1368 1262 nos,
1398 1195 1493 1251 sed
1530 1195 1699 1250 etiam
1729 1194 1871 1267 apud
1916 1193 2191 1265 HebraeoS,
2222 1204 2283 1251 ut
2308 1198 2401 1269 qui
2442 1198 2497 1253 in

485 1286 604 1357 lege
632 1287 848 1341 Domini
885 1284 1220 1341 meditantur
1255 1284 1344 1340 die
1383 1298 1448 1339 au
1492 1289 1671 1349 noete,
1702 1289 1759 1338 et
1803 1290 2016 1355 partem
2060 1300 2164 1339 non
2192 1284 2398 1341 habent
2443 1286 2495 1343 in

487 1382 632 1431 terra
661 1376 766 1430 nisi
807 1375 982 1431 solum
1025 1376 1218 1441 Deum,
1253 1386 1673 1447 synagogarum,
1721 1378 1777 1427 et
1823 1372 1993 1428 totius
2033 1372 2179 1428 orbis
2208 1372 2499 1431 foveantur

486 1464 825 1521 ministeriis.
871 1484 896 1516 »
931 1464 1072 1536 Ergo
1101 1470 1254 1537 patet
1283 1462 1430 1537 quod
1459 1478 1565 1518 non
1594 1475 1785 1518 omnes
1816 1460 2059 1533 religiosi
2085 1468 2341 1519 tenentur
2372 1480 2497 1523 ma-

487 1552 648 1607 nibus
679 1553 944 1609 laborare.

556 1642 711 1697 Item.
758 1640 978 1699 Utilitas
1023 1638 1399 1714 spiritualibus
1428 1637 1714 1711 praefertur
1742 1637 1971 1695 utilitati
2018 1640 2303 1711 temporali
2339 1660 2350 1695 :
2400 1643 2507 1703 s'ed,

488 1731 582 1803 qui
611 1732 855 1788 serviunt
881 1730 1105 1785 utilitati
1135 1728 1411 1784 communi
1442 1726 1510 1783 ad
1543 1740 1735 1799 paoem
1770 1727 2125 1800 temporalem
2162 1744 2499 1788 conservan-

415 1863 422 1871 .
487 1819 634 1885 dam,
681 1817 829 1873 licite
872 1817 1148 1890 accipiunt
1188 1816 1333 1871 unde
1377 1815 1587 1882 vivunt,
1630 1816 1771 1871 unde
1814 1816 2017 1872 dieitur
2044 1818 2211 1878 Rom.
2238 1834 2369 1888 xm,
2415 1826 2495 1878 6:

491 1908 614 1964 Ideo
652 1914 700 1963 et
733 1906 941 1965 tributa
973 1905 1251 1979 proestatis
1294 1921 1310 1961 .·
1341 1904 1591 1960 ministri
1630 1903 1769 1961 enim
1814 1906 1914 1961 Dei
1940 1914 2066 1963 sunt
2104 1906 2163 1962 in
2204 1908 2299 1964 hoe
2325 1911 2500 1983 ipsum

489 1996 788 2071 servientes.
823 1994 1016 2053 Glossa
1051 2012 1072 2062 ε,
1103 2014 1129 2047 α
1160 1995 1300 2049 Dum
1332 2000 1575 2065 pugnant
1605 1995 1931 2066 propatria,
1964 2014 1991 2047 n
2020 2010 2152 2067 ergo
2187 1997 2359 2053 multo
2384 2000 2501 2056 sor·

489 2085 599 2140 tius
627 2084 719 2158 qui
752 2086 806 2139 in
847 2083 1222 2155 spiritualibus
1250 2082 1526 2137 communi
1559 2081 1783 2138 utilitati
1822 2082 2137 2139 deserviunt
2165 2085 2251 2140 vel
2296 2089 2501 2159 praedi-

490 2174 684 2240 cande,
718 2172 804 2229 vel
831 2186 1004 2228 saerae
1031 2171 1327 2243 Scripturae
1358 2169 1678 2236 insistendO,
1712 2168 1795 2225 vel
1825 2170 2085 2227 Ecclesiae
2116 2170 2495 2245 deserviendo,

493 2260 549 2315 in
583 2277 690 2332 qua
732 2261 866 2316 fiunt
893 2261 1170 2316 orationes
1205 2274 1311 2331 pro·
1347 2257 1525 2315 salute
1564 2258 1732 2327 totius
1772 2258 2050 2329 Ecclesiae‚
2083 2271 2311 2332 possunt
2352 2264 2501 2323 licite

493 2351 741 2422 accipere
771 2366 804 2405 a
833 2348 1084 2405 fidelibus
1113 2349 1255 2405 unde
1295 2343 1691 2404 sustententur.
1722 2348 1843 2403 Non
1872 2362 2001 2421 ergo
2030 2358 2283 2407 tenentur
2319 2356 2501 2411 mani-

491 2438 594 2495 bus
623 2438 890 2495 laborare.
2258 2478 2271 2493 .

565 2529 722 2587 Item.
765 2527 920 2583 Sicut
958 2525 1092 2581 dicit
1140 2524 1477 2595 Augustinus
1518 2522 1573 2578 in
1610 2522 1755 2579 'libro
1794 2524 1871 2579 De
1912 2538 2069 2596 opere
2100 2529 2501 2597 monachorum,

496 2636 524 2669 α
555 2615 846 2687 Apostolus
865 2614 940 2669 ibi
955 2614 1018 2673 ‚in
1044 2613 1294 2669 manibus
1313 2611 1662 2683 operabatur,
1693 2612 1785 2667 ubi
1805 2612 2009 2669 ,ludaeis
2034 2612 2146 2669 solo
2172 2614 2259 2671 die
2284 2618 2502 2675 sabbati

495 2704 796 2776 praedieare
823 2710 1200 2767 consueverat,
1229 2700 1433 2757 habens
1471 2701 1743 2773 reliquum
1769 2708 1981 2773 tempus
2018 2702 2250 2759 liberum
2279 2706 2347 2762 ad
2380 2723 2506 2763 ma·

497 2790 656 2850 nibus
685 2790 1060 2857 laborandum,
1091 2790 1234 2847 sieut
1255 2790 1492 2847 faciebat
1520 2806 1645 2846 cum
1672 2799 1820 2847 esset
1848 2790 2113 2847 Corinthi.
2144 2793 2251 2849 Sed
2280 2796 2503 2868 quando

497 2886 616 2935 erat
639 2878 883 2943 AtheniS‚
911 2877 1002 2934 ubi
1029 2885 1243 2951 poterat
1267 2878 1515 2951 quotidie
1540 2876 1857 2950 praedieare,
1889 2880 2140 2936 manibus
2167 2898 2272 2938 non
2302 2900 2505 2957 opera·-

497 2968 678 3035 batur,
705 2968 800 3023 sed
829 2967 1046 3023 vivebat
1069 2968 1135 3023 de
1159 2967 1242 3023 his
1267 2984 1391 3041 quae
1420 2967 1729 3023 detulerant
1747 2968 1850 3022 sibi
1873 2968 2070 3025 fratres
2094 2970 2161 3024 de
2185 2970 2505 3031 Macedonia

498 3056 801 3115 venientes.
841 3075 868 3109 ›>
910 3056 990 3111 Ex
1027 3072 1136 3130 quo
1167 3063 1318 3129 patet
1360 3056 1503 3128 quod
1544 3054 1781 3111 officium
1820 3057 2227 3129 praedicationis
2268 3074 2376 3117 non
2420 3069 2505 3119 est

499 3152 719 3219 propter
738 3145 976 3201 laborem
1000 3160 1257 3203 manuum
1279 3145 1664 3201 dimittendum
1690 3161 1703 3199 z
1732 3161 1861 3217 ergo
1888 3146 1965 3202 illi
1992 3148 2085 3220 qui
2108 3158 2335 3221 possunt
2358 3166 2503 3223 prae-

497 3233 760 3289 dicationi
803 3231 1047 3307 quotidie
1093 3232 1364 3301 insistere,
1395 3237 1453 3287 et
1478 3230 1601 3287 aliis
1643 3247 1769 3303 quae
1805 3232 1875 3288 ad
1918 3233 2153 3289 salu-tem
2198 3237 2504 3295 animarum

497 3327 768 3394 spectant,
813 3322 928 3379 sive
970 3322 1298 3377 auctoritate
1325 3320 1603 3375 ordinaria
1640 3320 1745 3376 hoo
1776 3328 1963 3392 agant,
1995 3324 2113 3379 sive
2142 3340 2211 3379 ex
2240 3326 2506 3383 commis-

499 3411 652 3468 sione
681 3408 924 3477 alterius,
957 3408 1397 3465 debent-omnino
1423 3424 1454 3465 a
1480 3408 1663 3464 labore
1688 3425 1947 3466 manuum
1974 3410 2267 3468 abstinere.

569 3502 726 3556 Item.
771 3499 950 3571 Opera
987 3496 1376 3555 misericordias
1419 3497 1781 3569 praeferuntur
1809 3499 2183 3572 corporalibus
2207 3502 2503 3561 exercitiis-

415 3634 420 3641 .
498 3588 544 3645 1.
587 3589 730 3644 Tim.
760 3603 840 3655 ιν,
886 3593 916 3643 8
969 3603 982 3641 2
1029 3586 1339 3659 Corporalis
1375 3586 1584 3657 quidem
1612 3587 1923 3644 exercitatio
1952 3588 2023 3644 ad
2062 3589 2327 3647 modicum
2352 3593 2509 3649 utilis

501 3664 596 3741 est,
631 3676 804 3747 pietas*
839 3682 1016 3733 autem
1043 3674 1112 3730 ad
1145 3674 1324 3730 omnia
1349 3675 1507 3736 valet.
1556 3674 1663 3731 Sed
1705 3691 1867 3748 opera
1898 3677 2121 3749 pietatis
2162 3685 2291 3734 sunt
2330 3680 2506 3736 inter-

503 3763 788 3830 mittenda,
822 3772 881 3819 ut
899 3770 1126 3821 vacetur
1151 3763 1547 3836 praedicationi.
1572 3766 1828 3833 Aetnam,
1863 3780 1941 3832 vr,
1967 3770 1997 3823 2
2018 3782 2029 3819 :
2054 3766 2179 3824 Non
2206 3775 2282 3825 est
2304 3784 2509 3841 oequum

503 3866 598 3911 nos
625 3850 984 3926 derelinquere
1007 3851 1224 3911 verbum
1259 3852 1384 3923 Dei,
1412 3858 1464 3911 et
1488 3851 1807 3913 ministrare
1847 3854 2058 3915 mensis.
2086 3854 2220 3915 Luc.
2261 3872 2347 3927 ix,
2393 3860 2503 3917 60:
