2784 4392
384 184 547 258 404·
877 204 932 257 s.
975 198 1210 254 raom
1245 196 1591 259 mumma
1616 200 1933 257 ornacum

399 328 560 385 naret
582 324 997 401 rempublicam,
1027 326 1252 385 divitias
1297 332 1763 399 contempserunt.
1800 324 1995 383 Maluit
2035 325 2181 383 enim
2217 320 2423 385 Fabri-

400 416 522 475 cius
571 416 838 475 divitibus
879 417 1168 490 imperare,
1195 431 1364 489 quam
1406 416 1733 489 locupletem
1778 416 1916 486 fleri,
1960 423 2025 474 ut
2067 410 2279 475 dictum
2328 423 2423 475 est

399 522 566 581 supra
587 507 656 563 de
680 508 820 581 ipso.
848 506 980 564 Haec
1005 520 1138 579 ergo
1165 520 1274 563 nou
1315 504 1599 579 repellitur
1631 520 1668 563 a
1709 503 2009 578 regimiue;
2039 507 2137 565 sed
2172 507 2422 566 secunda

397 596 730 665 necessaria,
755 596 894 669 quia
919 594 1048 653 talis
1081 610 1208 652 raro
1235 593 1323 651 vol
1353 610 1633 668 nunquam
1660 594 1800 651 bene
1841 596 1983 668 regit
2019 595 2108 653 vel
2152 596 2415 667 consulit,

399 686 508 745 nisi
535 700 636 743 suo
665 684 938 759 appetitui·
959 699 1136 743 vacuo
1164 682 1304 739 satis
1326 682 1487 739 detur
1515 700 1535 739 τ
1558 684 1715 757 cuius
1740 684 1880 740 ratio
1918 690 1977 741 et
2009 684 2317 743 differentia
2346 686 2421 743 de

401 781 638 849 utraque
665 780 991 849 paupertate
1015 772 1214 829 haberi
1233 778 1419 845 potest
1435 782 1502 829 ex
1525 772 1846 830 diversitate
1877 774 2019 829 finiS.
2050 774 2200 831 Finis
2228 782 2421 833 autem

399 864 744 937 paupertatis
767 861 1100 919 voluntariae'
1117 866 1201 917 est
1225 860 1428 917 honum
1455 858 1765 928 honestum,
1794 860 1910 919 sive
1938 860 2141 917 bonum
2168 862 2415 921 virtutis.
2446 878 2455 885 ·

399 950 552 1009 Fi’nis
580 967 710 1009 vero
738 951 1064 1008 necessariae
1095 950 1292 1023 inopiae
1320 955 1405 1006 est
1427 948 1631 1006 bonum
1657 949 1811 1017 utile,
1839 950 1921 1007 ad·
1948 951 2095 1024 quod
2136 954 2421 1025 appetitus

401 1042 524 1113 ejus
558 1044 645 1097 est
690 1056 926 1113 prouus;
951 1040 1055 1096 hoc
1094 1046 1280 1096 aut-em
1313 1046 1419 1107 est,
1451 1040 1617 1110 cujus
1650 1038 1828 1111 gratia
1873 1040 2079 1113 aliquid
2122 1042 2325 1113 agitur,
2355 1050 2421 1101 ut

398 1128 762 1201 Philosophus
787 1130 943 1187 dicit.
971 1126 1249 1202 Quidquid·
1289 1144 1421 1201 ergo
1446 1134 1635 1200 agunt,
1667 1128 1761 1203 qui
1810 1128 1975 1186 taIem
2020 1128 2223 1187 habent
2266 1132 2419 1188 iudi-

400 1218 662 1291 gentiam,
695 1218 763 1275 ad
796 1218 940 1275 huuc
967 1218 1130 1274 finem
1152 1216 1451 1285 deducunt,
1482 1224 1541 1272 ut
1578 1232 1739 1273 suum
1782 1216 2043 1289 impleant
2072 1228 2317 1276 ventrem
2358 1228 2416 1277 et

396 1308 645 1367 bursam.
673 1306 778 1364 Sed
809 1307 904 1381 qui
925 1306 1310 1372 voluntariam,
1336 1307 1481 1361 sicut
1502 1306 1860 1378 contemptivi
1885 1306 2227 1375 divitiarum,
2259 1308 2417 1364 ordi-

399 1404 538 1453 naut
561 1397 743 1453 amnia
769 1395 839 1452 ad
864 1394 1167 1453 virtutem:
1194 1400 1250 1451 et
1273 1394 1399 1451 ideo
1423 1408 1549 1451 cum
1569 1394 1874 1467 gubernant
1899 1396 1981 1451 vel
2014 1402 2211 1468 regunt
2238 1398 2409 1466 cives,

403 1501 627 1561 semper
647 1486 708 1542 in
729 1486 812 1542 eis
834 1484 1037 1542 bouum
1077 1485 1300 1541 virtutis
1329 1483 1639 1551 intendunt,
1668 1483 1813 1559 quod
1863 1490 1948 1540 est
1973 1482 2176 1541 bonum
2212 1484 2416 1543 huma-

403 1588 556 1642 num,
591 1581 649 1633 ut
677 1576 824 1632 idem
850 1573 1173 1632 Aristoteles
1197 1574 1334 1629 dicit
1361 1573 1417 1628 in
1444 1574 1471 1629 Ι
1495 1572 1677 1630 Echio:
1707 1571 1954 1645 Amplius
2000 1584 2185 1631 autem
2212 1584 2413 1633 natura

405 1664 543 1721 nihii
583 1664 786 1721 frustra
827 1671 1104 1737 operatur,
1139 1668 1201 1719 ut
1236 1663 1372 1719 dicit
1409 1661 1765 1735 Philosophus
1799 1662 1854 1717 in
1883 1663 1906 1717 1
1934 1662 2014 1718 De
2054 1664 2195 1721 coelo.
2225 1668 2413 1740 Appe-

404 1752 543 1809 titus
567 1769 697 1811 vero
726 1755 846 1825 ejus
872 1752 967 1826 qui
997 1766 1103 1808 non
1131 1750 1547 1807 habet‘divitias
1576 1766 1642 1807 ex
1680 1752 2028 1820 necessitate,
2060 1756 2117 1808 et
2156 1770 2263 1807 non
2310 1768 2413 1809 vo-

398 1841 636 1911 luntate,
670 1858 885 1915 semper
912 1842 1090 1898 tendit
1113 1840 1182 1897 ad
1209 1838 1521 1896 habendum
1544 1839 1786 1896 divitias.
1813 1840 1870 1897 Si
1900 1856 2031 1913 ergo
2070 1856 2176 1897 non
2214 1856 2411 1898 conse-

404 1933 616 2006 quitur,
648 1932 755 1988 erit
795 1929 1000 1987 frustra
1031 1946 1050 1985 τ
1076 1935 1134 1985 et
1179 1928 1312 1985 ideo·
1342 1934 1539 1983 natura
1578 1928 1855 2000 appetitus
1901 1929 1969 1986 ad
2004 1928 2108 1985 hoc
2157 1930 2409 2002 impellit,

403 2020 549 2078 sicut
577 2020 852 2091 refugiens
878 2034 1134 2087 vacuum,
1162 2018 1309 2092 quod
1345 2017 1619 2074 sustinere
1645 2034 1753 2074 non
1776 2024 1976 2091 potest.
2005 2018 2149 2092 Ergo
2191 2018 2413 2076 difficile

404 2115 491 2165 est
531 2108 728 2175 vitare,
756 2114 819 2163 ut
863 2121 973 2163 non
1010 2107 1330 2181 insequatur
1376 2121 1723 2179 quocumque
1766 2107 1925 2164 modo
1981 2108 2051 2165 ad
2103 2108 2413 2167 habendum

405 2197 648 2255 divitias.
675 2194 1046 2253 Periculosum
1071 2204 1154 2252 est
1178 2196 1349 2267 igitur
1370 2188 1579 2269 politiae
1606 2196 1722 2251 sive
1760 2195 2076 2271 reipublicae
2119 2214 2412 2271 pauperem

405 2287 610 2345 assumi
643 2285 714 2343 ad
755 2284 1100 2342 consulatum
1131 2285 1248 2341 sive
1289 2282 1359 2340 ad
1394 2284 1723 2356 judicatum,
1755 2290 1817 2339 ut
1854 2286 2213 2362 Philosophus
2255 2288 2411 2359 dicit,

405 2376 512 2433 nisi
536 2375 755 2449 quando
781 2380 1074 2449 paupertas
1119 2378 1204 2431 est
1237 2372 1483 2446 pl‘acida3
1515 2373 1645 2445 quia
1672 2379 1803 2429 tuuc
1838 2380 1923 2431 est
1965 2383 2213 2433 resecata
2253 2377 2413 2449 cupi-

407 2464 573 2531 ditas,
621 2480 747 2537 quae
801 2464 1044 2519 omnium
1080 2462 1348 2519 malorum
1394 2468 1479 2517 est
1518 2461 1692 2529 radix,
1747 2468 1812 2517 ut
1850 2464 2043 2519 scribit
2092 2465 2409 2539 Apostolus.

405 2550 556 2610 Talis
579 2554 723 2609 enim
769 2552 1017 2625 indigens
1044 2552 1115 2609 ad
1148 2554 1388 2623 regimen
1432 2549 1638 2623 politiae
1680 2556 1763 2609 est
1806 2553 2062 2625 optimus,
2092 2556 2160 2611 de
2205 2573 2315 2630 quo
2358 2557 2413 2611 in

405 2642 726 2699 Ecclesiam.
759 2656 836 2708 xx,
869 2643 957 2709 tt,
987 2640 1264 2709 scribitur,
1296 2639 1443 2713 quod
1468 2638 1727 2696 inventus·
1750 2646 1838 2698 est·
1866 2640 1957 2697 vir
1994 2660 2204 2717 pauper
2242 2654 2295 2704 et
2320 2665 2411 2707 sa..

404 2732 578 2805 piens,
615 2732 708 2802 qui
747 2730 1004 2787 liberavit
1046 2729 1228 2787 urbem
1265 2744 1369 2803 per
1412 2728 1735 2803 sapientiam
1773 2738 1947 2799 suam,
1971 2733 2123 2791 nulla
2157 2736 2413 2797 videlicet

407 2816 711 2891 cupiditate
733 2816 1072 2889 impeditam.
1153 2830 1158 2835 ·
1552 2844 1559 2851 ·

1147 2992 1441 3067 CAPUT
1491 2992 1673 3069 XVI.

347 3170 353 3173 -
405 3125 600 3200 Redit
643 3128 842 3196 adhuc
857 3188 860 3191 .
874 3146 1060 3210 saper
1089 3130 1378 3210 politiam
1417 3129 1989 3195 Lacedemniomm
2011 3139 2320 3215 quantum·
2333 3134 2421 3202 ad

472 3223 762 3301 'ipsorum
803 3238 1018 3301 reyom,
1062 3219 1389 3299 reprobam
1428 3220 1669 3282 modum
1702 3238 1879 3301 quem·
1924 3223 2198 3288 tenebant
2244 3228 2417 3291 eirca

491 3312 718 3391 ipsum,
738 3310 1044 3373 cumdem·
1063 3308 1543 3372 monumenta
1558 3326 1695 3389 qm,
1714 3310 2086 3391 sequebamur
2100 3312 2179 3378 οῦ
2198 3314 2331 3379 hou.

320 3416 349 3498 *l
475 3442 606 3503 Post
628 3444 733 3502 hoc
756 3452 942 3503 autem
970 3438 1795 3516 &supet-'Lacedaemoniorum
1832 3444 2077 3518 regimen
2118 3454 2203 3504 est
2245 3466 2418 3523 agen·
2454 3434 2461 3444 ⁴

406 3530 560 3593 dum.
591 3534 794 3592 Volunt
822 3534 968 3590 enim
995 3531 1262 3600 historici,
1298 3538 1357 3587 ut
1385 3532 1633 3589 Iustinus
1661 3532 1933 3607 Hispanus
1960 3552 2190 3609 magnus
2228 3546 2423 3611 gesto-

404 3635 532 3681 rum
559 3624 813 3697 scriptor,
833 3622 1038 3678 dictam
1070 3622 1351 3679 civitatem
1377 3620 1635 3679 habuisse
1652 3630 1927 3695 regem,et
1951 3625 2067 3698 ipse
2094 3628 2417 3687 Aristoteles

404 3712 469 3771 in
488 3713 539 3769 lt
564 3712 776 3770 Potitio.
807 3712 911 3768 hoc
961 3710 1217 3778 affirmat,
1250 3710 1398 3783 quod
1450 3727 1545 3768 rex
1596 3724 1741 3768 esset
1787 3722 2038 3787 respectu
2085 3716 2329 3789 regionis
2362 3724 2420 3775 et

295 3804 322 3864 t
404 3801 725 3875 provinciae,
753 3800 896 3859 sicut
919 3800 978 3859 in
1007 3798 1142 3859 urbe
1163 3800 1453 3871 contingit.
1476 3800 1596 3859 Hoc
1641 3802 1809 3862 etiam
1837 3802 2086 3881 videmus
2127 3804 2183 3865 iu
2204 3874 2211 3879 ,
2230 3806 2421 3915 mulis

725 4009 989 4022 --—·-O-—·0-·
1019 4014 1043 4022 .-
