2784 4392
547 292 680 342 mv.
711 274 791 329 ·-'-
815 294 1055 343 con-rna
1092 284 1306 342 xmus.
1355 293 1457 341 mu
1498 292 1671 343 cunr.
1716 292 1795 341 m·
1834 296 2038 361 nanis.
2178 277 2339 384 113,

294 417 467 471 testas
505 428 672 487 quam
712 413 875 472 habet
916 412 1071 469 miles
1108 412 1163 469 in
1191 412 1320 471 villa
1357 429 1487 482 sua3
1518 414 1665 487 quod
1696 420 1779 471 est
1813 413 2123 483 ridiculum,
2172 432 2295 473 cum

295 519 400 559 non
431 501 541 559 sint
580 501 808 570 domini,
839 502 934 559 sed
977 502 1232 571 ministri,
1273 502 1570 559 secundum
1600 503 1729 561 illud
1776 505 1799 561 1
1836 504 1903 561 ad
1948 505 2072 561 Cor.
2106 522 2183 573 iv,
2218 508 2239 560 4
2279 522 2292 560 :

293 592 384 647 Sic
409 608 504 647 nos
527 591 956 669 existimethomo
979 598 1041 649 ut
1067 591 1344 649 ministros
1365 590 1593 658 Christi,
1612 597 1742 661 etc„
1766 599 1820 649 et
1842 594 1973 651 Luc.
2001 610 2151 660 xxii,
2181 596 2249 653 25
2280 612 2291 649 z

294 682 460 752 Reges
479 680 716 754 pontium
740 680 1093 737 dominantur
1113 696 1316 747 comm,
1338 697 1427 737 vos
1449 688 1625 737 autem
1649 698 1753 737 non
1782 681 1887 751 εἷος
1905 682 1993 739 sed
2016 684 2107 756 qui
2124 684 2301 755 major

294 778 369 827 est
389 771 450 827 in
471 770 632 835 vobis,
658 770 758 841 fiat
780 769 916 825 sicut
933 769 1132 837 minor,
1157 776 1208 827 et
1227 770 1318 843 qui
1336 786 1624 842 praecessor
1648 778 1743 837 est,
1769 771 1904 827 sicut
1930 772 2293 845 ministrator.

365 858 447 915 Ad
486 856 616 912 illud
651 856 794 929 quod
827 856 1079 929 objicitur
1118 863 1324 928 postea,
1357 858 1505 930 quod
1536 858 1851 931 Episcopus,
1886 860 2102 933 quando
2140 876 2297 917 com-

295 946 467 1003 mittit
508 960 693 1003 curam
743 945 1031 1017 parochiae,
1066 946 1180 1017 ipse
1207 962 1266 1001 se
1295 952 1573 1015 exonerat,
1608 946 1897 1003 dicendum
1927 949 2069 1020 quod
2102 948 2295 1007 salsum
2341 978 2343 980 >

294 1044 399 1102 est,
439 1035 568 1109 quia
611 1034 787 1090 adbuc
814 1034 1050 1107 pertinet
1079 1034 1148 1091 ad
1177 1050 1300 1089 eum
1340 1034 1540 1091 habere
1568 1050 1755 1091 curam
1798 1038 1963 1093 totius
1994 1038 2164 1110 plebis
2194 1038 2295 1095 sibi

293 1124 620 1191 commissae,
653 1128 710 1180 ut
740 1123 966 1178 habetur
997 1139 1054 1188 x,
1089 1122 1390 1194 quaestione
1420 1124 1474 1191 ⁴,
1505 1139 1625 1197 cap.
1658 1123 2018 1198 Ottoecttmque.
2048 1124 2201 1183 Unde
2244 1136 2295 1183 et

294 1212 586 1287 Apostolus
614 1212 683 1268 de
709 1228 769 1268 se
791 1211 1027 1279 dicebat,
1061 1213 1126 1277 ll,
1169 1212 1236 1267 ad
1266 1213 1390 1283 Gor.
1424 1228 1506 1281 xi,
1541 1218 1607 1269 28
1645 1232 1655 1266 ι
1687 1214 1899 1271 Ρνωιει·
1926 1216 2021 1272 illa
2048 1233 2163 1289 quae
2200 1234 2297 1273 ex·

295 1303 557 1381 trinsecus
586 1308 710 1358 sunt
735 1299 997 1357 instantia
1019 1317 1138 1357 mea
1165 1301 1479 1373 quotidiana
1505 1302 1799 1359 sollicitudo
1840 1304 2076 1361 omnium
2111 1306 2295 1365 Eccle-

294 1393 521 1449 siarum.
547 1392 666 1447 Non
699 1398 882 1445 tamen
915 1390 971 1446 fit
997 1404 1133 1445 onus
1155 1391 1205 1445 ei
1241 1390 1601 1461 importabile,
1636 1392 1765 1465 quia
1794 1392 1959 1449 habet
1986 1394 2121 1450 alios
2156 1395 2294 1451 inse-

296 1480 456 1537 rioris
483 1478 690 1533 ordinis
721 1477 1014 1549 adjutores.
1045 1478 1186 1533 Dato
1211 1486 1393 1533 autem
1420 1478 1563 1549 quod
1599 1479 1669 1533 sit
1701 1478 1955 1534 immunis
1980 1496 2012 1535 a
2055 1482 2293 1553 periculo

295 1586 392 1645 per
433 1568 535 1626 hoc
577 1566 721 1641 quod
761 1566 1032 1623 sacerdoti
1075 1581 1262 1621 curam
1309 1566 1622 1632 committit,
1668 1581 1775 1621 non
1818 1573 2018 1623 tamem
2048 1570 2293 1643 sequitur

295 1657 442 1731 quod
479 1672 576 1731 per
603 1655 708 1711 hoc
751 1655 824 1711 sit
861 1653 1119 1709 immunis
1161 1669 1193 1709 a
1236 1659 1505 1725 potestate
1534 1668 1697 1727 quam
1728 1652 1787 1709 in
1826 1655 2077 1726 parochia
2112 1658 2291 1714 nabet.

294 1749 526 1807 Ministri
547 1746 690 1805 enim
711 1745 910 1803 Christi
939 1743 1244 1801 non'solum
1269 1749 1499 1817 possunt
1522 1744 1735 1817 operari
1767 1744 1835 1801 ad
1865 1745 2097 1801 salutem
2126 1746 2294 1820 plebis

297 1840 364 1897 ad
404 1838 688 1895 vitandum
730 1834 1028 1909 periculum
1065 1834 1167 1889 sibi
1208 1833 1515 1903 imminens,
1562 1833 1657 1889 sed
1694 1833 1859 1891 etiam
1890 1834 1956 1891 ad
1989 1837 2293 1909 augendum

298 1929 572 1994 moritum,
619 1930 677 1982 et
723 1923 895 1995 magis
944 1922 1381 1990 fructificandum
1427 1923 1485 1977 in
1530 1922 1724 1995 populo
1770 1922 1887 1989 Dei,
1941 1925 2083 1981 sicut
2126 1927 2291 1982 etiam

297 2018 495 2088 Paulus
524 2014 693 2071 multa
717 2011 1143 2085 supererogabat
1175 2016 1391 2083 propter
1420 2011 1650 2069 salutem
1679 2011 1993 2080 electorum,
2027 2030 2151 2087 quae
2177 2016 2294 2072 sine

297 2108 538 2182 periculo
567 2120 682 2161 suae
709 2101 902 2159 salutis
930 2100 1204 2156 dimittere
1229 2107 1464 2173 poterat.

369 2194 451 2252 Ad
477 2195 622 2251 aliud
648 2190 793 2266 quod
820 2189 1040 2256 dicitur,
1071 2188 1282 2245 scilicet
1311 2188 1455 2262 quod
1486 2188 1739 2247 sacerdos
1767 2198 1849 2247 est
1878 2190 1979 2247 sub
2005 2188 2289 2267 Episcop0‚

297 2284 438 2343 sicut
461 2282 759 2357 Episcopus
782 2280 884 2335 sub
906 2278 1343 2352 ArchiepiscopO,
1367 2278 1655 2334 dicendum
1677 2280 1819 2351 quod
1846 2292 1951 2336 non
1971 2290 2053 2335 est
2077 2284 2293 2343 omnino

299 2375 493 2432 simile.
520 2376 745 2429 Constat
769 2367 912 2425 enim
937 2367 1081 2440 quod
1105 2366 1555 2438 Archiepiscopus
1582 2378 1686 2421 non
1712 2367 1906 2423 habent
1925 2370 2295 2427 immediatam

292 2463 726 2538 jurisdictionem
755 2457 811 2513 in
840 2456 958 2513 illos
983 2456 1077 2529 qui
1106 2466 1232 2511 sunt
1257 2453 1324 2509 de
1352 2454 1573 2511 dioecesi
1604 2454 1873 2527 Episcopi,
1903 2457 2007 2513 nisi
2032 2474 2196 2515 causa
2225 2459 2295 2513 ad

299 2568 424 2611 eum
452 2551 778 2617 differretur,
806 2547 901 2603 sed
931 2545 1230 2619 Episcopus
1265 2543 1425 2601 habet
1459 2531 1827 2601 immediatam
1860 2546 2296 2617 jurisdictionem

301 2644 358 2698 in
386 2640 740 2715 parochianos
776 2635 1094 2700 sacerdotis,
1127 2648 1252 2689 cum
1289 2633 1460 2707 possit
1488 2632 1783 2707 quemlibet
1814 2648 1997 2691 coram
2037 2651 2095 2691 se
2124 2637 2295 2691 citare

299 2737 357 2786 et
399 2726 886 2793 excommunicare,
935 2722 1079 2797 quod
1111 2722 1561 2795 Archiepiscopus
1595 2737 1699 2778 non
1744 2731 1925 2796 potest
1967 2725 2020 2779 in
2062 2726 2293 2781 subditis

297 2800 706 2891 Episcoporum,
740 2821 800 2869 ut
825 2814 1032 2869 dictum
1057 2818 1168 2881 est;
1195 2811 1350 2883 cujus
1375 2811 1514 2866 ratio
1538 2818 1642 2878 est,
1673 2812 1800 2885 quia
1832 2818 2073 2885 potestas
2110 2830 2299 2890 sacer-

299 2908 445 2965 dotis
485 2904 810 2963 naturaliter
847 2909 902 2959 et
943 2918 1010 2957 ex
1045 2902 1168 2973 jure
1211 2900 1394 2955 divino
1432 2898 1681 2955 subditur
1722 2903 1979 2973 potestati
2022 2903 2293 2977 Episcopi,

298 3012 428 3055 cum
454 2997 527 3051 sit
547 2993 861 3068 imperfecta
885 2995 1135 3063 respectu
1168 2988 1331 3054 iltius,
1360 2993 1420 3042 nt
1450 2988 1739 3061 Dionysius
1770 2990 1988 3061 probat3
2016 2993 2108 3047 sed
2137 2993 2299 3064 Epis-⁶

297 3102 472 3158 copus
513 3084 762 3140 subditur
787 3079 1207 3152 Archiepiscopo
1245 3076 1418 3133 solum
1448 3093 1513 3131 ex
1543 3077 1883 3135 ordinatione
1923 3079 2200 3146 Ecclesiae,
2244 3087 2300 3135 et

299 3176 425 3233 ideo
467 3176 523 3229 in
551 3172 748 3245 quibus
780 3169 1022 3225 Ecclesia
1049 3167 1244 3224 statuit
1277 3166 1603 3238 Episcopum
1636 3166 2055 3239 Archiepiscopo
2082 3169 2301 3239 subjec-

301 3272 441 3329 tum,
472 3261 523 3315 in
553 3262 657 3315 illis
687 3265 900 3315 tantum
937 3257 1214 3329 subJ‘ectus
1237 3261 1321 3310 cst
1345 3255 1417 3310 ei.
1456 3254 1721 3311 Sacerdos
1752 3264 1934 3311 autem
1964 3257 2058 3328 qui
2094 3259 2302 3328 exjure

297 3351 489 3409 divino
509 3348 776 3419 Episcopo
803 3345 1071 3413 subditur,
1104 3344 1160 3399 in
1183 3342 1434 3399 omnibus
1461 3349 1545 3398 est
1572 3344 1620 3397 ei
1648 3343 1941 3415 subjectus,
1967 3344 2110 3400 sicut
2138 3345 2227 3401 eti·
2218 3361 2305 3399 im

297 3442 450 3513 Papa
477 3435 638 3492 habet
661 3432 1028 3489 immediatam
1051 3430 1523 3505 jurisdictionem'
1508 3446 1563 3486 in
1588 3447 1773 3487 omncs
1797 3433 2151 3500 Christianos,
2176 3434 2305 3506 quia

300 3543 529 3587 romana
557 3522 798 3580 Ecclesia
825 3520 986 3575 nullis
1005 3519 1280 3593 synodicis
1299 3520 1615 3576 constitutis
1632 3522 1846 3575 caeteris
1873 3520 2129 3577 Ecclesiis
2160 3534 2307 3595 prte-

303 3620 417 3675 lata
449 3624 553 3685 est,
599 3612 692 3669 sed
724 3608 1036 3681 evangelica
1065 3623 1196 3664 voce
1225 3608 1439 3662 Domini
1472 3616 1526 3661 et
1562 3607 1858 3665 salvatoris
1894 3612 2062 3666 nostri
2103 3614 2306 3683 prima-

303 3717 422 3767 tum
443 3701 694 3771 obtinuit,
717 3709 776 3757 ut
791 3698 1019 3757 habetur
1037 3700 1091 3753 in
1111 3696 1362 3762 decretis,
1381 3696 1661 3755 distinctio
1680 3698 1833 3766 XXI,
1855 3706 2017 3771 caput
2033 3698 2303 3765 Quamvis.

378 3796 460 3853 Ad
492 3796 541 3850 id
575 3791 719 3867 quod
756 3796 940 3865 postea
973 3788 1226 3861 obJ'icitur
1252 3785 1394 3858 quod
1426 3787 1729 3860 presbyteri
1762 3789 2137 3860 parochiarum
2178 3802 2305 3849 sunt

304 3886 488 3960 sponsi
528 3882 892 3941 Ecclesiarum
930 3878 1030 3935 sibi
1085 3875 1516 3943 commissarum,
1558 3877 1849 3936 dicendum
1891 3880 2035 3954 quod
2078 3894 2308 3955 sponsus

811 3998 862 4047 S.
895 3998 1051 4048 Tnou.
1085 3998 1171 4052 Ao.
1206 3996 1469 4046 Orus-com.
1493 4020 1555 4035 υ-
1577 3995 1635 4045 lll
1691 4020 1754 4033 —
1784 3996 1815 4045 8
