2784 4392
487 260 610 319 378
969 280 1022 323 s.
1066 278 1300 321 'monas
1340 269 1668 327 ‚souma-ms
1716 276 2030 321 croscum

495 404 602 462 qua
631 388 676 445 si
717 388 960 447 amicitia
988 392 1174 462 vigeat
1213 395 1272 445 et
1309 390 1583 447 nutriatur
1625 386 1937 454 concordia,
1981 386 2179 443 civitas
2212 386 2527 461 quamdam

494 470 697 533 causat.
713 478 1056 536 harmoniam
1084 484 1140 535 et
1179 478 1378 536 animae
1420 478 1773 544 suavitatem,
1820 486 1877 533 et
1916 476 2253 548 Augustinus
2285 476 2365 531 De
2396 474 2521 531 Cio.

497 567 618 631 vei,
649 566 784 621 dicit
809 566 902 623 lib.
928 566 994 631 11,
1027 582 1093 623 ex
1122 566 1350 623 summis
1375 566 1651 633 videlicet,
1684 566 1887 621 infimis
1917 574 1972 621 et
2008 565 2203 620 mediis
2228 564 2523 619 ordinibus

495 664 695 725 quinus
713 642 1048 711 moderatur.
1072 656 1300 728 Propter
1318 656 1465 729 quod
1489 654 1759 726 Propheta
1781 654 1936 719 dicit,
1961 652 2159 709 Psalm.
2184 667 2414 717 cxxxii,
2440 654 2463 705 t
2502 669 2516 705 :

495 742 633 798 Ecce
677 749 835 814 quam
864 743 1054 800 bonum
1081 749 1131 800 et
1171 758 1329 817 quam
1363 741 1661 816 jucundum
1693 742 1939 799 habitat-e
1976 741 2271 813 fratresin
2310 742 2523 797 unum!

495 831 646 887 Idem
689 832 856 888 etiam
907 832 1244 903 Augustinus
1280 833 1421 891 duas
1461 830 1747 889 constituit
1791 832 2047 887 civitates
2094 820 2147 885 i'n
2194 829 2343 885 dicto
2374 830 2517 886 libro

498 919 800 975 secundum
829 920 970 976 duos
995 935 1229 977 amores.

567 1008 775 1062 Praeter
804 1007 921 1065 haec
947 1023 1080 1065 vero
1105 1017 1190 1065 est
1219 1008 1327 1067 alia
1357 1009 1497 1065 ratio
1528 1008 1596 1064 ad
1627 1006 2023 1063 ostendendum
2060 1005 2533 1062 communitatem·

499 1093 868 1150 multitudinis
910 1096 1190 1153 hominum
1230 1113 1351 1153 esse
1380 1096 1767 1161 necessariam,
1800 1096 2077 1166 appetitus
2106 1092 2363 1149 videlicet
2409 1093 2510 1148 hu·

499 1199 692 1240 manus
719 1185 790 1239 ad
815 1186 1328 1243 communicandum
1357 1200 1523 1258 opera
1552 1200 1650 1241 sua
1681 1184 2017 1239 multitudini
2046 1189 2105 1238 ut
2126 1182 2415 1238 molestum
2438 1182 2512 1238 sit

497 1272 678 1327 eidem
719 1272 925 1344 aliquid
958 1274 1178 1329 virtutis
1224 1290 1388 1345 agere
1434 1273 1641 1345 absque
1684 1272 1963 1327 hominum
2000 1272 2263 1327 societate
2312 1288 2325 1325 t
2368 1270 2511 1325 unde

500 1360 709 1415 Tullius
746 1360 882 1416 dicit
912 1361 965 1415 in
995 1360 1134 1416 libro
1169 1362 1247 1417 De
1271 1360 1519 1425 Amicit„
1550 1360 1697 1433 quod
1737 1380 1763 1413 α
1796 1368 1993 1415 natura
2031 1358 2162 1414 nihil
2203 1359 2509 1415 solitarium

501 1454 671 1504 amat.
705 1466 732 1501 n
763 1448 961 1505 Verum
1001 1455 1086 1506 est
1113 1450 1257 1505 enim
1288 1448 1433 1522 quod
1465 1448 1535 1505 ab
1570 1448 1815 1521 Archyta
1852 1449 2165 1514 Tarentino,
2206 1456 2265 1502 ut
2294 1449 2503 1519 opinor,

497 1536 683 1592 dicere
709 1537 932 1594 solitum
960 1552 1100 1606 esse,
1133 1554 1165 1595 a
1193 1537 1415 1593 senibus
1444 1538 1646 1593 nostris
1670 1537 1853 1593 audivi
1889 1553 1903 1593 :
1934 1557 1959 1589 α
1992 1538 2047 1593 Si
2074 1538 2198 1609 quis
2226 1538 2283 1592 in
2309 1536 2506 1593 coelum

501 1623 857 1691 ascendisset,
886 1629 1248 1698 naturamque
1269 1624 1456 1679 mundi
1487 1639 1553 1681 ac
1580 1624 1823 1687 siderum
1846 1624 2168 1695 aspexisset,
2202 1622 2511 1695 pulchritu-

496 1710 684 1767 dinem
714 1712 997 1770 insuavem
1039 1712 1117 1768 illi
1159 1713 1279 1767 sine
1319 1713 1497 1769 amico
1540 1712 1626 1768 vel
1665 1712 1815 1768 socio
1856 1710 2277 1768 admirationem
2307 1710 2445 1767 sore.
2480 1730 2504 1762 n

500 1800 640 1870 Ipsae
669 1799 836 1855 etiam
883 1800 1092 1857 divitiae
1119 1800 1224 1857 nisi
1254 1802 1439 1858 effusae
1476 1800 1531 1857 in
1570 1799 1921 1857 multitudine
1954 1816 2062 1855 non
2089 1799 2417 1867 clarescunt,
2452 1807 2508 1855 ut

499 1888 722 1943 Boetius
743 1887 899 1944 dicit.

572 1976 730 2031 Patet
758 1975 924 2045 igitur
958 1974 1234 2031 hominem
1259 1975 1375 2032 sive
1404 1991 1472 2031 ex
1500 1984 1656 2047 parte
1686 1976 1948 2049 corporiS,
1976 1975 2092 2032 sive
2120 1974 2294 2047 partis
2332 1976 2507 2033 sensi-

504 2062 652 2127 tivae,
684 2063 800 2117 sive
829 2051 1172 2119 considerata
1197 2078 1297 2120 sua
1325 2064 1581 2120 rationali
1604 2071 1821 2132 natura,
1856 2078 2076 2121 necesse
2102 2062 2304 2120 hahere
2330 2064 2509 2121 vivere

502 2151 559 2205 in
587 2150 958 2206 multitudine.
989 2150 1086 2223 Ex„
1111 2166 1220 2225 qua
1263 2161 1419 2225 parte
1448 2154 1759 2209 necessaria
1796 2162 1881 2210 estt
1918 2153 2217 2209 secundum
2261 2162 2509 2210 naturam

499 2239 839 2295 constructio
881 2238 1126 2296 civitatis
1172 2257 1189 2295 z
1235 2240 1378 2297 unde
1420 2240 1777 2315 Philosophus
1813 2242 1949 2309 dicit
1993 2243 2098 2298 inl
2136 2241 2321 2307 Polie„
2350 2242 2510 2315 ‚quod

504 2336 702 2384 natura
729 2327 949 2400 quidem
979 2328 1232 2385 omnibus
1255 2330 1400 2387 inest
1438 2330 1507 2387 ad
1536 2331 1699 2386 talem
1728 2330 2199 2397 communitatem,
2227 2330 2406 2404 qualis
2428 2338 2512 2386 est

501 2415 748 2472 civitatis
785 2417 1168 2474 communitae.
1213 2418 1280 2473 Et
1327 2419 1581 2491 quamvis
1607 2406 1813 2491 primos
1854 2419 2197 2475 institutores
2224 2418 2508 2475 civitatum

509 2505 678 2561 malos
705 2505 952 2561 homines
980 2507 1261 2579 Scriptura
1295 2507 1515 2571 referat,
1553 2513 1611 2561 ut
1650 2507 1783 2563 Cain
1813 2506 2171 2573 fratricidam,
2212 2506 2509 2563 Nembroth

508 2610 886 2666 oppressorem
917 2594 1217 2660 hominum,
1247 2596 1340 2668 qui
1361 2595 1657 2652 aedificavit
1681 2594 2032 2668 Babylonem,
2061 2600 2231 2651 Assur
2254 2596 2343 2667 qui
2372 2594 2511 2651 aedi-

509 2682 692 2738 flcahit
719 2683 990 2749 Ninivem,
1025 2688 1086 2737 ut
1110 2684 1162 2737 in
1189 2684 1388 2739 Genesi
1414 2684 1690 2749 scribitur,
1718 2700 1748 2739 a
1777 2683 2077 2741 Nemhroth
2101 2682 2349 2755 fugatus;
2379 2686 2509 2741 moti

507 2774 690 2824 tamen
719 2770 938 2825 fuerunt
962 2769 1031 2824 ad
1060 2764 1505 2826 constituendum
1529 2772 1781 2828 civitates
1810 2780 2031 2844 propter
2054 2770 2335 2828 hominum
2358 2788 2513 2830 com-

456 2934 460 2938 .
506 2856 802 2911 moditates
840 2859 956 2929 jam
997 2856 1192 2924 dictas,
1239 2859 1607 2931 retorquendo
1650 2865 1831 2916 tamen
1878 2860 1931 2915 in
1982 2876 2143 2917 suum
2188 2862 2506 2930 dominium,

508 2958 605 3014 pro
648 2960 756 3015 quo
792 2945 1164 3001 conservando
1211 2948 1521 3004 necessaria
1558 2950 1758 3005 eratin
1789 2964 1956 3005 unum
1984 2949 2350 3006 multitudinis
2378 2965 2511 3007 con-

505 3032 800 3104 gregatio..
2003 3026 2018 3037 ⁶

1282 3216 1565 3285 CAPUT
1629 3217 1744 3285 IV.

505 3349 600 3411 De
627 3346 1050 3410 communitate
1093 3347 1386 3423 civitatis,
1420 3349 1487 3411 in
1526 3366 1642 3429 quo
1682 3349 1993 3425 consistat,
2026 3350 2131 3412 abi
2156 3347 2512 3413 Aristoteles
2562 3343 2573 3351 ’

584 3440 770 3586 Zmin
812 3436 1146 3586 otpinionem
1185 3435 1461 3509 Socratis
1500 3442 1558 3501 et
1594 3437 1909 3515 Platonis,
1952 3456 2135 3519 qaam
2180 3438 2277 3501 hio
2303 3442 2513 3502 auctor

629 3542 687 3587 eo
716 3541 826 3586 ara
863 3570 876 3585 .
1051 3544 1053 3547 ⁴

578 3655 777 3712 Habita
816 3654 982 3727 igitur
1025 3658 1352 3715 necessitate
1388 3658 1791 3717 constituendae
1832 3661 2074 3718 civitatis
2104 3666 2323 3733 propter
2358 3674 2511 3717 com-

510 3743 834 3800 munitatem
861 3744 1162 3814 hominum,
1194 3762 1339 3804 nunc
1369 3748 1726 3820 quaerendum
1756 3748 1973 3805 videtur
2002 3749 2056 3804 in
2081 3765 2189 3821 quo
2218 3750 2377 3805 sistat
2404 3748 2511 3804 ista

506 3832 890 3888 communitae.
931 3834 1091 3889 Circa
1115 3835 1261 3906 quod
1300 3835 1505 3893 diversi
1542 3836 1844 3909 philosophi
1874 3844 1931 3893 et
1960 3838 2236 3909 sapientes
2268 3837 2513 3895 diversas
