2784 4392
335 221 456 288 140
812 238 864 286 s.
909 237 1146 286 monas
1185 233 1515 292 sommus
1554 235 1870 286 censuum
1940 233 1946 240 ·

334 357 430 430 qui
459 351 710 414 se'rebus
737 355 924 413 mundi
967 355 1224 431 expoliat,
1257 363 1354 414 aut
1380 353 1623 430 quicum
1652 353 1784 412 nihil
1814 351 2085 424 habuerit,
2116 369 2220 414 nec
2243 353 2347 412 ha-

334 445 464 502 bere
490 443 786 514 desiderat,
815 461 980 520 quam
1011 445 1102 502 ille
1130 447 1224 518 qui
1254 459 1322 502 ex
1351 445 1538 502 multis
1562 459 1687 518 quae
1714 443 1973 518 possidet,
2007 440 2212 518 aliquid
2242 443 2347 500 Ec-

323 533 517 602 ‚clesiae
549 535 892 610 praestiterit.
927 552 953 589 »
983 533 1062 591 Ex
1089 551 1198 610 quo
1229 539 1380 609 patet
1406 523 1553 609 quod
1578 531 1705 590 nihil
1734 531 2011 607 possidere
2040 532 2108 590 ad
2135 531 2348 606 perfec-

334 623 540 680 tionem
571 621 928 681 christIanam
957 621 1214 696 pertinet.

405 713 561 770 Item.
588 709 729 770 Eum
755 712 848 786 qui
881 703 1040 770 vacat
1080 707 1531 785 contemplationi
1560 709 1761 768 divinae
1788 707 1962 783 magis
1993 716 2207 784 oportet
2232 727 2350 768 esse

324 794 368 858 'a
393 800 554 858 rebus
583 801 874 858 mundanis
909 799 1158 870 liberum,
1191 814 1356 874 quam
1382 813 1478 856 eos
1506 797 1599 873 qui
1629 795 2075 872 contemplationi
2108 797 2349 872 philoso-

337 881 478 963 phiae
519 889 818 959 vacabant3
860 887 955 946 sed
1001 885 1324 963 philosophi,
1371 893 1431 945 ut
1477 887 1643 945 libere
1684 883 2041 961 philosophiae
2070 893 2345 954 vacarent,

326 975 683 1035 laudabiliter
703 976 891 1034 mundi
915 975 1280 1036 substantiam
1302 973 1639 1050 abjecerunt,
1666 975 1811 1033 unde
1830 975 2191 1050 Hieronymus
2216 976 2350 1033 dicit
2421 995 2427 999 ·

337 1068 407 1127 ad
434 1065 720 1123 Paulinum
759 1067 1142 1140 presbyterum
1171 1068 1249 1124 De
1277 1066 1512 1124 institut.
1559 1065 1800 1122 monach.
1846 1079 1865 1122 .·
1898 1083 1924 1120 (ι
1970 1065 2224 1123 Socrates
2262 1065 2349 1122 ille

321 1148 644 1224 Thebanus,
693 1153 854 1211 homo
897 1153 1174 1228 quondam
1214 1153 1536 1222 ditissimuS,
1583 1168 1708 1210 cum
1752 1151 1819 1211 ad
1864 1151 2349 1228 philosophandum

337 1244 579 1302 Athenas
608 1249 878 1317 pergeret,
929 1257 1186 1316 magnum
1227 1241 1346 1300 auri
1390 1243 1602 1316 pondus
1640 1239 1860 1316 abjecit,
1912 1257 2013 1299 nec
2040 1243 2254 1316 putavit
2290 1260 2349 1299 se

339 1347 497 1406 posse
520 1340 576 1390 et
599 1329 832 1390 virtutes
859 1330 1038 1400 simul,
1071 1338 1127 1388 et
1155 1330 1378 1390 divitias
1409 1329 1717 1405 possidere;
1756 1351 1781 1384 n
1819 1345 1947 1404 ergo
1978 1329 2147 1389 multo
2178 1329 2349 1405 magis

339 1419 410 1480 ad
442 1419 748 1478 vacandum
777 1419 1221 1494 contemplationi
1250 1420 1471 1490 divinae,
1506 1417 1778 1478 laudabile
1804 1427 1887 1477 est
1917 1419 2099 1478 omnia
2127 1437 2225 1479 sua
2259 1437 2351 1478 re·-

337 1509 602 1585 linquere,
629 1509 774 1568 unde
796 1521 960 1585 super
983 1507 1120 1568 illud
1145 1506 1338 1568 Matth.
1380 1523 1489 1567 xxx
1520 1525 1535 1565 ε
1565 1505 1625 1566 Si
1652 1508 1733 1566 vic
1756 1507 2023 1582 perfectus
2060 1525 2183 1577 esse,
2214 1516 2344 1580 etc.,

339 1600 472 1656 dicit
510 1599 876 1684 interlinearis
916 1613 930 1656 ε
981 1617 1010 1654 α
1052 1597 1195 1681 Ecce
1240 1593 1669 1672 contemplativa
1712 1611 1837 1672 quae
1884 1595 1953 1656 ad
1994 1596 2345 1672 Evangelium

339 1686 598 1759 pertinet.
629 1705 657 1741 n

407 1775 566 1831 Item.
604 1770 896 1832 Praemium
925 1770 1196 1830 excellens
1232 1787 1339 1830 non
1368 1771 1618 1840 debetur,
1659 1771 1765 1830 nisi
1802 1769 1999 1831 merito
2028 1747 2346 1847 eicellenti3

337 1861 435 1920 sed
461 1861 748 1936 praemium
770 1858 1062 1930 excellens,
1092 1859 1148 1917 ld
1178 1868 1261 1918 est
1279 1859 1575 1934 judiciaria
1598 1868 1861 1936 potestaS,
1894 1860 2124 1920 debe‘tur
2148 1863 2347 1922 actuali
2436 1857 2444 1866 '

341 1951 674 2026 paupertati,
703 1948 847 2008 sicut
871 1955 1023 2024 patet
1054 1947 1249 2008 Matth.
1276 1961 1407 2017 χιιι,
1441 1963 1605 2024 super
1632 1947 1763 2007 illud
1798 1967 1811 2008 z
1852 1949 1953 2011 Vos
1978 1950 2070 2025 qui
2096 1951 2350 2026 reliquis·

343 2039 431 2106 tis,
457 2046 586 2110 etc„
612 2037 872 2104 sedebitis,
899 2043 1029 2106 etc„
1052 2035 1144 2094 ubi
1170 2035 1305 2094 dicit
1326 2035 1521 2096 Glossa
1548 2055 1563 2093 t
1592 2055 1620 2092 α
1648 2035 1752 2110 Qui
1778 2037 2119 2116 reliquerunt
2144 2042 2345 2113 omnia,

341 2136 396 2186 et
423 2127 597 2185 secuti
644 2133 771 2185 sunt
820 2126 1130 2196 Dominum,
1176 2126 1233 2183 hi
1257 2126 1473 2200 judices
1516 2134 1713 2199 erunt;
1764 2128 1860 2204 qui
1904 2127 2053 2188 licita
2086 2119 2351 2191 habentes

341 2223 490 2275 recte
519 2216 600 2274 usi
619 2225 764 2284 sunt,
783 2215 1195 2290 judicabuntur.
1229 2233 1255 2270 ³>
1277 2214 1423 2290 Ergo
1440 2216 1495 2274 in
1522 2215 1723 2275 actuali
1748 2226 2072 2294 paupertate
2096 2220 2350 2279 meritum
2393 2259 2397 2262 -

341 2305 616 2364 excellens
642 2305 913 2364 consistit.

413 2395 571 2455 Item.
617 2397 641 2454 1
676 2393 747 2454 ad
793 2395 919 2453 Cor.
963 2406 1066 2464 vn,
1099 2391 1392 2469 Apostolus
1432 2391 1719 2452 consilium
1748 2393 1890 2453 dans⁴
1929 2393 1999 2454 de
2036 2394 2351 2472 virginitate

293 2492 300 2498 ’
343 2485 631 2554 servanda,
664 2485 933 2544 rationem
964 2483 1227 2557 assignat,
1250 2490 1313 2540 ut
1341 2481 1553 2542 scilicet
1575 2483 1689 2542 sine
1713 2483 2067 2542 sollicitudine
2086 2487 2224 2555 sinu
2255 2489 2352 2546 sed

345 2577 580 2648 abjectio
604 2576 921 2632 divitiarum
951 2575 1186 2638 maxime
1215 2571 1345 2628 facit
1371 2571 1647 2630 hominem
1676 2574 1791 2629 sine
1820 2574 2185 2632 sollicitudine
2211 2593 2348 2646 esse,

345 2663 475 2738 quia
505 2663 714 2720 divitiae
749 2663 864 2718 suis
892 2655 1295 2733 possessoribus
1324 2657 1394 2716 de
1422 2662 1752 2719 necessitate
1779 2660 1979 2720 multas
2024 2663 2353 2722 sollicitudi-

347 2767 442 2808 nes
479 2749 751 2822 ingerunt,
794 2749 938 2805 unde
977 2747 1109 2816 Luc,
1159 2760 1268 2805 vm
1315 2759 1330 2804 ε
1363 2745 1586 2806 Divitiae
1620 2763 1723 2823 per
1764 2748 1945 2823 spinas
1978 2750 2353 2826 siqnificantur

347 2853 464 2915 quae
504 2835 719 2896 verbum
776 2851 877 2893 sua
929 2833 1286 2894 sollicitudine
1323 2835 1583 2910 suffocant
1634 2838 1691 2895 in
1731 2837 1975 2897 cordibus
2018 2841 2351 2901 auditorum.

345 2929 489 3001 Ergo
527 2925 671 2984 sicut
694 2923 998 2997 virginitas,
1036 2925 1115 2984 ita
1146 2923 1380 2985 actualis
1402 2931 1698 3001 paupertas
1726 2929 1797 2986 ad
1825 2927 2197 3002 evangelicam
2227 2949 2356 3006 per-

345 3015 636 3076 sectionem
663 3013 921 3092 pertinet.

417 3106 658 3166 Ulterius
697 3101 1048 3164 ostendemus
1089 3101 1234 3180 quod
1299 3100 1406 3162 ista
1437 3103 1698 3179 perfectio
1742 3119 1853 3180 qua
1896 3101 2093 3181 aliquis
2133 3105 2357 3184 reliquit

349 3197 585 3272 propria,
621 3211 726 3254 non
754 3193 986 3267 requirit
1015 3193 1414 3268 possessionem
1452 3191 1767 3252 divitiarum
1804 3194 1862 3252 in
1889 3197 2184 3254 communi.
2235 3199 2357 3256 Pri-

347 3287 620 3344 mordium
661 3283 804 3342 enim
842 3281 1193 3358 perfectionis
1233 3285 1288 3338 in
1330 3280 1546 3340 Christo
1575 3287 1631 3340 et
1659 3281 1715 3341 in
1760 3283 2037 3358 Apostolis
2082 3285 2216 3356 fuit3
2262 3289 2356 3346 sed

347 3376 450 3451 ipsi
481 3393 588 3434 non
616 3375 870 3448 leguntur
899 3385 1000 3430 sua
1040 3371 1413 3444 relinquentes
1448 3369 1661 3445 aliquas
1701 3374 2069 3445 possessiones
2104 3373 2359 3434 hahuisse

348 3463 404 3522 in
433 3463 726 3532 communi,
762 3461 872 3520 imo
913 3457 1094 3534 potius
1122 3458 1323 3533 legitur)
1350 3459 1498 3534 quod
1534 3473 1633 3517 nec
1672 3461 1839 3518 etiam
1868 3461 2058 3520 domos
2087 3461 2359 3522 habebant

349 3553 420 3613 ad
445 3551 793 3620 manendum,
829 3556 888 3608 ut
915 3563 1083 3625 supra
1111 3547 1400 3624 probatum
1428 3556 1535 3609 est.
1560 3547 1704 3624 Ergo
1731 3549 1995 3625 perfectio
2021 3555 2361 3630 paupertatis

348 3659 456 3702 non
485 3641 716 3716 requirit
743 3639 957 3716 aliquas
981 3639 1352 3714 possessiones
1375 3651 1711 3697 communes

417 3734 576 3788 Item.
606 3731 944 3811 Augustinus
972 3729 1028 3784 in
1054 3744 1142 3796 111,
1173 3729 1249 3785 De
1277 3729 1541 3786 Doctrina
1560 3729 1747 3796 christ,
1778 3729 1913 3788 dicit
1938 3729 2085 3805 quod
2112 3751 2139 3786 α
2168 3726 2246 3788 illi
2265 3729 2361 3806 qui

349 3815 602 3891 conversi
643 3816 864 3876 fuerunt
905 3830 974 3874 ex
1012 3813 1218 3874 Judaeis
1257 3813 1328 3875 ad
1371 3813 1652 3875 ‘Christum
1694 3819 1749 3876 in
1776 3817 2058 3892 primitiva
2092 3819 2355 3893 Ecclesia,
