2784 4392
471 273 592 342 232
945 295 998 340 s.
1039 291 1278 338 raons
1319 289 1648 342 Aoum-ns
1688 287 2001 338 croscum

472 413 781 494 collegium.
813 411 966 469 Unde
1002 423 1192 467 eorum
1237 408 1537 466 temeritati
1574 413 1660 465 est
1706 407 1936 465 viriliter
1980 407 2374 480 resistendum,
2416 427 2493 468 no

471 515 602 558 oves
617 499 816 558 Christi
834 500 1036 573 passim
1066 499 1316 572 luporum
1341 497 1612 556 morsibus
1631 497 1960 554 lacerentur.
1974 497 2035 553 In
2055 496 2491 556 detestationem

473 589 618 645 enim
667 588 992 646 mercenarii
1041 586 1246 644 dicitur
1288 587 1448 643 Joan.
1492 599 1552 653 x,
1616 589 1665 650 2,
1723 585 1871 657 quod
1914 586 2285 642 mercenarius
2338 587 2489 644 videt

473 679 655 750 lupum
675 677 986 742 venientem,
1005 683 1056 734 et
1075 675 1305 733 dimittit
1327 692 1463 742 oves,
1489 681 1538 732 et
1564 673 1727 748 sapit.
1748 676 1934 746 Lupus
1956 682 2161 744 autem,
2195 682 2259 730 ut
2284 675 2488 734 Glossa

473 766 676 824 ibidem
713 767 867 835 dicit,
891 774 976 824 est
1023 765 1108 822 vel
1145 764 1418 822 violentus
1458 763 1554 838 qui
1598 763 1954 839 corporaliter
1993 771 2198 837 vastat,
2226 767 2315 824 vel
2356 767 2491 824 dia-

473 855 630 912 bolus
671 857 764 930 qui
808 855 1168 930 spiritualiter
1204 854 1458 927 dissipat.
1515 853 2002 926 Reprehenduntur
2042 856 2210 912 etiam
2252 857 2483 930 quidam

473 943 832 1014 Ezech.xn1,
864 945 1092 1006 5:1von
1122 943 1429 1001 ascendistis
1451 959 1517 1000 ex
1552 941 1792 1010 adverso,
1809 957 1971 1016 neque
2009 943 2327 1016 opposuistis
2356 961 2485 1004 mu·

475 1050 595 1090 rum
615 1049 720 1106 pro
744 1033 894 1090 domo
921 1033 1113 1090 Israel.

541 1122 811 1189 Secundo,
860 1122 992 1196 quia
1029 1137 1220 1179 eorum
1263 1122 1435 1179 vitam
1481 1120 1783 1194 denigrare
1810 1119 2077 1188 nituntur,
2122 1119 2325 1196 quibus
2372 1139 2480 1180 non

471 1211 648 1268 solum
675 1211 1010 1267 couscientia
1037 1211 1347 1267 necessaria
1370 1216 1456 1266 est
1480 1218 1703 1283 propter
1730 1225 1789 1266 se
1807 1211 1972 1282 ipso3‚
1989 1211 2083 1266 sed
2108 1213 2277 1268 etiam
2307 1211 2477 1279 fama,

471 1306 535 1356 ut
559 1300 615 1355 in
645 1299 906 1372 proximis
933 1315 1031 1372 per
1057 1298 1505 1373 praedicationem
1528 1298 1791 1372 proficere
1820 1299 2046 1371 possint.
2074 1299 2155 1354 De
2184 1299 2309 1356 istis
2332 1303 2481 1356 enim

473 1387 894 1454 detractoribus,
935 1403 1098 1460 super
1132 1386 1263 1444 illud
1307 1387 1375 1444 ad
1418 1387 1543 1445 Gal.
1576 1403 1637 1444 xv
1662 1404 1675 1442 ε
1700 1387 1854 1459 Ejice
1880 1387 2149 1454 ancillam,
2179 1397 2313 1460 etc.,
2344 1390 2481 1446 dicit

471 1477 670 1536 Glossa
699 1494 712 1532 :
748 1497 776 1530 α
805 1477 1008 1534 Omnes
1038 1475 1132 1549 qui
1161 1477 1216 1532 in
1241 1475 1487 1534 Ecclesia
1526 1483 1797 1533 terrenam
1836 1475 2154 1532 felicitatem
2195 1489 2477 1549 quaerunt,

471 1567 651 1624 adhuc
685 1566 754 1623 ad
801 1565 996 1623 Ismael
1031 1565 1325 1637 pertinent.
1373 1567 1484 1639 Ipsi
1527 1574 1654 1623 sunt
1684 1566 1785 1639 'qui
1828 1566 2165 1622 contendunt
2207 1567 2481 1638 spiritua-

470 1655 612 1712 libus
649 1655 1076 1729 proficientibus‚
1115 1664 1170 1712 et
1211 1654 1510 1713 detrahunt
1534 1654 1659 1723 illis,
1693 1661 1749 1710 et
1784 1653 1984 1726 habent
2029 1653 2172 1711 labia
2202 1655 2395 1729 iniqua
2422 1669 2479 1712 et

470 1743 685 1816 linguas
728 1745 965 1801 dolosas.
1009 1764 1035 1798 n
1061 1741 1131 1800 Et
1159 1743 1282 1802 ideo
1312 1745 1513 1801 talibus
1542 1743 1943 1800 detractoribus
1972 1745 2338 1800 resistendum
2370 1755 2477 1801 est.

469 1831 542 1889 Ut
569 1833 713 1886 enim
751 1833 886 1888 dicit
913 1831 1212 1902 Gregorius
1240 1833 1296 1888 in
1321 1831 1521 1888 Homil.
1548 1831 1810 1906 praedicta
1844 1849 1855 1887 :
1886 1853 1911 1884 α
1942 1831 2006 1886 Hi
2028 1847 2258 1904 quorum
2281 1835 2395 1889 vita
2422 1834 2477 1888 in

470 1918 779 1992 exemplum
803 1920 1126 1977 imitationis
1150 1926 1234 1976 est
1256 1923 1457 1994 posita,
1483 1921 1700 1989 debent,
1722 1922 1767 1976 si
1794 1925 2036 1993 possunt,
2068 1915 2487 1977 detrahentium

471 2006 577 2064 sibi
603 2007 767 2064 verba
791 2023 1158 2080 compescere,
1190 2025 1258 2066 ne
1294 2025 1483 2065 eorum
1517 2011 1963 2083 praedicationem
1990 2024 2095 2064 non
2121 2009 2352 2066 audiant
2380 2013 2479 2084 qui

471 2093 664 2152 audire
707 2104 976 2168 poterant,
1011 2103 1065 2153 et
1104 2098 1158 2152 in
1208 2097 1391 2170 pravis
1431 2099 1677 2155 moribus
1710 2104 2070 2164 remanentes,
2102 2096 2242 2152 bene
2290 2099 2481 2156 vivere

352 2226 360 2232 -
471 2193 858 2254 contemnant3
888 2205 915 2238 1>
940 2185 1082 2243 uude
1111 2193 1166 2243 et
1193 2187 1429 2244 loannes
1444 2187 1785 2244 detrahentis
1816 2186 1920 2242 sibi
1946 2185 2113 2241 verba
2138 2191 2481 2260 compescuit

473 2271 529 2330 in
557 2273 735 2346 Epist.
766 2273 837 2330 ad
865 2274 1078 2347 Gajum,
1105 2291 1232 2332 cum
1253 2275 1393 2334 dixit
1426 2275 1533 2332 :·Si
1572 2291 1782 2340 venere,
1814 2272 2134 2330 commonebo
2162 2275 2276 2345 ejice
2312 2293 2483 2348 opera

473 2379 588 2436 quae
614 2361 770 2435 facit,
797 2363 971 2420 verbis
995 2364 1247 2438 maliqnis
1271 2364 1523 2438 yarriens
1564 2364 1621 2420 in
1652 2380 1765 2420 nos.
1792 2362 1861 2419 Et
1900 2361 2116 2424 Paulus,
2148 2363 2196 2418 11
2238 2363 2308 2419 ad
2349 2365 2478 2421 Cor.

473 2462 533 2521 x,
563 2453 630 2507 40
655 2469 668 2506 :
698 2451 972 2525 Epistoioe,
1001 2451 1277 2526 inquiunt,
1305 2468 1495 2526 graves
1522 2458 1651 2510 sunt
1691 2459 1745 2510 et
1766 2450 1955 2524 fortes,
1980 2451 2275 2529 praesentia
2300 2459 2483 2511 autem

473 2542 710 2614 corporis
733 2539 955 2614 infirma
983 2549 1036 2600 et
1060 2559 1228 2599 sermo
1254 2540 1680 2615 contemptibilis.

543 2629 750 2700 Tertio,
769 2631 899 2703 quia
927 2631 1117 2686 nonin
1139 2631 1244 2687 hoc
1265 2631 1471 2688 sistunt
1496 2637 1555 2687 ut
1578 2629 1860 2692 infament,
1892 2627 1991 2685 sed
2019 2627 2088 2686 ad
2111 2627 2217 2687 hoc
2244 2629 2483 2688 tendunt

473 2721 536 2770 ut
565 2715 808 2771 totaliter
831 2716 1124 2788 extirpent.
1151 2717 1307 2786 Quod
1339 2717 1626 2774 manifeste
1654 2720 1881 2790 apparet
1910 2731 1977 2772 ex
2003 2714 2125 2784 hoc,
2156 2717 2303 2789 quod
2330 2733 2486 2790 prae-

473 2801 613 2859 latos
634 2803 898 2860 inducunt
923 2808 982 2858 ut
1007 2817 1101 2860 eos
1129 2803 1334 2862 faciant
1359 2806 1429 2863 ab
1454 2805 1703 2862 omnibus
1731 2803 1947 2875 evitari,
1976 2811 2039 2862 ut
2072 2803 2129 2860 in
2152 2809 2485 2864 necessariis

473 2887 554 2947 eis
577 2907 684 2946 non
705 2892 1078 2963 provideatur,
1111 2902 1165 2950 et
1192 2893 1262 2950 ad
1292 2911 1478 2951 eorum
1504 2895 1840 2952 consortium
1876 2893 2058 2951 nullus
2096 2895 2313 2952 admitti
2349 2913 2485 2969 per-

476 2979 744 3035 mittatur.
789 2978 943 3049 Quod
987 2981 1210 3053 quidem
1247 2983 1534 3039 consilium
1585 2983 1924 3054 significatur
1958 2982 2066 3038 Isa.
2118 2997 2222 3049 vn,
2270 2985 2303 3037 5
2348 2985 2485 3042 :Eo

474 3067 612 3141 quod
638 3067 915 3125 consilium
945 3067 1138 3128 inierit
1160 3077 1362 3128 contra·
1383 3079 1434 3128 te
1461 3071 1622 3144 Syria
1648 3071 1709 3127 in
1732 3072 1951 3136 malum,
1971 3071 2237 3143 Ephraim
2262 3079 2313 3128 et
2335 3073 2487 3143 filius

473 3155 746 3224 Romeiiae,
780 3158 1007 3217 dicentes
1041 3175 1060 3216 .·
1098 3161 1459 3218 Ascendamus
1484 3159 1553 3216 ad
1581 3159 1798 3226 Judam,
1825 3167 1877 3217 et
1916 3159 2225 3216 suscitemus
2262 3175 2401 3227 eum,
2434 3169 2487 3218 et

474 3247 757 3304 avellamus
783 3265 902 3305 eum
928 3250 999 3306 ad
1030 3265 1143 3317 nos,
1171 3252 1266 3307 sed
1316 3257 1376 3306 ut
1414 3251 1487 3306 ibi
1515 3250 1717 3306 dicitur
1748 3267 1763 3304 t
1794 3249 1919 3308 Non
1946 3249 2111 3306 stabit
2161 3255 2212 3306 et
2238 3266 2347 3306 non
2374 3252 2487 3308 erit

473 3327 638 3390 istud.
678 3337 791 3394 Ista
825 3337 992 3394 etiam
1027 3345 1154 3394 sunt
1183 3338 1433 3404 consilia,
1476 3337 1545 3394 de
1579 3338 1780 3410 quibus
1828 3337 2031 3393 dicitur
2072 3337 2223 3393 Hier.
2250 3353 2335 3406 xi,
2368 3342 2439 3395 19
2469 3356 2481 3395 ;

474 3421 860 3494 Coyitaverunt
894 3441 1056 3499 super
1083 3443 1164 3484 me
1191 3426 1416 3484 consilia
1450 3426 1680 3482 dicentes
1708 3425 2063 3483 :Eradamus
2093 3441 2210 3482 eum
2246 3427 2309 3482 de
2332 3433 2487 3485 terra

473 3509 786 3580 viventium,
811 3519 862 3569 et
887 3531 1079 3572 nomen
1115 3515 1228 3588 ejus
1259 3532 1366 3571 non
1402 3521 1726 3572 memoretur
1754 3515 2024 3588 amplius..
2011 3554 2047 3571 ..
2090 3515 2178 3570 sed
2210 3515 2268 3572 in
2306 3519 2487 3574 consi-

472 3597 606 3657 lium
629 3617 814 3658 eorum
837 3617 943 3660 non
967 3603 1149 3661 veniat
1175 3603 1360 3661 anima
1381 3619 1521 3670 mea,
1534 3603 1668 3662 dicit
1690 3604 1944 3672 sacoma,
1968 3603 2169 3669 Gene3‚
2200 3604 2409 3676 penult.
2429 3611 2483 3663 6.

473 3683 629 3744 Unde
667 3703 858 3747 eorum
897 3692 1196 3750 crudelitas
1226 3708 1331 3749 non
1370 3693 1535 3750 debet
1564 3693 1798 3766 amplius
1828 3692 2070 3749 tolerari.
2100 3693 2173 3749 Ut
2214 3693 2363 3749 enim
2396 3695 2487 3750 di-

475 3772 620 3830 citur
672 3775 869 3833 Esther
915 3793 1024 3849 vn,
1069 3782 1149 3837 l:
1189 3779 1411 3840 Traditi
1450 3797 1631 3841 sumas
1679 3798 1769 3855 eqo
1813 3789 1866 3840 ct
1906 3783 2137 3856 populus
2180 3799 2346 3850 meus,
2392 3801 2488 3856 per

474 3873 669 3923 eorum
707 3863 919 3924 scilicet
943 3882 1206 3940 perversa
1229 3869 1476 3940 consilia,
1506 3877 1573 3930 ut
1602 3877 1964 3943 conteramur,
1996 3879 2049 3932 et
2077 3869 2411 3946 jugulemur,
2436 3879 2487 3932 et
