2784 4392
453 224 574 285 298
931 245 983 288 s.
1027 244 1262 291 ‘raonis
1304 244 1632 294 Aoumms
1674 242 1981 289 croscum

457 366 511 413 et
535 358 684 425 muli,
718 358 854 415 asini
883 366 938 415 et
963 360 1155 416 cameli
1183 361 1252 416 ad
1282 361 1500 417 diversa
1525 360 1829 417 ministeria
1857 357 2127 432 deputati,
2159 356 2469 415 secuudum

389 438 394 441 ’
454 447 637 505 varias
661 450 1083 505 consuetudines
1112 450 1413 521 regionum.
1432 450 1636 505 Horum
1668 449 1836 519 igitur
1860 446 2100 505 omnium
2131 464 2226 505 rex
2244 448 2467 519 copiam

457 535 655 593 habere
689 537 870 603 debet,
898 545 1164 613 quantum
1195 540 1373 595 eidem
1404 545 1487 594 est
1530 537 1803 610 possibile,
1834 539 1952 596 sive
1996 538 2063 593 de
2092 536 2469 594 animantibus

457 625 735 697 deputatis
759 627 828 681 ad
868 643 1039 699 esum,
1071 630 1186 682 sive
1225 628 1290 683 ad
1322 626 1709 695 ministerium,
1740 633 1797 682 et
1833 632 2055 699 propter
2096 640 2319 683 causam
2342 627 2466 698 jam

457 711 660 769 dictam
690 715 759 769 de
783 714 903 771 aliis
931 715 1138 771 divitiis
1166 716 1541 785 naturalibus;
1570 716 1699 789 quia
1748 730 1835 771 res
1876 713 2115 787 propriae
2155 714 2466 770 delectabi-

458 800 619 859 liores
644 812 792 872 sunt,
827 810 884 858 ιη
909 805 1158 877 superius
1195 812 1279 861 est
1321 811 1622 871 ostensum,
1651 811 1706 859 et
1751 811 1904 861 tanto
1942 803 2082 875 plus,
2112 811 2317 877 quanto
2338 802 2463 875 plus

458 890 660 947 habent
686 894 752 947 de
784 894 992 949 ratione
1021 894 1171 961 vitae,
1193 894 1349 950 *unde
1372 893 1547 965 magis
1570 893 1931 950 accedunt-ad
1962 892 2206 948 divinam
2238 893 2465 949 assimi-

460 979 737 1053 lationem,
771 997 896 1053 quae
923 990 1007 1039 est
1034 985 1210 1055 major
1235 998 1405 1041 causa
1433 982 1659 1039 amoris·

528 1068 721 1125 Adhuc
750 1070 874 1126 aliae
897 1079 1023 1127 sunt
1053 1088 1235 1128 causae
1263 1073 1317 1127 in
1348 1071 1647 1144 praedictis,
1675 1076 1897 1144 propter
1928 1088 2066 1144 quas
2094 1071 2313 1145 expedit
2342 1071 2489 1142 regi·

460 1158 592 1236 ipsis
622 1158 899 1215 abundare
939 1167 1000 1213 ut
1044 1160 1295 1232 propriis·
1328 1162 1512 1216 Primo
1557 1167 1739 1219 autem
1781 1159 1849 1215 ad
1886 1160 1992 1216 hoc
2035 1167 2217 1219 movet
2264 1166 2460 1215 natura

460 1262 583 1319 quae
606 1245 909 1303 delectatur
947 1264 1012 1303 ex
1041 1264 1140 1303 suo
1183 1264 1364 1321 opere,
1399 1248 1530 1304 dum
1566 1248 1877 1306 considerat
1914 1250 1968 1304 in
1994 1251 2073 1305 eis
2102 1264 2302 1305 novum
2326 1264 2463 1305 con-

463 1336 611 1390 tinue
639 1336 859 1391 modum
886 1338 1201 1409 procedenti
1229 1337 1283 1392 in
1311 1338 1427 1393 suis
1456 1337 1689 1403 actibuS,
1722 1338 1837 1394 sive
1880 1337 1934 1392 in
1980 1337 2229 1402 vivendo,
2262 1337 2377 1391 sive
2406 1337 2460 1390 in

461 1425 787 1497 generandO,
821 1426 936 1483 sive
974 1426 1027 1481 in
1073 1427 1445 1499 parturiendo,
1476 1443 1540 1482 ex
1580 1427 1779 1501 quibus
1825 1428 2104 1498 consurgit
2140 1427 2194 1480 in
2227 1425 2459 1481 dominis

463 1514 770 1582 admiratio,
799 1521 854 1569 et
880 1532 945 1569 ex
971 1515 1330 1572 admiratione
1358 1516 1674 1571 delectatio.
1704 1516 1861 1585 Quod
1887 1523 2072 1571 autem
2096 1514 2357 1571 nutritiva
2388 1516 2461 1571 sit

461 1619 626 1671 causa
673 1604 982 1661 dilectionis
1029 1602 1082 1659 et
1138 1620 1234 1677 per
1281 1621 1623 1680 consequens
1676 1599 2072 1671 delectationiS‚
2126 1611 2350 1677 apparet
2405 1604 2459 1658 in

463 1691 632 1749 Exod.
665 1694 720 1748 in
753 1692 861 1749 filia
891 1694 1206 1764 PharaoniS,
1238 1710 1363 1768 quae
1395 1696 1616 1768 Moysen
1648 1694 1842 1751 nutriri
1882 1693 2032 1761 fecit,
2064 1702 2119 1750 et
2144 1700 2331 1765 postea
2358 1693 2464 1748 ibi-

462 1784 586 1838 dem
610 1784 974 1855 subjungitur,
1007 1783 1150 1856 quod
1181 1791 1305 1857 post
1338 1785 1690 1839 nutritionem
1723 1784 1901 1855 ipsum
1931 1783 2033 1839 sibi
2082 1783 2363 1855 adoptavit
2409 1782 2461 1838 in

464 1872 652 1927 filium.
702 1872 821 1941 Qua
873 1872 1084 1949 ratione
1125 1873 1261 1927 dicit
1312 1873 1573 1929 Dominus
1617 1874 1671 1927 in
1720 1872 1897 1933 Osrae,
1926 1888 2008 1937 xt,
2037 1876 2069 1926 3
2113 1872 2273 1945 3E90
2310 1872 2465 1943 quasi

463 1962 705 2017 metricus
733 1960 1022 2033 Ephraim,
1049 1961 1103 2015 in
1127 1960 1232 2016 hoc
1263 1960 1547 2017 insinuans
1593 1976 1752 2016 suum
1786 1962 2041 2017 affectum
2084 1962 2153 2017 ad
2180 1961 2459 2033 populum.

377 2040 382 2045 ’
531 2049 777 2120 Amplius
816 2056 998 2105 autem
1037 2056 1093 2105 et
1135 2049 1374 2122 ipsorum
1416 2058 1680 2107 venatura
1715 2050 1830 2108 sive
1866 2050 2219 2123 sylvestrium
2250 2050 2465 2105 anima·

465 2136 614 2202 lium,
642 2138 758 2192 sive
795 2128 1044 2207 aliorum,
1079 2154 1176 2211 pro
1223 2138 1421 2212 quibus
1462 2154 1522 2193 se
1568 2138 1838 2213 principes
1881 2146 1936 2193 et
1978 2154 2133 2209 reges
2166 2140 2465 2212 gymnasiis

464 2234 758 2297 exponunt,
789 2234 843 2283 et
873 2228 1011 2285 filios
1051 2243 1178 2284 suos
1219 2228 1568 2294 submittunt,
1596 2227 1743 2283 valet
1782 2228 1848 2284 acl
1880 2228 2041 2283 robur
2073 2227 2461 2299 acquirendum

464 2315 726 2385 corporis,
755 2321 809 2369 et
847 2313 1281 2375 conservandum
1313 2298 1627 2381 sanitatem,
1657 2320 1712 2371 et
1743 2314 1923 2371 cordis
1972 2315 2325 2385 vigorandam
2351 2315 2467 2370 vir-

469 2410 658 2470 tutem,
693 2405 736 2460 si
789 2411 1090 2475 temperate
1123 2412 1366 2473 utantur,
1400 2409 1473 2459 ut‘
1500 2403 1854 2475 Philosophus
1900 2402 2071 2459 tradit
2106 2404 2163 2460 in
2208 2402 2381 2459 Echio.
2412 2410 2466 2459 et

467 2492 568 2563 hoc
591 2508 714 2549 cum
742 2494 794 2548 in
825 2510 955 2566 pace
996 2496 1285 2569 quiescunt
1319 2493 1388 2549 ab
1416 2493 1777 2558 hostibus,'ut
1821 2492 1997 2549 solent
2031 2508 2187 2565 reges
2223 2492 2467 2549 Franciae
2556 2500 2565 2513 '

465 2591 520 2635 et
561 2582 767 2653 Angliae
808 2580 1005 2637 talibus
1044 2584 1144 2650 uti,
1175 2590 1228 2639 et
1271 2589 1332 2637 ut
1374 2582 1441 2638 de
1488 2582 1780 2645 Germanis
1831 2581 1885 2635 in
1924 2581 2095 2652 gestis
2134 2581 2464 2636 Francorum

465 2670 652 2723 scribit
683 2671 1016 2725 Ammonius,
1426 2658 1447 2687 ²

541 2758 743 2811 Rursus
771 2758 1082 2829 equitatura
1113 2758 1182 2813 ad
1213 2757 1315 2813 hoc
1337 2758 1481 2813 idem
1507 2766 1777 2830 movetur,
1802 2775 1910 2834 qua
1940 2774 2096 2831 reges
2125 2775 2243 2814 esse
2269 2758 2469 2816 debent

468 2845 640 2897 ornati
687 2844 754 2897 ad
785 2844 1035 2899 decorem
1070 2847 1220 2917 regni
1251 2854 1305 2902 et
1335 2847 1801 2917 ejusdemcontra
1850 2848 2033 2903 hostes
2072 2848 2466 2919 defensionem,

467 2931 534 2987 ad
567 2932 708 3003 quod
755 2932 993 3002 aptiores
1035 2934 1337 3005 redduntur
1373 2942 1431 2989 ct
1474 2936 1839 3007 expeditiores
1882 2936 1931 2991 si
1974 2938 2189 3010 propria
2234 2938 2467 2993 habeant

469 3036 730 3094 equorum
773 3030 1038 3089 armenta,
1069 3031 1127 3078 ut
1169 3039 1286 3079 mos
1329 3032 1413 3081 est
1455 3026 1674 3097 regibus
1711 3041 1777 3081 ac
1823 3026 2159 3099 principibus
2190 3025 2468 3097 Orientis;

468 3111 926 3183 quemadmodum
954 3111 1105 3169 etde
1143 3113 1430 3184 Salomone
1470 3114 1727 3170 scribitur
1760 3116 1811 3170 in
1850 3116 1923 3171 ΠΙ
1958 3116 2091 3187 Reg.
2122 3131 2199 3181 ιν,
2228 3115 2371 3187 quod
2413 3116 2465 3171 in

467 3216 565 3256 sua
591 3199 790 3255 florens
812 3204 1172 3275 prosperitate
1193 3201 1425 3259 habebat
1442 3204 1807 3275 quadraginta
1835 3203 1998 3258 millia
2027 3205 2291 3275 praesepia
2310 3219 2471 3275 equo-

469 3304 589 3345 rum
618 3289 908 3358 curalium‚
933 3297 986 3359 et
1013 3290 1265 3347 undecim
1290 3292 1458 3347 millia
1490 3307 1755 3363 equorum
1785 3292 2140 3365 equestrium,
2169 3308 2307 3364 quos
2334 3307 2467 3348 cus-

471 3379 752 3447 todiebant
775 3379 1075 3454 supradicti
1094 3381 1236 3451 regis
1265 3379 1533 3451 praefecti.

543 3468 808 3524 Praeterea
851 3469 896 3523 si
939 3467 1006 3523 de
1041 3468 1411 3524 animantibus
1448 3477 1645 3545 agatur
1688 3485 1811 3541 quae
1844 3470 2168 3527 ordinantur
2194 3470 2261 3525 ad
2294 3486 2463 3534 esum,

470 3557 648 3613 adhuc
679 3557 850 3627 magis
876 3558 1136 3629 competit
1162 3556 1363 3613 habere
1391 3558 1610 3631 propria
1636 3559 1750 3613 sive
1778 3559 2174 3632 quadrupedia,
2202 3559 2319 3627 sive
2344 3574 2471 3630 rep-

474 3644 606 3707 tilia,
639 3644 692 3699 id
724 3652 803 3699 cst
831 3644 1022 3717 pisceS,
1053 3647 1183 3718 quia
1213 3647 1464 3705 omnibus
1492 3648 1576 3703 his
1604 3646 2171 3725 homodelectabilius
2202 3647 2375 3702 utitur
2404 3664 2469 3701 ex

476 3732 577 3813 lioc
605 3732 750 3803 quod
783 3732 973 3789 molins
1012 3735 1325 3791 nutriuntur
1363 3743 1417 3791 et
1451 3738 1663 3808 aptiora
1693 3736 2000 3797 efficiuntur
2046 3736 2114 3792 ad
2152 3752 2323 3801 esum,
2356 3742 2469 3791 tum

487 3823 616 3895 quia
646 3838 703 3878 re
726 3824 944 3895 cognita
957 3824 1012 3881 in
1033 3824 1234 3897 utendo
1253 3825 1426 3895 magis
1445 3826 1768 3898 gaudemus»,
1800 3835 1917 3885 tum
1942 3826 2107 3885 etiam
2137 3824 2268 3899 quia
2310 3840 2473 3883 secu-
