2784 4392
860 239 976 288 ιν,
1001 255 1082 272 -
1105 217 1188 286 bn
1227 239 1533 286 nummus
1569 205 1911 288 mancipum
2267 224 2391 288 269

383 357 664 426 reddatur,
689 358 1360 416 secundum-sententiam
1398 358 1553 415 Fabii
1594 354 1887 416 dicentis:
1931 378 1957 412 «
2004 358 2249 417 Gloriam
2290 361 2385 434 qui

382 447 668 522 spreverit,
697 444 884 505 veram
917 445 1158 518 habebit,
1191 467 1218 502 ³>
1243 453 1300 504 et
1337 447 1408 504 de
1450 449 1655 505 Catone
1700 449 1839 506 dixit
1863 448 2131 505 Salustius
2163 467 2177 504 ε
2206 469 2233 504 α
2267 449 2465 526 Quod„
2528 501 2535 509 .

381 538 562 596 minus
591 537 811 611 petebat
836 537 1086 609 gloriam,
1115 543 1269 594 tanto
1293 538 1471 609 magis
1500 538 1893 611 assequebatur
1923 537 2089 606 illam,
2115 558 2140 590 12
2172 539 2385 613 ipsique

329 639 336 644 '
381 627 580 690 Christi
609 625 862 698 discipuli
890 641 949 682 se
977 627 1122 682 sicut
1148 627 1249 682 Dei
1279 627 1559 683 ministros
1583 619 1910 682 exhibebant
1940 643 2035 700 per
2074 626 2303 698 gloriam
2332 635 2387 683 et

381 715 799 790 ignobilitatem,
832 731 927 788 per
953 714 1233 770 infamiam
1259 721 1313 770 et
1337 715 1534 770 bonam
1562 716 1781 771 famam.
1810 717 1928 772 Non
1954 722 2038 771 est
2065 717 2232 786 igitur
2261 718 2385 773 boni

381 805 484 860 viri
509 805 839 860 conveniens
863 803 1146 876 praemium
1173 803 1363 873 gloria,
1394 820 1561 875 quam
1584 811 1940 860 contemnunt
1968 803 2117 860 boni.
2139 807 2193 862 Si
2222 807 2389 877 igitur

381 893 484 950 hoc
507 893 682 949 solum
709 892 912 947 bonum
939 897 1214 947 statuatur
1237 893 1525 964 praemium
1554 893 1909 966 principibu3‚
1928 902 2190 967 sequetur
2218 895 2389 951 bonos

379 981 530 1039 viros
572 995 679 1034 non
727 993 1002 1053 assumere
1045 979 1433 1051 principatum,
1478 987 1574 1034 aut
1618 981 1663 1035 si
1712 974 2125 1053 assumpserint,
2160 981 2387 1052 imprae-

382 1067 584 1124 miatos
616 1081 756 1122 esse.
784 1065 1032 1138 Amplius
1072 1081 1138 1121 ex
1185 1067 1441 1138 cupidine
1482 1067 1672 1139 gloriae
1718 1068 2021 1141 periculosa
2066 1068 2211 1124 mala
2254 1085 2387 1141 pro-

382 1157 627 1213 veniunt.

450 1245 604 1301 Multi
625 1244 772 1300 enim
799 1244 929 1300 dum
959 1242 1318 1300 immoderate
1342 1243 1573 1316 gloriam
1602 1245 1656 1301 in
1684 1247 1845 1302 rebus
1869 1245 2079 1303 bellicis
2110 1253 2381 1319 quaerunt,

381 1351 440 1392 se
470 1333 571 1389 hac
598 1349 726 1389 suos
760 1333 1112 1407 perdiderunt
1137 1334 1431 1400 exercitu3‚
1450 1333 1702 1391 libertate
1725 1336 1919 1408 patriae
1946 1335 2047 1392 sub
2069 1334 2254 1391 hostili
2284 1353 2385 1414 po-

383 1431 582 1480 testate
605 1423 830 1479 redacta
871 1439 886 1478 z
917 1422 1061 1478 unde
1099 1423 1411 1495 Torquatus
1452 1424 1729 1480 Romanus
1765 1425 2017 1496 princeps
2056 1425 2111 1478 in
2140 1425 2386 1500 exemplo

378 1501 1159 1584 miserimini&
1185 1510 1356 1566 filium
1389 1512 1484 1584 qui
1518 1521 1705 1566 contra
1750 1512 2039 1584 imperium
2072 1528 2233 1568 suum
2256 1529 2387 1585 pro·

384 1606 611 1656 vocatus
640 1599 708 1654 ab
735 1599 889 1653 hoste
922 1599 1150 1669 juvenili
1179 1599 1373 1654 ardore
1400 1601 1681 1670 pugnavit,
1713 1599 1839 1654 licet
1883 1600 2124 1666 vicisset,
2163 1601 2383 1669 occidit,

382 1707 450 1744 no
483 1688 606 1761 plus
643 1687 770 1742 mali
801 1692 946 1742 esset
983 1687 1040 1741 in
1069 1687 1511 1758 praesumptionis
1553 1688 1818 1759 exemplo,
1848 1705 2013 1761 quam
2044 1689 2301 1746 utilitatis
2332 1691 2395 1753 in,

382 1779 555 1850 gloria
582 1777 756 1832 hostis
787 1775 974 1831 occisi.
1005 1775 1183 1833 Habet
1226 1775 1391 1831 etiam
1430 1777 1625 1848 cupido
1668 1777 1856 1848 gloriae
1886 1777 2033 1834 aliud
2080 1777 2183 1834 sibi
2223 1779 2391 1836 sami·-

385 1867 517 1923 liare
545 1866 762 1934 vitium,
795 1863 1197 1921 simulationem
1227 1863 1499 1927 videlicet.
1529 1864 1669 1934 Quia
1696 1865 2217 1934 enimdiffic-ile‘est,
2247 1885 2391 1940 pau-

383 1955 569 2029 cisque
602 1953 872 2026 contingit
898 1969 1057 2010 veras
1091 1954 1322 2008 virtutes
1347 1955 1585 2028 assequi,
1616 1955 1813 2027 quibus
1848 1955 1977 2011 solis
2010 1955 2183 2011 honor
2216 1957 2389 2014 debe-

385 2055 490 2111 tur,
518 2045 676 2102 multi
703 2043 933 2116 gloriam
957 2042 1262 2114 cupienteS,
1295 2043 1564 2099 virtutum
1598 2035 1943 2106 simulatores
1973 2045 2128 2100 fiunt.
2161 2047 2389 2119 Propter

383 2135 530 2206 quod
555 2134 697 2188 sicut
725 2131 860 2187 dicit
885 2130 1153 2187 Salustius
1185 2147 1198 2185 :
1233 2151 1258 2183 «
1291 2131 1532 2187 Ambitio
1564 2121 1772 2189 multos
1793 2134 2051 2190 mortales
2081 2135 2247 2192 falsos
2272 2137 2390 2193 fieri

383 2220 584 2292 coegit.
631 2219 805 2276 ‘Aliud
847 2218 1094 2274 clausum
1116 2219 1194 2274 'in
1243 2226 1486 2292 pectore,
1534 2220 1681 2276 aliud
1720 2229 2030 2294 promptum
2084 2225 2283 2281 habere
2332 2227 2389 2282 in

385 2309 592 2382 lingua,
621 2308 908 2380 magisque
938 2307 1146 2362 vultum
1174 2323 1339 2379 quam
1369 2307 1647 2379 ingenium
1666 2309 1885 2366 habere.
1903 2310 2053 2368 »Sed
2073 2313 2390 2370 etSalvator

384 2406 570 2456 noster
607 2413 701 2454 eos
729 2397 824 2470 qui
863 2396 1004 2452 bona
1052 2411 1217 2469 opera
1255 2395 1483 2464 faciunt,
1504 2404 1565 2453 ut
1612 2398 1681 2453 ab
1721 2398 2030 2456 hominibus
2077 2401 2385 2471 videantur,

382 2485 716 2562 hypocritaS‚
752 2483 809 2541 id
854 2490 938 2540 est
984 2483 1350 2550 simulatore5‚
1401 2491 1585 2542 vocat.
1612 2486 1765 2543 Sicut
1812 2487 1977 2557 igitur
2023 2488 2389 2562 periculosum

341 2571 346 2574 ’
385 2583 468 2631 est
503 2573 859 2641 multitudini,
907 2573 952 2628 si
990 2573 1245 2646 princeps
1280 2573 1592 2646 voluptates
1634 2581 1691 2630 et
1746 2575 1975 2632 divitias
2024 2586 2235 2649 quaerat
2292 2595 2389 2652 pro

384 2666 628 2737 praemio,
653 2681 720 2719 ne
747 2669 933 2737 raptor
958 2672 1014 2719 et
1042 2661 1468 2721 contumeliosus
1496 2664 1611 2732 fiat,
1638 2666 1714 2720 ita
1749 2665 2113 2738 periculosum
2152 2673 2234 2723 est
2264 2686 2389 2733 cum

385 2754 660 2810 detinetur
687 2754 876 2824 gloriae
901 2751 1146 2826 praemio,
1175 2769 1242 2808 ne
1272 2745 1740 2826 praesumptuosus
1762 2760 1820 2810 et
1852 2755 2137 2814 simulator
2166 2759 2387 2814 existat.

265 2821 392 2903 A
386 2841 490 2898 Sed
518 2848 784 2913 quantum
808 2857 874 2895 ex
900 2841 1172 2896 dictorum
1209 2843 1538 2914 sapientium
1580 2843 1880 2901 intentione
1924 2851 2150 2920 apparet
2178 2863 2288 2904 non
2325 2864 2392 2904 ea

382 2923 598 2987 'ratione
617 2929 876 2984 honorem
900 2936 954 2984 et
979 2929 1206 3000 gloriam
1233 2947 1328 3001 pro
1353 2932 1579 3004 praemio
1612 2933 1843 3006 principi
1873 2935 2233 2993 decreverunt
2265 2943 2393 2993 tan-

389 3033 554 3092 quam
584 3017 652 3073 ad
691 3017 793 3071 hoc
822 3016 1194 3089 principaliter
1234 3017 1364 3074 ferri
1406 3018 1603 3075 debeat
1648 3020 1774 3077 boni
1817 3024 1961 3093 regis
2008 2993 2391 3093 intentiotssed

387 3107 517 3180 quia
545 3105 880 3163 tolerabilius
910 3113 993 3160 est
1022 3104 1067 3159 si
1097 3105 1324 3176 gloriam
1351 3113 1765 3180 quaerat‚quam
1792 3110 1837 3164 si
1866 3112 2151 3182 pecuniam
2182 3113 2387 3183 cupiat,

389 3195 472 3255 vel
510 3194 848 3267 voluptatem
883 3199 1168 3267 sequatur.
1191 3193 1330 3264 ,Hoc
1366 3197 1513 3252 enim
1564 3195 1760 3253 vitium
1798 3197 2011 3254 virtuti.
2033 3200 2393 3271 propinquius

388 3287 492 3350 est,
516 3297 640 3338 cum
669 3281 841 3354 gloria
879 3297 1044 3354 quam
1071 3282 1318 3338 homines
1359 3284 1607 3356 cupiunt,
1636 3293 1699 3342 ut
1746 3286 1829 3342 ait
1874 3288 2228 3358 Augustinus,
2258 3288 2392 3344 nihil

389 3372 536 3429 aliud
563 3371 655 3436 sit,
687 3385 853 3443 quam
890 3371 1159 3441 judicium
1197 3371 1475 3428 bominum
1520 3372 1657 3430 bene
1699 3373 1767 3430 de
1804 3375 2113 3432 hominibus
2159 3378 2392 3450 opinan-

390 3460 547 3517 tium.
581 3459 788 3531 Cupido
817 3460 964 3514 enim
991 3459 1180 3531 gloriae
1201 3459 1421 3532 aliquod
1460 3460 1624 3517 habet
1664 3462 1886 3519 virtutis
1922 3466 2234 3537 vestigium,
2263 3468 2395 3525 dum

388 3551 583 3608 saltem
612 3549 879 3604 bonorum
907 3548 1358 3620 approbationem
1385 3551 1603 3622 quaerit,
1638 3557 1694 3606 et
1722 3553 1801 3606 eis
1830 3552 2120 3626 displicere
2150 3563 2391 3613 recusat.

387 3640 584 3696 Paucis
612 3639 777 3710 igitur
801 3637 871 3692 ad
900 3653 1085 3694 veram
1115 3637 1376 3694 virtutem
1404 3638 1847 3711 pervenientibus
1872 3643 2207 3702 tolerabilius
2236 3646 2397 3702 vide-

389 3735 498 3795 tur,
527 3729 574 3784 si
615 3727 938 3802 praeferatur
980 3727 1049 3783 ad
1093 3726 1334 3798 regimen
1377 3729 1472 3801 qui
1519 3723 1604 3787 uel
1637 3729 1907 3804 judicium
1946 3731 2228 3794 hominum
2272 3749 2397 3793 me-

391 3825 568 3890 tuens,
599 3833 633 3881 a
657 3815 815 3877 malis
838 3815 1143 3878 manifestis
1167 3814 1485 3892 retrahitur.

380 3909 388 3942 ξ
1420 3903 1429 3914 .
