2784 4392
739 268 848 313 xv,
877 284 958 299 —
984 268 1062 312 na
1103 268 1407 313 memma
1449 268 1786 313 umncxeun
2150 250 2270 313 385

263 382 309 438 εἰ
334 382 498 439 rebus
525 382 734 439 bellicis
761 380 1091 448 deputentur
1120 389 1342 455 propter
1365 366 1707 441 ‘incentivum
1740 382 2002 452 libidinis,
2033 386 2177 457 quod
2213 385 2267 440 in

263 468 345 523 eis
368 478 472 536 est,
504 476 560 525 et
585 477 836 541 respectu
859 468 964 535 sui,
993 476 1048 547 et
1076 485 1144 525 ex
1168 470 1445 527 consortio
1475 471 1575 526 viri
1598 488 1612 540 3
1641 478 1862 543 propter
1886 472 2033 545 quod
2072 482 2270 529 natura

266 556 480 613 mulieri
509 557 682 613 multa
719 557 889 613 fraena
920 557 1179 630 providit,
1211 566 1272 613 ut
1301 567 1384 614 est
1414 559 1763 628 verecundia,
1798 576 1922 632 quae
1958 569 2041 617 est
2073 563 2272 633 praeci-

263 662 432 715 puum
461 646 736 701 vinculum
771 648 907 717 ejuS,
942 652 1002 701 ut
1037 646 1403 719 Hieronymus
1428 648 1617 703 scribit
1648 648 1713 703 ad
1745 648 2069 705 Cellantiam
2098 651 2271 720 virgi-

263 752 407 803 nem,
455 735 654 791 talares
699 744 899 799 vesteS,
947 733 1180 790 annulus
1226 734 1285 790 in
1311 736 1504 808 digito,
1546 737 1783 791 servitus
1831 738 1955 793 viri.
1986 739 2077 794 Sic
2124 739 2269 793 enim

263 825 542 897 Scriptura
585 838 742 897 sacra
788 813 1065 897 testatur:
1096 823 1360 888 Quoniam
1395 824 1495 880 sub
1525 825 1640 879 viri
1685 833 1941 897 potestate
1988 827 2115 893 eri-s,
2148 828 2269 883 bel-

263 913 384 969 licis
434 919 617 971 autem
675 912 837 969 rebus
887 912 1171 991 intendere
1222 914 1276 969 iu
1320 913 1599 993 republica
1646 913 1957 971 libertatem
2005 923 2264 982 meretur,

263 1002 406 1058 unde
449 1009 506 1057 ει
551 1000 814 1081 militibus
848 1002 976 1072 jura
1021 1001 1266 1072 gentium
1317 1001 1583 1074 speciales
1630 1003 1813 1075 apices
1859 1003 2265 1076 privilegiorum

265 1090 590 1148 concedunt.
953 1102 959 1109 ·
1049 1159 1056 1167 ⁸
1123 1104 1129 1151 j
1524 1091 1539 1122 ⁹
1597 1139 1602 1148 .

330 1178 486 1255 Quod
514 1186 697 1235 autem
727 1177 888 1234 tertio
913 1177 1168 1249 objicitur
1206 1194 1371 1250 super
1402 1178 1547 1235 idem
1575 1179 1815 1235 medium
1843 1180 1912 1237 de
1940 1181 2263 1239 fortitudine

259 1268 330 1325 ad
359 1267 688 1333 bellandum,
721 1264 901 1321 locum
929 1265 1173 1334 haberet,
1205 1265 1252 1321 si
1281 1266 1397 1322 sola
1427 1266 1691 1323 fortitudo
1720 1275 1865 1325 esset
1892 1284 2057 1326 causa
2084 1272 2264 1328 victo-

261 1358 377 1421 riae,
421 1362 476 1411 et
516 1354 768 1428 aptitudo
811 1354 1178 1411 membrorum
1205 1361 1350 1411 esset
1393 1356 1450 1411 iu
1496 1355 1735 1413 soeminis
1782 1357 1851 1413 ad
1883 1360 2255 1431 pugnandum,

260 1446 402 1501 sicut
423 1445 482 1499 in
504 1443 656 1511 viriS,
675 1444 831 1514 cujus
857 1442 1192 1499 contrarium
1223 1448 1306 1497 est
1336 1442 1644 1514 probatum.
1676 1444 1745 1499 Et
1776 1450 2041 1516 praetere-a
2067 1453 2261 1503 natura

259 1532 618 1601 mulierisest
645 1546 679 1587 a
703 1532 824 1588 viro
848 1530 982 1602 pati,
1011 1536 1068 1584 et
1095 1544 1202 1585 non
1229 1544 1392 1601 agere
1415 1545 1691 1601 ;pugnare
1728 1539 1911 1587 autem
1942 1548 2153 1589 summa
2180 1544 2257 1589 est

259 1621 426 1688 actio,
457 1634 586 1676 cum
624 1619 697 1675 sit
725 1624 881 1674 actus
909 1618 1266 1685 fortitudinis,
1294 1617 1388 1689 qui
1428 1618 1593 1685 solus,
1625 1619 1673 1673 si
1714 1618 2061 1675 laudabiliter
2099 1637 2261 1677 exer-

258 1717 468 1776 ceatur,
497 1711 737 1765 meretur
760 1720 1038 1761 coronam.
1423 1731 1426 1737 -

293 1797 632 1855 'Dicendum
673 1804 756 1852 est
797 1810 927 1866 ergo
967 1793 1308 1866 simpliciter,
1343 1794 1625 1851 mulierem
1668 1810 1776 1851 non
1824 1796 2027 1853 debere
2061 1801 2257 1871 exponi

257 1888 468 1945 bellicis
491 1886 671 1950 rebuS,
689 1884 788 1941 sed
815 1884 872 1938 in
895 1882 1056 1938 domo
1085 1882 1387 1955 quiescere,
1416 1898 1605 1939 curam
1633 1898 1823 1955 gerere
1848 1886 1925 1941 rei
1951 1884 2255 1957 familiaris,

260 1984 321 2034 ut
348 1978 556 2035 dictum
580 1982 664 2031 est
688 1989 891 2045 supra:
925 1972 1066 2028 unde
1089 1977 1146 2028 et
1174 1970 1230 2027 in
1255 1969 1360 2029 hoc
1381 1972 1635 2037 Salomon
1667 1973 1721 2027 in
1748 1972 1855 2029 fine
1884 1975 2065 2041 Prov„
2098 1976 2259 2033 forti-

259 2067 506 2125 tudinem
533 2063 777 2120 mulieris
809 2061 1187 2141 commendat,
1209 2060 1447 2133 speciale
1464 2061 1545 2127 ,de
1587 2061 1705 2133 ipsa
1746 2076 2077 2135 componens
2114 2066 2260 2121 Can-
2323 2055 2325 2057 ’

261 2158 450 2225 ticum,
495 2154 600 2210 sub
639 2151 858 2215 litteris·
887 2148 1130 2205 hebraici
1171 2147 1475 2219 alphabeti,
1502 2157 1785 2205 actotum
1832 2151 1981 2209 circa
2029 2170 2151 2209 eam
2190 2156 2258 2211 ad
2310 2208 2314 2211 .

259 2243 616 2301 domesticam
643 2238 883 2295 reserens
919 2237 1214 2293 actionem.
1251 2236 1553 2295 Mulierem,
1584 2237 1781 2308 inquit,
1805 2238 2002 2309 sortem
2026 2242 2143 2311 quis
2166 2244 2257 2299 in-

257 2330 476 2399 veniet?
499 2328 690 2387 Procul
715 2335 771 2385 et
805 2326 876 2383 de
917 2325 1124 2380 ultimis
1151 2324 1349 2380 finibus
1392 2325 1627 2397 pretium
1656 2327 1792 2397 ejuS,
1834 2329 1992 2399 quasi
2029 2330 2257 2387 multum

259 2424 332 2481 sit
361 2418 678 2481 reverenda,
707 2416 753 2471 si
775 2414 990 2480 habeat,
1012 2428 1139 2485 quae
1167 2422 1470 2486 sequuntur
1494 2430 1506 2466 :
1532 2416 1675 2469 unde
1699 2415 1874 2485 primo
1900 2418 2053 2487 ponit
2084 2426 2257 2477 artem

252 2508 445 2567 'filandi
475 2523 492 2562 ε
523 2502 1026 2574 Ωιιιεεὶυίι,,ἰηᾳυίι,
1058 2502 1240 2556 lanam
1269 2508 1321 2557 et
1356 2500 1548 2567 linum,
1587 2508 1636 2556 et
1670 2491 1893 2573 operata
1928 2510 2005 2558 est
2042 2506 2257 2560 conc-ilio

249 2613 518 2665 manuum
544 2610 790 2657 suarum,
828 2607 925 2663 per
965 2595 1068 2646 hoc
1097 2589 1286 2648 volens
1315 2588 1622 2655 ostendere,
1656 2589 1803 2661 quod
1831 2590 1978 2645 istud
2002 2590 2091 2646 sit
2128 2609 2258 2665 pro-

259 2690 657 2763 priumvearum
699 2682 967 2749 officium;
999 2687 1219 2753 propter
1267 2678 1414 2752 quod
1452 2684 1507 2733 et
1550 2677 1603 2731 in
1648 2678 1819 2749 gestis
1862 2678 2039 2735 Caroli
2078 2682 2257 2752 Magni

261 2775 538 2841 scribitur,
583 2772 731 2846 qood
778 2770 992 2827 filiabus
1035 2769 1152 2823 suis
1195 2784 1334 2840 quas
1381 2768 1573 2822 intime
1618 2766 1828 2836 dilexit,
1879 2766 1999 2823 colo
2040 2777 2095 2825 et
2138 2770 2258 2827 fuso

257 2863 543 2923 ‘mandavit
571 2861 842 2925 insistere,
871 2865 926 2913 et
953 2871 1212 2929 operosas
1243 2871 1382 2912 esse.
1412 2854 1669 2925 Ulterius,
1689 2855 1941 2911 Salomon
1980 2857 2259 2930 subjungit

263 2954 401 3013 alios
441 2955 598 3007 actus
637 2946 900 3009 mulieris,
933 2945 1026 3017 qui
1065 2931 1373 3013 referuntur
1412 2943 1481 2998 ad
1525 2943 1883 2999 domesticam
1926 2944 2165 3016 domum,
2198 2956 2261 3003 ut

263 3048 349 3099 est
377 3040 612 3097 filiorum
636 3048 826 3091 curam
861 3031 1080 3097 habere,
1113 3028 1376 3084 familiam
1410 3031 1744 3101 dispensare,
1777 3031 2098 3089 sum-‚domui
2132 3052 2262 3105 pro-

267 3132 470 3197 videre,
505 3126 708 3185 amicos
733 3122 836 3179 viri
861 3120 946 3177 sui
986 3120 1272 3181 honorare,
1306 3131 1372 3171 ac
1410 3116 1655 3173 desectus
1694 3120 1811 3190 eJus
1836 3119 2105 3191 supplere,
2139 3140 2263 3195 quae

265 3228 391 3277 sunt
413 3216 650 3291 propriae
673 3210 1018 3283 operationes
1044 3205 1397 3277 conjugis,.et
1434 3204 1503 3261 ad
1540 3204 1682 3261 bona
1718 3206 2053 3263 matrimonii
2092 3209 2264 3281 perti·

264 3315 478 3375 nenteS,
498 3313 566 3361 *ut
593 3303 662 3359 de
687 3298 902 3371 Abigail
931 3310 1098 3353 uxore
1142 3292 1316 3349 Nabal
1346 3292 1579 3349 Carmeli
1616 3293 1895 3361 scribitur,
1924 3296 2068 3352 sicut
2113 3308 2266 3371 patet

265 3400 322 3455 in
349 3396 528 3465 lReg.
559 3390 663 3449 Sed
707 3391 838 3463 quia
868 3386 992 3442 talis
1025 3382 1336 3440 sollicitudo
1379 3381 1581 3437 multas
1612 3382 1773 3439 habet
1804 3384 2261 3455 perturbatione5‚

264 3494 326 3543 ut
368 3485 438 3539 de
478 3480 688 3538 Martha
716 3478 918 3534 dicitur
963 3474 1018 3529 in
1061 3474 1206 3529 Luca
1241 3470 1527 3536 :Martha,
1566 3470 1811 3537 Martha,
1838 3473 2067 3531 sollicita
2110 3493 2183 3541 es,
2213 3484 2267 3533 et

267 3572 507 3632 turbaris.
525 3586 653 3639 crya
673 3566 937 3641 plurima,
964 3578 1090 3619 cum
1111 3562 1242 3617 talia
1271 3561 1380 3615 sint
1410 3559 1686 3631 objectum
1714 3560 1935 3617 virtum
1958 3570 2013 3619 et
2042 3563 2268 3623 sortitu-

267 3664 412 3721 dinis
451 3680 472 3729 ε,
503 3660 628 3715 ideo
661 3657 841 3713 dictus
882 3648 1110 3725 Sapiens
1150 3648 1316 3705 talem
1357 3649 1642 3705 mulierem
1686 3649 1881 3705 sortem·
1925 3662 2106 3721 vocat,
2160 3671 2264 3712 uon

268 3752 490 3825 quidem
519 3744 838 3805 fortitudine
869 3742 940 3799 ad
965 3754 1132 3813 opera
1159 3737 1373 3804 bellica,
1402 3736 1499 3792 sed
1536 3736 1607 3793 ad
1636 3738 1902 3809 patientes
1954 3740 2269 3810 gubernan-

269 3839 396 3895 dam
419 3835 702 3903 familiam,
735 3839 796 3888 ut
818 3827 1070 3901 superius
1093 3832 1177 3881 est
1199 3832 1502 3880 ostensum.

741 3922 745 3925 ’
773 3946 824 3995 s,
855 3946 1012 3995 Tuon.
1046 3944 1135 3998 Ao.
1160 3942 1425 3990 oensem.
1446 3936 1609 3995 -·111.v
1634 3960 1697 3977 -
1717 3936 1779 3987 25
