2784 4392
1267 430 1428 513 XIII

521 611 901 696 CONTRA
965 614 1565 697 PESTIFERAM
1616 560 2176 709 DocTfflNAM

917 788 1443 905 RETRIAHE'NTIUM
1486 792 1774 902 ΗΟῌῙΝΕΒ

337 950 436 1051 A
530 939 1447 1092 RELIGIONIS
1547 954 2335 1069 INGRESSU

635 1157 704 1200 IN
746 1156 862 1206 Quo
905 1156 1198 1202 AUCTORIS
1240 1160 1529 1206 INTENTIO
1570 1164 2045 1214 MANIFESTATUR

940 1289 1086 1355 (Edit.
1125 1293 1254 1341 Rom.
1302 1298 1585 1355 opusculum
1615 1296 1753 1363 xvn.)

1140 1575 1423 1645 CAPUT
1477 1581 1530 1646 Ι.

1023 1704 1317 1772 Auctoris
1370 1710 1647 1776 intentio.

400 1836 726 1895 Christianae
749 1834 1026 1909 religionis
1053 1841 1390 1912 propositum
1423 1842 1477 1897 in
1517 1842 1619 1900 hoc
1648 1846 1923 1920 praecipue
1957 1834 2173 1909 videtur
2196 1869 2335 1911 con—

328 1925 543 1993 sistere,
572 1932 633 1981 ut
675 1940 708 1980 a
762 1926 991 1981 terrenis
1030 1926 1275 1983 homines
1323 1929 1625 1999 abstrahat,
1668 1940 1723 1989 et
1760 1935 2132 2007 spiritualibus
2170 1942 2336 1999 faciat

327 2029 446 2070 esse
484 2016 746 2070 intentos·
779 2014 919 2073 Hinc
947 2020 1050 2082 est,
1083 2016 1227 2087 quod
1260 2024 1451 2073 auctor
1479 2019 1626 2089 fidei,
1654 2028 1709 2077 et
1740 2038 2145 2085 consummator
2174 2017 2332 2087 Jesus

327 2103 382 2157 in
410 2102 555 2158 hunc
583 2101 846 2156 mundum
872 2103 1094 2157 veniens
1122 2105 1467 2162 saecularium
1492 2124 1675 2165 rerum
1706 2121 2077 2187 contemptum
2108 2126 2161 2173 et
2187 2118 2332 2176 sacto

326 2196 384 2245 et
410 2190 578 2245 verbo
616 2191 731 2245 suis
763 2190 1012 2245 fidelibus
1052 2192 1469 2250 demonstravit.
1506 2197 1673 2255 Facto
1704 2199 1995 2273 siquidem,
2028 2206 2155 2278 quia
2190 2210 2335 2265 sicut

325 2276 462 2333 dicit
499 2280 640 2347 Aug.
677 2277 730 2331 in
760 2276 853 2331 lib.
887 2276 956 2331 de
989 2278 1401 2337 Catechizandis
1434 2284 1677 2353 rudibuS,
1714 2288 1893 2345 omnia
1932 2290 2072 2349 bona
2112 2302 2331 2353 terrena

325 2364 654 2437 contempsit
673 2364 834 2422 homo
858 2365 1038 2421 factus
1061 2368 1323 2425 Dominus
1342 2371 1519 2439 Jesus,
1544 2378 1605 2429 ut
1634 2380 2027 2436 contemnenda
2055 2392 2329 2441 monstra-

324 2463 437 2523 ret;
465 2461 522 2510 et
545 2454 728 2510 omnia
756 2460 974 2511 terrena
995 2454 1137 2511 mala
1167 2458 1427 2515 sustInuit
1451 2476 1575 2531 quae
1602 2466 1920 2523 sustinenda
1950 2472 2328 2544 praecipiebat,

323 2548 384 2598 ut
435 2558 614 2615 neque
655 2541 712 2597 in
758 2540 866 2598 illis
911 2550 1252 2615 quaereretur
1277 2545 1535 2616 felicitas,
1565 2565 1743 2623 neque
1784 2553 1838 2608 in
1886 2557 2007 2613 istis
2038 2559 2329 2619 infelicitas

323 2632 632 2687 timeretur.
663 2631 840 2687 Natus
881 2632 1049 2687 etiam
1095 2632 1163 2689 de
1189 2642 1384 2703 matre,
1420 2652 1544 2708 quae
1590 2642 1843 2711 quamvis
1881 2658 1912 2700 a
1956 2644 2073 2703 viro
2116 2648 2326 2707 intacta

323 2719 610 2792 conceperi
633 2734 847 2790 semper
865 2736 973 2792 que
989 2720 1196 2779 intacta
1221 2728 1604 2795 permanserit.
1622 2735 1801 2785 tamen
1822 2731 1973 2789 fabro
1991 2734 2320 2808 desponsata
2347 2786 2352 2790 .

323 2818 460 2878 erat,
485 2822 705 2865 omnem
735 2814 925 2881 typum
948 2810 1183 2867 carnalis
1208 2812 1511 2871 nobilitatis
1537 2816 1787 2873 extinxit.
1812 2822 1985 2879 Natus
2016 2825 2070 2881 in
2100 2824 2327 2885 civitate

322 2896 618 2965 Bethleem,
648 2912 773 2969 quae
808 2897 952 2953 inter
989 2914 1180 2955 omnes
1217 2900 1409 2958 Judeae
1448 2904 1703 2962 civitates
1744 2916 1863 2965 erat
1901 2912 2115 2983 exigua,
2151 2916 2323 2971 noluit

322 2986 616 3059 quemdam
642 2986 710 3041 de
740 2993 972 3043 terrenae
997 2987 1241 3045 civitatis
1267 2989 1605 3047 sublimitate
1634 2994 1877 3065 gloriari.
1909 3000 2119 3073 Pauper
2149 3002 2327 3061 sactus

321 3081 422 3141 est,
449 3076 609 3147 cujus
633 3080 762 3130 sunt
779 3075 982 3141 omnia,
1006 3084 1060 3132 et
1082 3094 1177 3148 per
1201 3092 1365 3149 quem
1393 3078 1541 3136 facta
1564 3092 1692 3139 sunt
1711 3086 1911 3155 omnia,
1944 3104 2009 3143 ne
2033 3090 2155 3161 quis
2160 3109 2325 3164 quam

320 3164 528 3219 cumin
559 3178 686 3219 eum
717 3163 982 3231 crederet,
1017 3164 1086 3221 de
1125 3167 1356 3222 terrenis
1388 3168 1600 3225 divitiis
1638 3172 1865 3229 auderet
1903 3177 2107 3234 extolli.
2140 3180 2327 3237 Noluit

319 3251 437 3307 Rex
461 3251 531 3307 ab
557 3250 868 3309 hominibus
895 3252 1031 3320 fieri,
1060 3255 1190 3327 quia
1231 3254 1559 3314 humilitatis
1584 3262 1908 3319 ostendebat
1936 3265 2102 3321 viam.
2131 3268 2325 3325 Esuri-

319 3341 402 3395 vit
438 3340 534 3411 qui
576 3355 773 3397 omnes
806 3342 1002 3413 pascit,
1035 3343 1212 3398 sitivit
1240 3360 1334 3415 per
1378 3362 1539 3417 quem
1584 3350 1760 3405 omnis
1789 3358 1965 3421 potus·
1987 3364 2225 3422 creatur,
2254 3358 2325 3413 ab

317 3429 516 3485 itinere
537 3428 800 3501 fatigatus
826 3436 909 3485 est
933 3431 1029 3503 qui
1056 3448 1116 3487 se
1141 3432 1320 3503 ipsum
1345 3432 1501 3489 nobis
1527 3436 1673 3492 viam
1701 3436 1830 3495 fecit
1861 3431 1914 3496 ih
1942 3441 2161 3507 coelum,
2190 3460 2324 3501 cru·

318 3518 512 3573 cifixus
533 3525 636 3585 est,
659 3518 754 3589 qui
783 3519 1060 3575 cruciatus
1089 3526 1305 3576 nostros
1326 3520 1521 3588 finivit,
1553 3531 1800 3582 mortuus
1826 3534 1929 3594 est,
1957 3530 2050 3599 qui
2079 3540 2325 3593 mortuos

318 3606 608 3664 suscitavit
637 3607 791 3663 :Hoc
819 3607 962 3665 idem
993 3608 1048 3662 in
1075 3606 1258 3666 verbis
1284 3609 1543 3676 ostendit,
1578 3626 1703 3667 nam
1739 3611 1795 3668 in
1824 3630 1939 3671 suas
1970 3618 2323 3687 praedicatio-

319 3696 403 3751 nis
425 3695 670 3763 exordio,
694 3712 800 3752 non
829 3696 1012 3771 aliqua
1041 3713 1208 3769 regna
1239 3702 1477 3763 terrena,
1510 3698 1652 3754 sicut
1681 3700 1736 3755 in
1766 3704 1935 3758 veteri
1969 3710 2318 3779 testamenm,

317 3784 414 3839 sed
438 3799 668 3855 regnum
695 3784 960 3841 coelorum
988 3784 1382 3859 paenitentibus
1410 3786 1741 3858 repromisit,
1774 3790 2057 3864 discipulis
2088 3798 2322 3867 primam

315 3870 716 3944 beatitudinem
743 3872 800 3932 in
828 3872 1055 3946 spiritus
1081 3877 1407 3949 paupertate
1434 3872 1741 3947 constituit,
1771 3876 1827 3935 in
1856 3894 1968 3953 qua
1996 3881 2162 3940 etiam
2189 3899 2323 3959 per-

819 3986 877 4041 S.
907 3986 1062 4041 Tuon.
1095 3990 1186 4051 Ae.
1217 3990 1486 4041 naussum.
1510 4006 1570 4025 --
1592 3986 1677 4055 ΙΙΙ,
1708 4015 1773 4032 -
1794 3993 1822 4047 1
