2784 4392
522 314 658 360 ny.
686 328 766 343 —
793 315 1036 359 colurna
1076 315 1294 359 meve.
1340 316 1445 359 nm
1470 316 1658 365 cum.
1707 316 1787 361 nr
1823 317 2031 363 Reme.
2168 300 2284 361 169
2307 315 2327 329 ·

269 444 297 479 α
330 426 469 496 Quia
493 428 598 485 etsi
633 434 946 501 operentur,
981 435 1208 501 possunt
1236 434 1418 485 tamen
1448 428 1721 484 nonnullis
1758 429 2039 502 indigen-03
2072 437 2126 485 et
2156 429 2279 485 ideo

268 521 452 573 monet
480 532 548 572 ne
574 517 649 573 illi
681 518 774 590 qui
801 516 1072 575 habebant
1100 517 1243 573 unde
1281 518 1455 572 servis
1481 518 1579 573 Dei
1610 520 1917 575 necessaria
1948 519 2275 591 praeberent,

265 602 369 661 hac
397 607 682 661 occasione
716 606 1106 677 pigrescerent.
1149 607 1269 661 Non
1307 605 1465 686 enim·
1498 606 1552 660 ia
1583 606 2059 678 reprehensionem
2103 610 2273 675 venit,

264 694 360 765 qui
402 693 672 751 humanus
701 701 787 751 est
820 695 874 749 in
919 694 1218 766 largiendo,
1251 694 1348 750 sed
1385 694 1476 750 hic
1513 695 1607 767 qui
1659 710 1785 750 cum
1828 695 1999 768 possit
2034 695 2275 755 laborem
2344 694 2353 701 ’

267 780 430 847 serre,
459 782 634 838 otiose
666 782 785 838 vult
825 782 994 838 vitam
1028 798 1272 853 agere.»
1303 782 1447 854 Ergo
1486 789 1638 855 patet
1676 783 1823 855 quod
1856 782 2031 840 servis
2058 784 2159 841 Dei
2189 791 2276 841 est

263 868 536 927 laudabile
564 871 940 944 eleemosynas
966 871 1116 939 dare,
1146 872 1261 929 sive
1289 871 1531 928 laborem
1559 871 1677 929 sive
1701 888 1829 941 non,
1858 873 2026 930 etiam
2056 875 2274 947 quando

267 974 374 1015 non
406 958 722 1017 laborantes
749 959 1203 1032 reprehensibiles
1229 966 1379 1017 sunt.

265 1082 274 1109 .·
332 1050 489 1105 Item.
516 1050 880 1122 Hieronymus
909 1055 1048 1105 cont.
1083 1048 1386 1121 Viqilama
1418 1070 1445 1103 α
1473 1050 1588 1106 Nec
1616 1065 1715 1107 nos
1759 1067 2022 1123 negamus
2058 1053 2273 1109 cunctis

261 1137 614 1211 pauperibuS,
652 1144 708 1191 et
733 1136 900 1193 etiam
924 1136 1132 1193 Judaeis
1157 1143 1213 1193 et
1240 1137 1621 1205 SamaritaniS,
1649 1138 1697 1195 si
1728 1144 1881 1196 tanta
1914 1139 1986 1195 sit
2017 1139 2266 1212 largitaS,

259 1229 430 1300 stipes
458 1225 846 1299 porrigenda33
873 1245 900 1278 1>
931 1226 1028 1281 sed
1053 1226 1347 1297 Apostolus
1385 1226 1548 1283 docet
1590 1225 1897 1284 faciendam
1937 1228 2159 1300 quidem
2198 1232 2267 1285 ad

260 1333 448 1374 omnes
471 1316 894 1389 eleemosynam,
927 1314 1022 1370 sed
1053 1316 1288 1371 maxime
1313 1315 1381 1371 ad
1413 1315 1743 1372 domesticos
1782 1316 1925 1383 fidei,
1968 1316 2037 1373 de
2070 1318 2269 1390 quibus

259 1416 314 1462 et
339 1404 587 1462 Salvator
611 1405 666 1459 in
691 1403 984 1475 Evangelio
1017 1403 1372 1477 loquebatur:
1400 1404 1589 1459 Facite
1610 1403 1752 1459 vobis
1774 1404 1969 1460 amieos
2004 1405 2066 1460 de
2094 1423 2267 1462 mam-

257 1511 416 1549 mona
463 1492 800 1565 iniquitatis,
830 1491 925 1563 qui
959 1508 1047 1547 vos
1076 1492 1334 1563 recipient
1364 1492 1422 1546 in
1452 1499 1657 1547 oeterna
1696 1492 2058 1550 tabernacula.
2086 1496 2263 1550 Num-

257 1582 390 1656 quid
415 1582 505 1638 isti
524 1596 788 1654 pauperes
805 1580 946 1635 inter
961 1595 1194 1652 quorum
1213 1596 1420 1651 pannos
1436 1586 1491 1634 et
1507 1580 1749 1635 illuviem
1765 1581 2011 1653 eorporis
2026 1581 2264 1653 flagrans

258 1671 424 1727 libido
461 1670 793 1735 dominatur,
842 1673 1072 1741 possunt
1116 1666 1317 1723 habere
1361 1673 1572 1723 aeterna
1603 1667 1990 1737 tabernacula,‘
2020 1672 2113 1741 qui
2162 1686 2263 1725 nec

257 1760 546 1833 praesentia
571 1758 872 1831 possident,
905 1772 1005 1813 nec
1038 1756 1222 1813 futura
1242 1756 1270 1811 Ἰ
1294 1757 1415 1813 Non
1444 1756 1589 1811 enim
1620 1756 1941 1829 simpliciter
1971 1774 2260 1830 pauperes;

255 1849 349 1905 sed
384 1863 648 1920 pauperes
683 1847 880 1919 spiritu
927 1845 1073 1901 beati
1119 1845 1462 1918 appellantur
1486 1863 1501 1912 ;
1528 1846 1597 1901 de
1634 1845 1833 1918 quibus
1869 1846 2133 1918 scriptum
2177 1854 2260 1903 est

256 1937 432 1993 Psalm
455 1953 529 1992 xx.
555 1953 568 1990 :
591 1936 788 1992 Beatus
812 1934 904 2007 qui
929 1934 1180 2005 intelliqit
1206 1950 1368 2007 super
1383 1950 1601 2007 eqenum
1622 1941 1673 1989 et
1695 1951 2003 2007 pauperem.
2024 1935 2082 1990 In
2108 1935 2260 2006 vulgi

254 2026 582 2099 pauperibus
622 2024 996 2080 sustentandis
1037 2039 1387 2096 nequaquam
1432 2022 1733 2091 intellectu,
1776 2023 1873 2079 sed
1912 2024 2258 2097 eleemosyna

253 2133 407 2187 opus,
442 2117 494 2170 in
519 2114 726 2171 sanctis
770 2112 1101 2186 pauperibus
1144 2112 1505 2169 beatitudinis
1544 2113 1923 2184 intelligentia,
1953 2119 2014 2168 ut
2056 2113 2105 2169 ei
2156 2114 2258 2168 tri-

250 2205 402 2271 buat,
449 2205 542 2277 qui
599 2202 873 2257 erubescit
918 2202 1186 2272 accipere,
1235 2211 1291 2258 et
1345 2217 1471 2257 cum
1515 2203 1790 2275 acceperit
1838 2201 2007 2269 dolet,
2045 2211 2258 2258 metens

250 2293 494 2350 carnalia
536 2297 592 2346 et
629 2288 906 2344 seminans
946 2288 1275 2360 spiritualia.
1302 2290 1383 2345 Ex
1422 2305 1531 2361 quo
1562 2298 1713 2361 patet
1752 2289 1897 2361 quod
1939 2290 2132 2346 melius
2175 2298 2257 2346 est

250 2381 457 2438 sanctis
487 2376 819 2452 pauperihus
858 2377 990 2433 dare
1036 2376 1413 2449 eleemosynas
1453 2392 1619 2448 quam
1647 2376 2083 2450 quibuscumque
2112 2378 2253 2434 aliis,

321 2473 477 2526 Item.
497 2453 556 2524 '11
593 2469 717 2524 Cor.
751 2482 833 2533 lx,
867 2481 1031 2538 super
1056 2464 1189 2520 illud
1225 2482 1238 2518 2
1271 2464 1559 2536 Dispersit,
1582 2464 1726 2521 dedit
1741 2466 2089 2538 pauperibus,
2121 2466 2257 2524 dicit

249 2561 447 2617 Glossa
478 2575 491 2612 ε
521 2578 546 2609 α
575 2558 634 2613 Si
672 2554 833 2627 hujus
873 2555 970 2628 qui
1001 2553 1328 2627 pauperibus
1365 2553 1619 2624 largitur,
1650 2569 1858 2609 merces
1900 2569 2099 2626 magua
2141 2564 2249 2623 est,

249 2657 456 2722 quanto
492 2646 666 2717 magis
703 2646 822 2717 ejus
856 2644 951 2717 qui
984 2643 1258 2699 ministrat
1287 2642 1495 2698 sanctis
1526 2658 1541 2695 z
1572 2662 1598 2694 α
1645 2643 1916 2714 Pauperes
1956 2643 2101 2700 enim
2135 2643 2254 2700 dici

250 2744 497 2808 possunt,
527 2734 696 2791 etiam
724 2734 818 2805 qui
847 2732 975 2789 mali
1007 2739 1155 2789 sunt.
1182 2751 1209 2784 1>
1237 2731 1306 2787 Et
1335 2731 1418 2787 sic
1444 2729 1589 2786 idem
1613 2729 1761 2803 quod
1786 2731 1960 2803 priuS.

319 2828 476 2882 Item.
503 2825 882 2896 Hieronymus
906 2838 1069 2895 super
1115 2820 1405 2893 epistolam
1450 2820 1521 2876 ad
1561 2820 1709 2890 Gal.‚
1746 2836 2021 2893 exponens
2061 2820 2195 2877 illud
2238 2840 2251 2878 ε

251 2913 609 2971 communicet
635 2918 812 2986 eutem
835 2909 904 2975 is,
925 2909 1017 2981 qui
1041 2908 1431 2974 catechizatur,
1456 2909 1538 2965 sic
1561 2908 1696 2964 dicit
1729 2926 1742 2962 ι
1772 2929 1797 2961 «
1827 2909 1925 2965 His
1952 2909 2047 2982 qui
2077 2910 2256 2966 adbuc

250 3001 651 3067 imbecillioreS,
674 3006 731 3056 et
758 2998 1032 3071 discipuli,
1061 3005 1117 3054 et
1145 2998 1394 3054 carnales
1424 3003 1599 3064 eraut,
1635 3000 1867 3070 imperat
1896 3003 1957 3053 ut
1980 2998 2253 3071 quomodo

249 3092 352 3165 ipsi
375 3109 407 3147 a
421 3090 699 3161 magistris
723 3086 1029 3159 spiritualia
1047 3093 1280 3155 metunt,
1294 3086 1376 3142 sic
1394 3086 1673 3157 magistris
1693 3085 1935 3142 carnalia
1951 3084 2253 3157 praebeant,

248 3180 345 3254 qui
372 3186 516 3236 totos
539 3195 598 3235 se
626 3178 828 3234 divinae
858 3176 1154 3233 eruditioni
1186 3182 1242 3231 et
1274 3175 1460 3231 studio
1484 3174 1782 3241 tradenteS,
1811 3175 1943 3231 vitae
1967 3174 2127 3244 liujus
2152 3190 2253 3229 ne-

247 3268 503 3325 cessariis
531 3266 797 3337 indigent.
819 3284 846 3317 1>
868 3266 1011 3336 Ergo
1035 3265 1204 3321 etiam
1223 3279 1332 3319 non
1361 3261 1735 3319 laborantibus
1757 3260 2132 3334 corporaliter,
2160 3261 2257 3316 sed

248 3374 316 3415 ex
342 3362 458 3412 toto
487 3371 544 3409 se
564 3354 745 3411 studio
772 3354 1176 3426 Scripturarum
1200 3350 1478 3418 dantibuS,
1502 3350 1866 3423 eleemosynae
1889 3356 2017 3404 sunt
2037 3348 2253 3405 dandae.

317 3449 476 3504 Item.
519 3444 882 3517 Hieronymus
921 3441 991 3499 ad
1040 3441 1326 3499 Paulinum
1370 3457 1385 3495 :
1430 3460 1455 3493 α
1506 3439 1680 3509 Quem
1726 3438 1963 3493 senseris
2007 3436 2125 3503 tibi,
2160 3444 2255 3493 aut

249 3550 463 3607 semper
502 3539 597 3589 aut
634 3529 826 3586 crebro
869 3530 938 3586 de
984 3529 1221 3585 nummis
1261 3528 1595 3601 loquentem,
1638 3533 1867 3598 excepta
1910 3524 2258 3605 eleemosyna

250 3640 374 3698 quae
403 3622 776 3679 indifferenter
800 3617 1050 3675 omnibus
1069 3623 1243 3691 patet,
1264 3617 1635 3672 institutorem
1663 3615 1843 3686 potius
1870 3613 2069 3670 habeto
2095 3629 2259 3688 quam

251 3711 594 3769 monachum.
631 3730 657 3761 »
687 3710 770 3765 Ex
799 3723 907 3780 quo
938 3713 1090 3779 patet
1116 3705 1263 3779 quod
1287 3703 1568 3760 monachis
1597 3711 1652 3759 et
1684 3702 1938 3760 omnibus
1961 3702 2083 3759 aliis
2112 3703 2258 3759 elee-

251 3817 494 3877 mosynae
546 3806 674 3858 sunt
727 3798 952 3867 dandae,
1000 3803 1058 3855 et
1102 3794 1252 3869 quod
1299 3794 1379 3853 eis
1422 3793 1550 3851 licet
1604 3792 1753 3867 loqui
1802 3792 1871 3850 de
1910 3791 2256 3867 eleemosyna

253 3888 509 3983 petenda.

2762 1234 2784 1255 Ι
2762 976 2784 1209 thuna.»
2772 934 2784 947 a

2763 2070 2784 2095 ἱ
2761 1766 2784 2045 [nnn-U
2773 1692 2784 1721 Α
2760 1294 2784 1665 ““1ὶὶ”1“““

2758 2722 2784 2881 ffffltfl
2760 2546 2784 2711 mm
2762 2158 2784 2513 mlx-Qui.
