2784 4392
429 251 510 311 26
906 268 959 316 s.
1003 267 1236 313 'mouns
1275 264 1605 328 nouimus
1646 264 1954 312 opusoum

432 384 551 452 gnis
575 385 892 441 Graecorum
922 384 1130 453 doctor,
1159 384 1294 441 dicit
1321 398 1337 440 t
1370 404 1397 437 «
1421 383 1691 441 Imitanda
1712 382 1999 455 promissio
2027 385 2085 438 et
2103 382 2251 439 omni
2277 380 2439 439 laude

433 472 608 543 plena.
665 492 690 525 n
735 473 837 530 Sed
869 489 1114 546 quaerere
1158 474 1470 531 renuntiare
1507 474 1592 531 his
1633 472 1728 547 qui
1770 472 1917 529 domi
1948 476 2075 529 sunt
2104 472 2436 529 licentiando

431 578 488 617 se
519 562 588 617 ab
611 563 709 628 εἰς,
738 563 977 619 ostendit
1002 563 1146 635 quod
1175 571 1471 635 utcumque
1496 562 1705 618 divisus
1731 562 1805 617 sit
1833 578 1865 617 a
1894 562 2145 632 Domino,
2176 562 2307 617 dum
2337 564 2437 617 boo

433 650 670 721 perfecte
708 650 858 708 adire
903 652 1244 725 proposuerit
1274 656 1475 707 mente.
1514 653 1655 707 Nam
1684 650 1821 708 velle
1850 651 2134 708 consulere
2164 652 2435 723 proximos

434 756 538 794 non
568 756 926 797 consensuros
968 740 1095 796 huic
1126 742 1424 813 proposito,
1459 739 1665 797 indicat
1706 756 1766 796 se
1791 746 2087 814 utcumque
2123 740 2433 804 habentem,

433 836 652 901 propter
699 830 842 903 quod
883 830 1145 885 Dominus
1186 830 1479 902 improbat.
1525 829 1782 901 Sequitur
1806 828 1951 885 enim
1999 846 2014 885 z
2047 828 2147 886 Ait
2190 829 2260 884 ad
2288 828 2437 885 illum

434 917 623 973 Jesns:
653 906 820 975 Nemo
842 918 1054 973 mittens
1079 934 1299 973 manum
1322 934 1475 973 suam
1512 918 1573 972 in
1592 922 1842 974 aratrum
1870 924 1920 975 et
1944 916 2232 990 respiciens
2269 922 2435 981 reti-0,

435 1013 592 1076 aptus
619 1014 694 1063 est
737 1023 894 1077 reqno
938 1006 1056 1062 Dei.
1089 1008 1353 1079 Apposuit
1397 1022 1617 1063 manum
1650 1014 1835 1063 aratro
1862 1008 1954 1079 qui
1986 1007 2315 1063 affectuosus
2356 1011 2439 1060 est

439 1095 506 1149 ad
549 1095 904 1167 sequendum,
947 1102 1127 1150 tamen
1168 1094 1388 1167 respicit
1429 1102 1594 1163 retro,
1628 1096 1721 1168 qui
1753 1096 2069 1152 dilationem
2112 1096 2247 1166 petit
2278 1108 2438 1149 occa·

383 1218 388 1222 -
437 1185 587 1239 sione
618 1183 876 1239 redeundi
903 1184 971 1239 ad
1002 1183 1223 1239 domum
1249 1190 1304 1237 et
1330 1200 1453 1238 cum
1482 1186 1801 1257 propinquis
1830 1183 2161 1240 conserendi.
2193 1184 2310 1238 Non
2340 1182 2439 1238 hoc

441 1271 744 1327 invenimus
772 1271 961 1327 fecisse
990 1286 1174 1326 sacros
1216 1271 1524 1342 Apostolos,
1568 1274 1661 1345 qui
1688 1272 1934 1345 protinus
1960 1274 2159 1328 omissa
2190 1269 2439 1328 navicula

441 1368 492 1415 et
524 1369 764 1433 parente,
805 1360 976 1416 secuti
1009 1368 1135 1415 sunt
1164 1360 1458 1416 Christum.
1504 1362 1607 1417 Sed
1638 1368 1694 1416 et
1736 1361 1932 1418 Paulus
1976 1362 2159 1417 statim
2206 1376 2307 1415 non
2343 1375 2441 1415 ac·-

441 1450 648 1521 quievit
671 1449 821 1504 carni
837 1456 893 1504 et
913 1444 1185 1518 sanguini.
1212 1448 1370 1504 Tales
1386 1464 1505 1505 esse
1530 1450 1687 1506 decet
1706 1456 1951 1507 volente-s
1972 1450 2126 1521 sequi
2142 1448 2435 1505 Christum.

441 1538 508 1593 Et
555 1538 888 1609 Augustinus
935 1538 1034 1593 hoc
1062 1552 1336 1609 exponens
1377 1539 1430 1593 in
1460 1538 1595 1595 libro
1626 1540 1705 1593 De
1754 1540 1933 1594 verbis
1979 1540 2215 1603 Domini,
2248 1537 2381 1592 dicit
2423 1534 2435 1589 ἐ

451 1627 607 1685 Vocat
637 1633 684 1681 te
713 1626 923 1690 Oriens,
951 1632 997 1681 et
1029 1632 1086 1681 ta
1111 1626 1342 1681 attendis
1371 1625 1698 1684 Occidentem
1716 1628 1744 1681 ?
1772 1627 1966 1683 Oriens
1996 1627 2217 1699 quidem
2254 1626 2441 1681 Chris·

445 1730 531 1771 tus
560 1722 660 1781 est,
693 1716 989 1769 secundum
1031 1714 1160 1769 illud
1191 1716 1416 1771 Zachar.
1447 1732 1523 1781 vt,
1559 1720 1624 1773 ⁴2
1671 1733 1684 1769 τ
1719 1717 1850 1771 Ecce
1890 1716 1996 1781 vir,
2030 1715 2223 1770 Oriens
2256 1730 2440 1769 nomen

443 1805 574 1874 ejas.
618 1803 884 1858 Occidens
916 1810 1098 1857 autem
1129 1814 1210 1859 est
1241 1804 1470 1875 quilibet
1498 1804 1655 1859 homo
1687 1804 1739 1857 in
1782 1808 2010 1857 mortem
2040 1803 2261 1869 cadens,
2290 1810 2343 1857 et
2386 1802 2441 1855 in

437 1883 696 1947 'tenebras
721 1890 928 1962 peccati
954 1891 1036 1945 vel
1067 1892 1388 1963 ignorantiae
1418 1891 1613 1945 cadere
1642 1889 1844 1944 valens.
1872 1890 2131 1959 InJ‘uriam
2158 1904 2285 1958 ergo
2312 1890 2443 1948 facit

445 1978 676 2047 Christe,
705 1979 763 2034 in
789 1996 886 2051 quo
913 1987 1039 2036 sunt
1074 1997 1246 2036 omnes
1271 1978 1509 2036 thesauri
1534 1977 1811 2047 sapientiae
1852 1976 1953 2031 Dei
1986 1976 2296 2042 absconditi,
2335 1978 2444 2033 Co-

449 2070 573 2125 loss.
605 2084 669 2135 ιι,
697 2072 748 2133 3,
779 2069 824 2124 si
855 2070 970 2140 ejus
1003 2069 1190 2124 audito
1221 2065 1445 2123 consilio
1473 2065 1649 2121 adhuc
1677 2065 1749 2120 ad·
1770 2063 2017 2120 mortalis
2048 2064 2279 2121 hominis
2308 2082 2443 2122 con-

447 2159 624 2213 silium
651 2157 845 2230 aliquis
870 2158 1145 2213 existimet
1173 2153 1579 2210 recurrendum.

515 2247 616 2303 Sed
647 2246 906 2303 derisibili
951 2247 1187 2319 quadam
1231 2243 1679 2313 tergiversatione
1724 2242 1983 2314 praedicta
2014 2252 2278 2299 conantur
2310 2259 2442 2298 ova-

448 2338 594 2391 ‹lere.
641 2337 836 2392 Dicunt
868 2337 1012 2390 enim
1041 2332 1182 2404 quod
1225 2332 1484 2402 praedicta
1517 2331 1693 2387 locum
1728 2348 1831 2387 non
1862 2333 2079 2397 habent,
2116 2333 2213 2387 nisi
2248 2332 2443 2403 aliquis

449 2426 618 2496 ipsius
646 2425 857 2479 Domini
889 2438 1018 2478 voce
1050 2427 1352 2485 vocaretur,
1389 2426 1518 2475 tune
1550 2420 1692 2495 enim
1732 2421 2057 2477 confitentur
2088 2421 2443 2496 differendum

451 2530 552 2569 uon
582 2530 717 2579 esse,
751 2529 850 2567 nec
875 2512 942 2566 ad
967 2510 1112 2566 aliud
1141 2508 1425 2575 consilium
1449 2510 1862 2563 recurrendum.

516 2601 617 2657 Sed
646 2600 860 2670 quando
889 2600 1046 2652 homo
1070 2597 1296 2651 interius
1317 2605 1543 2651 vocatur
1569 2597 1638 2651 ad
1667 2598 1940 2668 religionis
1968 2600 2289 2670 ingressum,
2316 2606 2445 2652 tunc

411 2698 414 2701 ’
447 2704 580 2760 opus
609 2687 770 2741 habet
799 2685 1187 2739 deliberatione
1231 2699 1425 2754 magna
1450 2692 1505 2739 et
1536 2686 1827 2741 multorum
1870 2688 2112 2751 consilio,
2150 2693 2206 2741 ut
2235 2687 2444 2741 discer-

447 2792 574 2831 nere
603 2774 791 2845 possit,
823 2773 866 2827 si
904 2772 1005 2827 hoc
1033 2772 1105 2827 sit
1137 2788 1204 2827 ex
1231 2772 1489 2829 instinctu
1517 2774 1721 2829 divin0.
1755 2775 1857 2831 Sed
1896 2776 2015 2832 haec
2044 2776 2321 2847 responsio
2354 2790 2445 2829 er·-

449 2880 568 2920 rore
604 2862 761 2935 plena
787 2869 888 2916 est.
919 2861 1008 2917 Sic
1045 2860 1190 2917 enim
1225 2862 1393 2937 verba
1422 2863 1621 2919 Christi
1648 2880 1772 2936 quae
1806 2864 1870 2919 'in
1898 2864 2193 2936 Scripturis
2222 2863 2439 2929 dicitur,

447 2952 705 3007 debemus
745 2952 1010 3021 accipere,
1057 2967 1122 3007 ac
1161 2951 1203 3006 si
1236 2952 1305 3007 ab
1346 2953 1517 3024 ipsius
1566 2954 1779 3008 Domini
1815 2970 1907 3007 ore
1938 2954 2269 3009 audiremus.
2301 2953 2447 3007 Dicit

447 3042 588 3095 enim
626 3042 757 3111 ipse,
785 3040 950 3096 Marc.
979 3056 1110 3106 xm,
1141 3042 1209 3095 37
1238 3058 1250 3095 τ
1279 3040 1428 3107 Quod
1454 3041 1599 3097 vobis
1622 3042 1756 3107 dice,
1786 3041 2023 3095 omnibus
2049 3042 2184 3106 dico,
2209 3041 2444 3112 viqilate.

447 3130 512 3185 Et
542 3132 698 3185 Rom.
729 3146 822 3193 xv,
859 3131 888 3184 4
918 3130 1116 3185 dicitur
1149 3147 1160 3183 :
1193 3130 1535 3201 Quascumque
1564 3125 1767 3201 scripta
1794 3136 1939 3192 sunt,
1967 3128 2037 3183 ad
2059 3135 2296 3183 nostram
2323 3130 2448 3185 doc-

447 3220 648 3275 trinam
677 3218 879 3289 scripta
919 3225 1063 3274 sunt.
1097 3220 1162 3275 Et
1204 3219 1624 3291 Chrysostomus
1664 3217 1797 3271 dicit
1843 3234 1855 3269 τ
1888 3216 1945 3271 Si
1984 3224 2193 3272 tantum
2228 3226 2449 3289 propter

445 3309 561 3364 ilios
587 3307 730 3361 dicta
769 3306 1014 3378 fuissent,
1055 3307 1260 3379 scripta
1288 3323 1392 3361 non
1437 3311 1597 3359 essent
1629 3321 1647 3360 .·
1686 3320 1828 3358 nunc
1866 3310 2044 3359 autem
2071 3304 2212 3361 dicta
2242 3306 2448 3377 quidem

443 3405 568 3453 sunt
593 3402 812 3469 propter
839 3396 973 3463 illos,
999 3397 1200 3468 scripta
1222 3412 1344 3450 vero
1367 3401 1490 3449 sunt
1509 3400 1736 3465 propter
1758 3410 1871 3449 nos.
1894 3394 2049 3449 Unde
2075 3402 2129 3449 et
2158 3393 2447 3466 Apostolus

447 3487 704 3543 inducens
750 3487 1133 3542 auctoritatem
1182 3484 1382 3539 veteris
1426 3483 1780 3549 Testamenti,
1824 3483 1977 3550 dicit,
2010 3482 2173 3539 Hebr.
2207 3500 2312 3551 xu,
2355 3485 2387 3535 ὅ
2430 3499 2443 3536 :

447 3574 607 3630 Obiiti
633 3575 752 3631 estis
787 3572 1174 3637 consolationis,
1199 3578 1320 3643 ‘quoe
1355 3571 1495 3627 vobis
1526 3578 1777 3643 tanquam
1803 3572 1933 3642 filiis
1957 3572 2196 3644 loquitur
2224 3571 2398 3625 dicens
2428 3586 2445 3625 .·

445 3662 555 3716 Fili
579 3664 675 3728 mi,
699 3663 810 3718 noli
835 3662 1093 3733 neyliqere
1119 3660 1470 3732 disciplinam.
1498 3662 1575 3716 Ex
1601 3676 1708 3732 quo
1735 3668 1885 3731 patet
1911 3661 2056 3733 quod
2089 3660 2249 3714 verba
2278 3673 2449 3715 sacrae

444 3752 736 3823 Scripturae
763 3768 868 3805 non
887 3751 1014 3807 solis
1047 3751 1423 3820 praesentibus,
1448 3750 1540 3805 sed
1571 3748 1769 3804 futuris
1794 3749 2107 3821 loquuntur.
2130 3748 2448 3820 specialiter

447 3848 629 3897 autem
659 3838 957 3905 videamus,
997 3856 1063 3894 an
1105 3836 1567 3909 consiliumquod
1597 3838 1859 3895 Dominus
1896 3838 2047 3894 dedit
2077 3836 2442 3905 adolescenti,
