2784 4392
527 210 646 273 446
1001 228 1054 275 s.
1097 226 1336 275 raom
1375 224 1707 279 Aoumms
1744 224 2062 273 oruseum

528 344 769 401 dendum
833 360 1076 403 errorem
1135 346 1553 419 pelagianorum
1576 384 1592 414 ,
1656 346 1752 419 qui
1809 342 2071 401 dicebant
2124 339 2387 417 parvulos
2433 356 2555 398 non

527 432 728 490 habere
765 441 1052 509 peccatum
1093 436 1379 509 originale,
1413 443 1637 509 propter
1667 433 1815 507 quod
1856 436 2110 506 oporteat
2138 446 2232 487 eos
2263 429 2412 488 ablui
2448 446 2550 503 per

529 522 883 593 baptismum.
935 524 1143 594 Quarto
1198 525 1374 596 tangit
1421 524 1736 581 ministrum
1786 522 1951 593 hujus
1994 522 2363 587 sacramenti,
2416 536 2551 576 cum

530 610 665 668 dicit
694 630 708 667 z
742 633 768 666 α
799 613 858 669 1η
890 609 1348 672 sorma'Ecciesiae
1371 630 1405 671 a
1432 628 1779 689 quocumque
1806 610 1909 667 rite
1940 610 2202 667 collatum
2230 607 2452 683 proficit
2480 610 2549 665 ad

533 700 785 768 salutem,
823 721 850 753 n
881 703 1026 775 quod
1052 711 1137 759 est
1161 709 1353 761 contra
1379 718 1621 759 errorem
1648 701 2083 765 Donatistarum,
2113 697 2211 771 qui
2236 699 2551 771 baptizatos

535 788 605 844 ab
633 788 906 847 haereticis
937 791 1194 849 dicebant
1217 807 1327 849 non
1355 792 1697 865 susciperem
1725 804 1915 848 verum
1958 787 2257 859 baptisma,
2287 788 2386 844 sed
2424 802 2552 843 esse

536 879 973 951 rebaptizandos,
1023 880 1184 937 Fides
1235 886 1419 937 autem
1474 880 1745 937 catholica
1796 877 2139 949 recognoscit
2183 892 2304 933 esse
2351 891 2549 932 verum

538 966 808 1039 baptisma
832 984 864 1026 a
893 984 1238 1044 quocumque
1266 969 1435 1027 fuerit
1468 967 1729 1025 collatum
1757 968 1812 1023 in
1852 965 2026 1023 forma
2052 965 2315 1024 Ecclesiae
2342 980 2552 1038 supra-

538 1052 707 1112 dicta.

610 1143 819 1202 Deinde
848 1148 1061 1205 accedit
1089 1147 1160 1206 ad
1183 1126 1592 1206 sacramentum
1620 1144 1977 1220 poenitentiae,
2010 1144 2200 1201 dicens
2230 1160 2246 1199 ι
2275 1162 2303 1197 α
2334 1144 2391 1201 Si
2420 1152 2551 1217 post

541 1234 944 1305 susceptionem
977 1235 1234 1308 baptismi
1280 1237 1575 1310 quisquam
1606 1234 1893 1308 prolapsus
1926 1232 2093 1289 fuerit
2133 1231 2190 1289 in
2230 1237 2545 1305 peccatum,

542 1337 640 1393 per
664 1338 849 1379 veram
872 1322 1250 1395 poenitentiam
1265 1340 1481 1395 semper
1501 1329 1680 1396 potest
1705 1322 1970 1393 reparari,
2001 1340 2027 1373 n
2054 1320 2200 1394 quod
2226 1321 2449 1393 ponitur
2477 1320 2548 1378 ad

543 1410 946 1469 excludendum
977 1429 1218 1469 errorem
1253 1412 1708 1479 Novatianorum,
1749 1412 1845 1483 qui
1896 1410 2154 1467 dicebant
2208 1410 2356 1483 quod
2411 1425 2550 1480 pec-

543 1506 738 1557 cantes
763 1509 888 1575 post
905 1501 1241 1575 baptismum.
1257 1518 1364 1559 non
1392 1507 1619 1576 possunt
1644 1498 1889 1573 reparari
1906 1515 2007 1572 per
2032 1499 2437 1573 poenitentiam.

615 1588 824 1645 Deinde
864 1592 1088 1648 accedit
1119 1592 1195 1652 ad
1231 1597 1635 1651 sacamentum
1664 1588 2017 1651 matrimonii,
2074 1589 2305 1664 dicens:
2352 1607 2381 1643 α
2422 1587 2547 1645 Non

548 1678 722 1734 solum
761 1685 946 1735 autem
969 1678 1209 1753 virgines
1233 1687 1292 1737 et
1317 1680 1683 1749 contineam,
1716 1694 1905 1734 verum
1938 1678 2107 1735 etiam
2144 1678 2422 1750 conjugati
2450 1692 2551 1750 per

550 1768 712 1823 iidem
740 1776 968 1838 rectam,
1000 1778 1055 1826 et
1087 1770 1463 1843 operationem
1491 1768 1698 1830 bonam
1713 1767 1995 1844 placentes
2022 1768 2151 1835 Deo,
2186 1766 2256 1823 ad
2281 1772 2550 1823 aeternam

552 1866 824 1913 merentur
853 1857 1244 1915 beatitudinem
1289 1858 1595 1931 pervenire,
1630 1876 1659 1909 n
1701 1855 1851 1929 quod
1877 1856 2096 1928 ponitur
2142 1855 2213 1911 ad
2249 1855 2550 1911 excluden-

550 1947 680 2002 dum
705 1963 945 2004 errorem
977 1948 1330 2004 Tatianorum
1361 1955 1417 2003 et
1457 1944 2027 2021 Manichaeorququi
2072 1944 2290 2017 nuptias
2316 1944 2554 2001 damna-

550 2036 702 2092 bant.
729 2036 808 2092 De
836 2036 958 2092 aliis
986 2043 1169 2093 autem
1195 2034 1555 2091 sacramentis
1577 2034 1914 2094 mentionem
1931 2048 2046 2096 non
2068 2033 2215 2101 tacit,
2241 2032 2371 2106 quia
2400 2033 2553 2089 circa

552 2140 615 2179 eo
646 2140 751 2179 non
780 2124 882 2179 fuit
905 2124 1214 2197 specialiter
1237 2130 1501 2180 erratum.

553 2306 760 2365 Explicit
783 2305 1064 2364 opusculum
1087 2307 1354 2364 vigesimum
1381 2306 1592 2363 tercium,
1620 2304 1830 2349 videlicet
1852 2304 2079 2363 expositio
2104 2302 2553 2360 primoenmncalie

748 2380 999 2423 coeundum
1022 2378 1072 2425 S.
1105 2378 1263 2425 Thom.
1291 2376 1488 2436 Aquin„
1511 2377 1573 2422 ad
1595 2376 1979 2425 archidiaconum
2008 2374 2349 2423 Tridentium
