2784 4392
442 241 528 314 20,
768 305 773 309 .
922 256 976 304 e.
1020 255 1254 302 ‘raama
1292 255 1624 308 mumma
1662 255 1973 308 ornacum

448 376 756 447 figurantur
798 374 1121 450 posteriora,
1149 383 1205 434 et
1250 392 1282 432 e
1328 389 1612 434 converso.
1655 375 1769 434 Nec
1813 375 1886 434 ab
1911 373 2226 456 hujusmodi
2264 378 2454 452 figuris

448 466 640 522 efficax
670 465 1068 536 argumentatio
1100 464 1351 531 trahitur,
1385 473 1444 521 ut
1469 465 1759 536 Augustin.
1783 465 1917 522 dicit
1943 467 1998 522 in
2027 467 2282 540 quaedam
2306 470 2454 542 epie-

451 555 563 611 tola
606 562 797 612 contra
844 554 1178 612 Donatistae.
1210 554 1278 610 Et
1320 553 1547 628 Dionys·
1579 553 1713 610 dicit
1757 553 1811 610 in
1839 555 2084 628 Epistola
2129 557 2200 614 ad
2245 559 2446 618 Titum.

448 644 594 717 quod
622 642 924 718 symbolica
948 641 1242 715 'theologia
1266 657 1376 698 non
1402 650 1483 700 est
1512 645 1969 716 argumentative.
1993 647 2108 702 Hoc
2138 651 2320 704 tamen
2343 661 2451 704 nen

447 732 699 790 obstante
720 733 989 799 dicamne,
1018 732 1163 804 quod
1192 747 1287 804 per
1314 733 1482 790 istum
1506 733 1752 789 ordinem
1783 733 2168 790 miraculorum
2193 735 2454 808 designa-

448 829 537 877 tur
564 823 698 879 ordo
725 829 1123 894 praeceptorum
1152 821 1220 878 ad
1248 821 1478 878 consilia
1505 827 1787 895 <mantum⁸
1802 821 1870 879 ad
1909 829 2118 880 etatum
2149 825 2320 880 totius
2343 825 2450 880 hu·-

444 911 593 968 mani
617 910 853 982 generis·
874 911 994 966 Non
1013 911 1158 964 enim
1182 909 1409 966 consilia
1429 908 1632 966 fuerint
1657 910 1786 966 data
1817 910 1872 967 in
1899 912 2074 970 veteri
2099 919 2446 982 testamentO,

446 1001 541 1056 sed
574 1001 627 1054 in
654 1014 812 1065 nove,
846 997 975 1071 quia
1005 998 1136 1054 nihil
1181 997 1249 1055 ad
1291 997 1593 1071 perfectum
1624 999 1852 1055 adduxit
1894 999 1979 1056 lex
2012 1019 2024 1056 z
2053 1007 2116 1056 et-
2147 1001 2250 1058 hoc
2295 1009 2447 1076 patet

446 1104 543 1161 per
566 1089 718 1144 Glos.
748 1101 871 1160 quae
895 1087 1137 1159 quinque
1160 1101 1329 1158 panes
1352 1086 1486 1142 dicit
1511 1101 1651 1154 esse,
1681 1086 1876 1158 legalia
1903 1098 2178 1162 praecepta
2201 1105 2214 1145 t
2239 1100 2449 1163 septem

447 1186 631 1234 autem
662 1189 827 1248 panes
860 1165 1229 1246 evangelicam
1262 1175 1670 1247 perfectionem.
1703 1177 1822 1234 Non
1864 1185 2049 1234 autem
2098 1189 2318 1252 propter
2346 1182 2447 1238 hoc

448 1271 663 1337 oportet
690 1265 837 1337 quod
864 1264 1025 1318 iidem
1044 1263 1299 1319 homines
1329 1263 1480 1342 prius
1508 1271 1866 1322 exerceantur
1895 1267 1952 1322 in
1976 1269 2266 1342 praeceptis
2295 1269 2448 1341 lega-

446 1355 589 1410 libus
614 1355 665 1408 in
691 1352 940 1410 saeculari
966 1352 1099 1422 vita,
1127 1358 1181 1407 et
1207 1352 1554 1423 postmodum
1584 1353 1638 1410 in
1666 1352 1909 1411 consiliis
1940 1356 1994 1412 in
2025 1357 2141 1414 vita
2171 1359 2445 1430 religiosa.

446 1445 567 1503 Non
614 1444 758 1500 enim
806 1441 1004 1516 legitur
1048 1441 1198 1516 quod
1248 1440 1413 1500 iidem
1464 1441 1712 1500 homines
1762 1442 1965 1504 fuerint
2015 1445 2158 1504 inter
2213 1455 2448 1522 quatuor

446 1532 639 1591 millia.
924 1585 929 1590 .
980 1537 988 1546 '
1624 1583 1634 1594 .

515 1620 779 1682 Similiter
802 1633 933 1678 vero
958 1619 1105 1694 quod
1128 1625 1284 1678 sexto
1306 1621 1627 1694 proponitur
1655 1623 1725 1680 de
1754 1623 1862 1680 illie
1887 1631 2143 1696 quatuor,
2159 1643 2227 1682 ex
2251 1627 2449 1700 quibus

445 1719 635 1767 sancta
678 1710 973 1782 Evangelia
1018 1719 1403 1777 contexuntur,
1436 1727 1545 1767 non
1588 1711 1718 1768 facit
1766 1713 1836 1768 ad
1879 1715 2216 1786 propositum
2263 1734 2278 1771 ε
2321 1718 2450 1790 quia

446 1799 592 1871 quod
622 1798 827 1854 dicitur
862 1797 919 1854 in
941 1797 1222 1869 exemplis,
1254 1798 1516 1868 perfectio
1555 1815 1660 1854 non
1709 1800 1942 1855 refertur
1985 1803 2052 1857 ad
2084 1802 2330 1871 consilia,
2354 1805 2451 1862 sed

446 1888 516 1945 ad
544 1885 844 1960 perfectum
872 1884 1090 1941 modum
1121 1884 1446 1940 observandi
1477 1895 1770 1958 praecepta,
1798 1903 1925 1958 quae
1966 1897 2094 1943 sunt
2126 1891 2194 1945 de
2238 1893 2453 1950 actibus

389 1996 394 2003 ·
445 1977 732 2040 virtutum,
766 1975 909 2030 sicut
953 1972 1201 2029 Christus
1246 1971 1581 2031 observavit.
1633 1974 1788 2030 Unde
1828 1975 2135 2033 subduntur
2183 1978 2236 2033 in
2294 1980 2448 2038 GloS.

448 2063 697 2136 exempla
724 2069 784 2118 ut
808 2061 911 2119 hoc
934 2056 957 2117 ε’
982 2059 1182 2136 Discite
1212 2077 1247 2116 a
1270 2077 1369 2128 me,
1390 2061 1518 2134 quia
1548 2061 1695 2119 mitis
1721 2079 1838 2119 sum
1863 2070 1969 2120 etc.
1997 2071 2090 2122 et:
2115 2067 2298 2124 Estote
2316 2085 2452 2142 per·-

448 2153 595 2224 secti,
627 2152 766 2210 sicut
809 2158 862 2210 et
904 2149 1071 2210 Pater
1112 2157 1285 2209 vester
1324 2156 1460 2221 etc..
1485 2158 1542 2210 et
1577 2150 1705 2209 alibi
1739 2169 1752 2207 ε
1786 2151 2102 2228 Exemplum
2153 2155 2290 2213 enim
2333 2157 2451 2217 dedi

445 2241 590 2298 vobis
618 2250 727 2298 etc.
1570 2304 1575 2309 ,
1657 2267 1660 2272 ·

491 2333 635 2388 ..iam
682 2345 811 2388 vero
852 2331 998 2405 quod
1034 2331 1267 2404 septimo
1304 2331 1627 2405 proponitur
1667 2330 1736 2388 de
1764 2332 1956 2388 ordine
1994 2334 2123 2392 vitae
2151 2337 2350 2394 activae
2378 2337 2447 2394 ad

446 2419 947 2492 contemplativam,
976 2417 1295 2492 diligentius
1339 2420 1796 2476 corisiderandum
1825 2428 1927 2489 est,
1961 2423 2090 2496 quia
2132 2424 2236 2480 hoc
2265 2426 2335 2481 ab
2369 2427 2450 2482 eis

447 2511 787 2584 frequentius
835 2507 1163 2590 inculcatur.
1212 2509 1414 2565 Verum
1461 2509 1682 2582 quidem
1736 2510 1901 2581 igitur
1941 2518 2046 2578 est,
2079 2506 2224 2586 quod
2268 2516 2449 2572 activa

444 2599 560 2656 vita
584 2597 1065 2670 contemplativam
1092 2595 1371 2669 praecedit,
1392 2596 1487 2650 sed
1520 2597 1769 2666 ignorare
1797 2598 2050 2654 videntur
2081 2602 2210 2673 quid
2237 2603 2308 2658 sit
2337 2603 2449 2659 vita

446 2687 649 2742 activa.
681 2684 862 2742 Primo
882 2686 1125 2758 quidem,
1151 2683 1279 2755 quia
1324 2683 1556 2738 credunt
1604 2687 1773 2740 vitam
1816 2687 2053 2742 activam
2095 2689 2151 2742 in
2187 2689 2303 2746 sola
2333 2690 2453 2748 die·

444 2775 767 2848 pensatione
808 2757 994 2830 rerum'
1036 2771 1421 2844 temporalium
1459 2773 1713 2852 existere,
1747 2774 1825 2829 ita
1854 2775 2000 2847 quod
2033 2787 2284 2834 asserunt
2317 2780 2450 2834 reli-

446 2865 629 2938 giosos
669 2862 764 2936 qui
804 2859 938 2920 nihil
986 2859 1264 2932 possident
1306 2876 1408 2916 nec
1449 2861 1746 2932 proprium,
1776 2879 1875 2918 nec
1916 2877 2220 2936 commune,
2254 2869 2450 2926 activae

447 2952 745 3026 participes
774 2963 893 3006 esse
934 2961 1043 3008 non
1073 2961 1249 3022 posse,
1279 2949 1425 3021 quod
1465 2949 1749 3006 manifeste
1797 2951 1992 3008 salsum
2041 2957 2348 3012 ostenditur
2395 2956 2450 3014 in

446 3043 553 3099 hoc
592 3040 738 3114 quod
764 3040 995 3111 Gregor.
1026 3038 1161 3095 dicit
1186 3038 1241 3093 in
1271 3053 1314 3095 n
1346 3037 1580 3094 Homilia
1608 3040 1863 3098 secundae
1891 3043 2065 3114 partis
2107 3059 2270 3116 super
2313 3047 2454 3102 Eze-

448 3130 715 3187 chielem:
742 3128 941 3188 Action
963 3127 1077 3186 vita
1104 3134 1182 3184 est
1200 3143 1393 3199 panem
1423 3126 1682 3184 esurienti
1712 3129 1968 3197 tribuero,
1993 3133 2146 3188 verbo
2173 3135 2452 3207 sapientia

446 3219 759 3277 nescientem
784 3217 986 3284 docere,
1015 3222 1289 3274 errantem
1326 3217 1618 3289 corripere,
1644 3218 1716 3273 ad
1741 3217 2064 3277 humilitatis
2089 3221 2234 3278 viam
2257 3241 2456 3296 super-

449 3309 569 3366 bum
597 3306 907 3380 proximum
949 3321 1216 3369 revocare,
1242 3305 1577 3375 infirmantis
1619 3323 1806 3362 curam
1849 3321 2053 3379 perere,
2079 3327 2195 3382 quw
2229 3313 2452 3384 singulis

448 3398 730 3470 quibusque
754 3377 1043 3468 expediunt
1080 3393 1408 3465 dispensare,
1438 3400 1490 3450 et
1520 3393 1806 3450 commissis
1825 3396 1970 3451 nobis
1999 3399 2232 3469 qualiter
2253 3401 2453 3457 subati-

447 3503 575 3542 mre
614 3487 825 3542 valeant
862 3482 1167 3555 providere.
1195 3481 1275 3536 Ex
1319 3493 1428 3554 quo
1457 3489 1630 3555 patet,
1662 3483 1806 3557 quod
1839 3485 1906 3542 ad
1941 3487 2180 3543 activam
2215 3493 2452 3562 pertinet

447 3589 556 3630 non
582 3575 755 3631 solum
790 3574 847 3629 in
890 3570 1299 3644 temporalibuS,
1330 3570 1428 3626 sed
1457 3572 1622 3628 etiam
1665 3572 1720 3628 in
1763 3572 2138 3644 spiritualibus
2181 3579 2449 3650 docendo,

446 3663 535 3721 vel
559 3665 879 3736 corrigendo
915 3661 1039 3720 aliie
1066 3659 1372 3734 providere,
1395 3661 1466 3717 ad
1503 3677 1628 3734 quae
1657 3661 1834 3734 magis
1861 3661 2106 3721 homines
2153 3667 2453 3726 redduntur

446 3751 632 3809 idonei
668 3751 801 3806 nihil
849 3752 1068 3823 penitus
1110 3749 1165 3806 in
1210 3749 1313 3806 hoc
1359 3749 1546 3806 seculo
1589 3749 1872 3809 habentes.
1899 3753 2052 3810 Unde
2095 3762 2150 3811 et
2191 3755 2454 3816 Dominus

450 3839 740 3922 Apoetqios
766 3837 917 3910 orbis
942 3839 1193 3916 doctores
1216 3838 1430 3904 futuros
1457 3837 1710 3906 omnibus
1738 3837 1898 3916 hujus
1923 3842 2108 3909 mundi
2140 3843 2297 3912 bonis
2321 3857 2469 3924 epo.-
