2784 4392
602 299 734 347 xnr.
767 316 846 333 -
875 298 1113 348 comm
1151 300 1366 349 mene.
1414 300 1519 347 nm
1558 286 1731 348 cunr.
1779 298 1856 347 m
1897 299 2103 348 name.
2239 278 2357 346 103

417 419 578 475 Item.
613 418 835 491 Majeris
864 419 1156 493 potestatis
1185 421 1269 476 est
1301 418 1589 493 legationis
1618 415 1855 475 officium
1885 432 2162 484 exercere,
2191 416 2353 489 Epis-

346 522 515 579 copos
541 506 885 574 confirmare,
919 514 973 564 et
1009 508 1078 563 de
1106 508 1186 564 eis
1223 506 1486 565 Ecclesiis
1528 506 1825 581 provideri,
1859 520 2024 581 quam
2054 504 2356 579 praedicere

347 596 433 653 vel
481 596 851 654 consessiones
897 598 1088 655 audire
1128 611 1142 653 ε
1193 596 1289 654 sed
1327 594 1565 671 primum
1610 596 1886 653 invenitur
1936 592 2207 669 religiosis
2235 609 2357 653 esse

348 682 702 743 commissum
731 702 743 741 :
774 700 904 758 ergo
933 692 987 741 et
1013 684 1311 743 secundum
1338 686 1419 743 eis
1444 686 1713 744 committi
1740 690 1940 759 potest.

419 776 575 831 Item.
620 774 791 847 Magis
819 780 904 832 est
943 780 1214 833 remotum
1257 790 1290 833 a
1331 774 1709 849 religiosorum
1746 774 1863 833 vita
1907 786 2102 831 causas
2140 770 2349 841 audire,

350 878 515 937 quam
572 863 960 931 confessiones,
1011 864 1098 921 vel
1129 864 1461 937 praedicare,
1518 864 1615 921 sed
1665 864 1902 938 primum
1957 864 2037 921 eis
2082 853 2355 920 committi

349 960 551 1028 potest.
580 950 723 1025 Ergo
747 951 920 1010 multo
945 952 1139 1009 fortius
1163 954 1290 1011 alia.
1308 952 1467 1012 Nunc
1489 958 1661 1011 restat
1683 954 1988 1023 ostendere,
2014 950 2161 1027 quod
2190 948 2356 1009 saluti

351 1044 658 1100 animarum
686 1039 941 1115 expediat
975 1042 1142 1101 etiam
1189 1043 1310 1101 aliis
1341 1057 1507 1118 quam
1547 1040 1923 1101 sacerdotibus
1950 1040 2358 1116 parochialibus

351 1132 797 1204 praedicationem
828 1131 1117 1201 committi,
1150 1133 1204 1189 el
1235 1132 1343 1191 alia
1384 1146 1511 1207 quae
1554 1130 1623 1189 ad
1650 1132 1884 1191 salutem
1921 1130 2196 1206 pertinent
2233 1128 2358 1187 ani-

350 1237 585 1279 marum.

425 1308 623 1374 Primo,
642 1322 738 1381 per
755 1306 856 1366 hoc
884 1308 1028 1381 quod
1053 1306 1488 1378 dicitDominus,
1508 1306 1701 1367 Matth.
1726 1322 1808 1377 rx,
1827 1304 1897 1365 37
1915 1324 1928 1365 ε
1947 1306 2127 1365 Messis
2150 1304 2357 1381 quidem

349 1398 540 1454 multa.
573 1395 768 1454 Glossa
801 1412 814 1453 t
844 1416 871 1451 α
900 1396 1080 1454 Turba
1117 1398 1438 1471 populorum
1468 1398 1815 1472 suscipiendo
1837 1394 2007 1456 verbo
2040 1405 2095 1454 et
2134 1392 2357 1452 ferendo

353 1486 555 1543 fructui
587 1496 733 1559 apta.
772 1505 798 1539 »
830 1486 1086 1559 operarii
1113 1494 1289 1543 autem
1311 1485 1494 1560 pauci.
1522 1486 1720 1544 Glossa
1750 1502 1764 1541 ε
1800 1504 1827 1540 α
1862 1484 2253 1559 praedicatores
2284 1485 2355 1541 ad

353 1575 793 1647 congregandum
841 1573 1138 1632 electorum
1182 1574 1485 1633 Ecclesiam
1530 1590 1543 1630 ε
1592 1594 1618 1627 >>
1666 1574 1865 1647 Royate
1904 1588 2028 1647 erqo
2072 1568 2359 1629 Dominum

351 1664 552 1730 messis,
587 1670 650 1721 ut
676 1664 854 1729 mittat
883 1664 1178 1737 operarios·
1199 1663 1261 1720 in
1295 1678 1503 1721 messem
1542 1678 1712 1721 suam.
1741 1662 1822 1719 Ex
1850 1678 1958 1737 quo
2007 1668 2177 1737 patet,
2209 1660 2359 1736 quod

355 1752 573 1809 salubre
621 1760 705 1811 est
759 1754 1048 1822 Ecclesiae‚
1095 1768 1192 1826 per
1238 1751 1437 1810 multos
1484 1752 1585 1811 Dei
1640 1751 1929 1827 praedicari
1980 1748 2249 1820 fidelibus,
2299 1758 2357 1809 et

354 1842 592 1898 maxima
622 1840 780 1899 turba
808 1840 1046 1900 fidelium
1071 1852 1371 1900 crescente.

425 1932 583 1987 Item.
612 1932 798 1989 Potest
830 1931 1015 1989 haberi
1041 1946 1139 2007 per
1163 1930 1314 2001 illud,
1349 1930 1498 2006 quod
1528 1929 1731 1991 dicitur
1755 1930 2069 2006 Sapientiae,
2105 1944 2205 1999 vn,
2235 1932 2305 1991 26
2339 1948 2355 1988 z

354 2016 646 2081 Multitudo
685 2020 1032 2093 sapienttum.
1083 2020 1472 2095 (interlinearis
1525 2036 1542 2079 ε·
1594 2041 1623 2078 α
1671 2020 1862 2081 Coetus
1912 2019 2353 2096 praedicatorum)

355 2111 560 2167 sanitae
583 2114 657 2166 est
680 2108 823 2166 orbis
847 2114 1144 2167 terrarum.
1179 2128 1206 2164 n

425 2200 584 2255 Item.
613 2200 662 2255 11
696 2199 765 2255 ed
800 2197 1036 2255 Timoth.
1069 2212 1134 2267 n,
1163 2202 1194 2257 2
1221 2212 1239 2255 .·
1269 2198 1399 2266 Quoe
1440 2196 1651 2259 audisti·
1671 2212 1706 2257 a
1732 2214 1815 2257 me
1846 2214 1948 2274 per
1974 2198 2166 2257 multos
2195 2202 2350 2257 testes

356 2286 462 2345 hoec
487 2286 786 2344 commenda
811 2286 1052 2363 fidelibus
1074 2287 1388 2355 hominibus,
1417 2286 1613 2347 Glossa
1640 2304 1711 2356 τρι
1744 2286 1801 2347 id
1827 2294 1930 2361 est,
1956 2304 2105 2347 sanae
2134 2287 2296 2356 fldel;
2326 2308 2355 2342 x>

361 2376 463 2443 Qui
485 2376 662 2433 idonei
690 2380 872 2443 erunt,
894 2376 1089 2433 Glossa
1122 2394 1134 2431 ε
1163 2374 1307 2445 Vita,
1336 2386 1391 2434 et
1416 2376 1667 2447 scientia,
1696 2386 1749 2434 et
1778 2376 2053 2442 facundia,
2088 2398 2115 2431 n
2146 2385 2196 2435 et
2222 2376 2355 2434 alios

357 2464 558 2521 docere.
604 2465 799 2523 Glossa
832 2480 846 2521 ε
879 2484 904 2518 α
951 2463 1064 2521 lllis
1091 2464 1236 2522 enim
1281 2464 1445 2523 debet
1482 2464 1749 2523 committi
1790 2466 2111 2539 praedicatio
2138 2462 2345 2536 divina,

358 2555 453 2627 qui
477 2554 586 2628 apti
613 2561 740 2611 sunt
765 2554 840 2609 illi
871 2555 1069 2611 officie.
1105 2574 1132 2608 ιο
1521 2578 1526 2584 ·

427 2646 632 2699 lterum
671 2644 696 2699 Ι
733 2644 944 2713 Esdrae‚
995 2658 1080 2713 m,
1113 2658 1276 2718 super
1322 2642 1455 2703 illud
1484 2661 1498 2702 ε
1529 2642 1605 2703 Et
1652 2660 1827 2703 omnes
1868 2638 1961 2718 qui
2003 2648 2259 2701 venerant
2288 2643 2351 2700 de

359 2732 668 2803 captivitate
691 2730 752 2787 in
779 2728 1138 2789 Hierusalem.
1162 2730 1358 2792 Glossa
1386 2734 1467 2791 sic
1496 2734 1627 2791 dicit
1653 2748 1666 2789 ε
1690 2753 1715 2787 <c
1749 2734 1869 2791 Non
1894 2732 2070 2789 solum
2094 2730 2359 2805 Episcopi

358 2829 415 2878 et
437 2820 742 2895 presbyteri
770 2820 984 2894 plebem
1012 2822 1272 2889 fidelium,
1301 2820 1356 2879 id
1399 2830 1503 2893 est,
1536 2822 1633 2879 Dei
1680 2822 1901 2880 domum
1930 2820 2130 2880 debent
2178 2820 2359 2879 aedifi-

357 2926 504 2979 care,
553 2911 648 2967 sed
697 2911 864 2966 etiam
909 2910 1138 2983 populus
1188 2910 1256 2967 de
1279 2912 1601 2984 captivitate
1625 2911 1939 2969 ludaeorum
1968 2910 2039 2967 ad
2086 2910 2353 2968 visionem

357 3013 504 3058 verae
525 3001 675 3073 pacis
700 3006 947 3067 vocatus»,
975 2998 1334 3057 ministerium
1355 3000 1505 3057 verbi
1524 2998 1593 3057 ab
1620 3000 1704 3057 his
1732 3000 1827 3075 qui
1857 3001 2039 3057 dicere
2060 3006 2353 3067 noverunt,

357 3088 519 3148 debet
547 3089 784 3161 exigere.
811 3106 840 3141 ι)
1141 3117 1148 3121 -

426 3180 584 3235 Item.
639 3177 936 3249 Gregorius
985 3176 1038 3234 in
1079 3190 1206 3247 xlx,
1255 3174 1567 3248 Moralium,
1596 3193 1759 3253 super
1806 3176 1937 3235 illud
1988 3175 2109 3245 Job,
2146 3188 2296 3233 xxtx
2337 3216 2354 3233 .

361 3266 580 3335 Quando
615 3266 852 3324 lavabam
879 3266 1037 3341 pedes
1067 3284 1203 3325 meos
1239 3268 1448 3341 butyri),
1480 3271 1559 3327 sic
1581 3270 1716 3327 dicit
1747 3288 1760 3326 :
1790 3288 1815 3323 α
1846 3267 1986 3339 Quid
2012 3267 2079 3322 ad
2106 3266 2225 3323 haec
2257 3280 2356 3323 nos

358 3354 615 3429 Episcopi
639 3354 892 3424 dicimus,
913 3358 1006 3431 qui
1037 3358 1341 3415 commissis
1371 3357 1526 3416 nohis
1553 3357 1717 3415 verba
1745 3358 1877 3415 vitae
1904 3356 2219 3437 impendere
2246 3372 2355 3412 non

357 3458 634 3511 curamus,
659 3444 878 3514 quando
896 3448 1247 3517 conjugatum
1271 3447 1447 3503 virum
1469 3446 1753 3519 prohibere
1781 3460 1887 3501 non
1923 3444 2095 3502 valuit
2121 3444 2192 3501 ab
2230 3442 2359 3502 offi-

359 3534 444 3593 cio
470 3532 877 3607 praedicationis
904 3532 988 3588 vel
1027 3533 1304 3590 saecularis
1332 3534 1681 3603 habitus,.vel
1712 3548 1923 3606 magnae
1951 3532 2240 3607 occupatio
2264 3532 2359 3591 fa-

357 3622 622 3681 cultatis?
643 3642 668 3676 »
688 3620 764 3677 Ex
781 3636 888 3695 quo
909 3625 1077 3697 patet,
1099 3620 1246 3694 quod
1267 3620 1358 3678 alii
1377 3622 1544 3679 etiam
1565 3636 1728 3695 quam
1752 3620 1983 3696 praelati,
2002 3620 2087 3680 vel
2120 3628 2357 3681 rectores

359 3712 728 3770 Ecclesiarum
753 3709 1098 3769 laudabiliter
1122 3718 1349 3784 possunt
1371 3710 1778 3785 praedicationis
1816 3711 2051 3768 officium
2078 3728 2353 3771 exercere.

429 3804 542 3859 Hoc
572 3802 712 3859 idem
733 3808 913 3876 potest
937 3798 1150 3859 ostendi
1175 3818 1270 3875 per
1295 3802 1468 3861 multa
1492 3802 1738 3878 exempla
1769 3802 1967 3861 veteris
1995 3800 2352 3859 Testamenti.

360 3890 534 3950 David
565 3892 707 3950 enim
739 3891 991 3951 laudatur
1015 3892 1083 3951 de
1106 3892 1228 3966 hoc,
1255 3894 1401 3969 quod
1425 3892 1633 3953 cultum
1660 3894 1760 3952 Dei
1789 3892 2093 3969 ampliavit,
2127 3889 2357 3967 viginti·
