2784 4392
505 309 641 356 xw.
669 310 1018 357 —-con·r1ut
1059 313 1277 359 mene.
1323 315 1426 359 DEI
1467 315 1641 371 cunr.
1688 316 1767 360 m·
1806 316 2013 363 name.
2148 293 2269 358 143

252 421 387 479 bore
423 437 684 481 manuum
714 426 1092 500 acquiruntur.
1124 427 1229 490 Sed
1271 427 1567 484 ridiculum
1591 436 1673 485 est
1697 429 1899 496 dicere,
1929 429 2075 504 quod
2099 427 2266 502 spiri-

255 511 421 568 tualis
447 513 709 587 perfectio
730 531 854 588 quae
877 516 933 571 in
955 521 1276 590 paupertate
1301 516 1571 585 consistit,
1606 517 1676 574 ad
1696 517 1936 574 laborem
1958 517 2266 574 manualem

255 607 478 674 propter
521 618 580 660 se
623 605 800 677 ipsam
845 605 1147 671 ordinetur,
1199 606 1280 662 sic
1321 607 1466 663 enim
1506 606 1659 663 labor
1712 607 2011 681 corporalis
2052 606 2265 681 perfec-

255 690 390 747 tioni
429 691 796 764 praet'erretur.
836 693 1100 751 Similiter
1126 710 1235 751 non
1277 701 1459 767 potest
1487 695 1595 752 dici
1636 696 1782 769 quod
1811 696 2041 753 intentio
2077 710 2264 752 eorum

255 779 456 837 debeat
480 783 719 839 ordinari
749 784 819 840 ad
848 782 1090 840 laborem
1119 799 1378 840 manuum
1403 791 1624 859 propter
1652 785 1859 842 victum
1887 782 2263 858 quaerendum,

256 877 374 926 tum
398 872 528 943 quia
553 871 760 928 victum
797 871 998 928 habere
1027 878 1280 945 poterant
1307 890 1374 930 ex
1414 874 1575 930 rebus
1613 889 1752 946 quas
1776 873 2116 941 dimiserant,
2152 879 2271 928 tum

255 959 387 1032 quia
428 959 580 1016 labor
617 973 876 1016 manuum
925 961 1256 1034 pauperibus
1304 961 1504 1019 Christi
1535 963 1630 1036 qui
1658 962 2001 1019 orationibus
2043 969 2099 1017 et
2144 961 2271 1018 aliis

255 1047 630 1121 spiritualibus
664 1048 820 1106 bonis
858 1059 1073 1120 vacant,
1107 1051 1174 1107 ad
1207 1052 1413 1107 victum
1450 1067 1553 1108 non
1582 1051 1787 1108 sufficit
1812 1052 1883 1108 de
1911 1049 2092 1120 facili3
2123 1049 2268 1106 unde

255 1137 424 1192 etiam
453 1137 498 1192 si
527 1138 778 1194 manibus
800 1138 1065 1206 laborent,
1095 1139 1341 1210 indigent
1369 1155 1403 1197 a
1432 1140 1687 1196 fidelibus
1702 1140 2017 1206 sustentari,
2045 1146 2107 1196 ut
2130 1138 2267 1194 dicit

254 1225 594 1296 Augustinus
634 1227 688 1281 in
738 1225 831 1282 lib.
878 1227 956 1283 De
995 1243 1150 1300 opere
1176 1229 1417 1284 monach.
1464 1228 1731 1285 Similiter
1768 1244 1874 1284 non
1916 1233 2100 1301 potest
2132 1227 2263 1292 dici,

253 1314 401 1386 quod
415 1313 586 1371 labori
604 1331 860 1372 manuum
879 1314 1116 1374 debeant
1135 1317 1421 1374 intendere
1431 1326 1656 1391 propter
1673 1318 2052 1392 eleemosynas
2071 1317 2268 1372 exinde

253 1403 554 1470 faciendae,
599 1404 729 1478 quia
758 1405 1238 1477 multolargiores
1280 1405 1656 1479 eleemosynas
1703 1423 1769 1462 ex
1812 1407 1975 1463 rebus
2004 1405 2268 1480 possessis

255 1493 410 1564 prius
437 1491 617 1549 facere
647 1495 968 1566 potuissent,
1000 1499 1059 1548 et
1091 1494 1172 1549 sic
1201 1509 1295 1549 eos
1331 1510 1440 1549 non
1468 1495 1755 1562 oportebat
1784 1504 2005 1568 propter
2034 1495 2136 1551 hoc
2166 1509 2267 1549 sua

253 1581 592 1654 relinquere,
611 1590 678 1638 -ut
703 1597 770 1638 ex
799 1581 984 1637 labore
1011 1597 1271 1637 manuum
1301 1581 1677 1655 eleemosynas
1702 1583 1965 1638 facerent.
1992 1583 2135 1652 Ergo
2159 1597 2268 1636 non

252 1678 475 1742 oportet
504 1669 650 1741 quod
677 1669 754 1723 illi
782 1670 994 1741 quisue
1026 1668 1395 1742 relinquentes
1424 1670 1795 1741 possessiones
1816 1684 2131 1726 communes
2160 1685 2267 1724 non

251 1757 480 1822 habent,
511 1754 761 1811 laborare
784 1755 1035 1812 manibus
1065 1755 1351 1820 intendant
1380 1757 1473 1812 ad
1485 1757 1587 1813 hoc
1615 1757 1760 1830 quod
1786 1757 2005 1816 faciant
2023 1755 2115 1812 illa
2144 1771 2269 1872 quae

251 1860 424 1918 supra
453 1843 526 1898 de
552 1841 738 1900 labore
767 1860 1024 1900 manuum
1055 1845 1203 1900 dicta
1233 1851 1382 1900 sunt.

325 1933 488 1988 Nunc
515 1938 687 1988 restat
726 1933 1055 2005 respondere
1093 1932 1177 1988 his
1217 1949 1342 2007 quae
1371 1932 1442 1990 ab
1480 1933 1810 1992 adversariis
1848 1934 1903 1990 in
1931 1935 2268 1990 contrarium
2362 1955 2367 1960 ·

254 2021 609 2093 objiciuntur.
651 2022 732 2077 Ad
773 2021 828 2076 id
869 2037 1006 2092 ‚ergo
1035 2022 1180 2094 quod
1224 2022 1401 2095 primo
1432 2023 1707 2095 objicitur,
1746 2022 2160 2080 mendicitatem
2212 2027 2271 2077 et

255 2109 500 2178 divitiae,
527 2117 658 2177 etc.,
691 2108 980 2165 dicendum
1006 2109 1152 2183 quod
1180 2111 1324 2166 sicut
1353 2109 1563 2168 divitiae
1594 2129 1698 2170 non
1724 2119 1849 2168 sunt
1877 2113 1929 2167 in
1959 2111 2139 2184 culpa,
2172 2110 2266 2166 sed

257 2200 574 2256 divitiarum
602 2198 820 2265 abusuS,
852 2199 926 2254 ita
949 2199 1276 2255 mendicitas
1298 2200 1417 2255 sive
1440 2207 1735 2272 paupertas
1761 2217 1868 2256 non
1895 2208 1978 2256 est
2005 2201 2058 2255 in
2083 2199 2264 2272 culpa,

257 2289 354 2343 sed
385 2289 723 2360 paupertatis
767 2287 987 2355 abusus,
1025 2288 1244 2359 quando
1273 2288 1485 2344 scilicet
1523 2289 1720 2362 aliquis
1764 2295 2138 2362 paupertatem
2181 2291 2268 2343 in-

204 2368 222 2384 ⁰
259 2377 406 2431 vitus
446 2384 501 2431 et
531 2377 880 2449 impatienter
915 2377 1176 2442 sustinet3
1219 2380 1349 2431 tunc
1378 2376 1523 2431 enim
1552 2376 1824 2432 desiderio
1850 2376 2168 2432 divitiarum
2212 2376 2269 2429 in

260 2465 432 2520 multa
479 2473 703 2536 peccata
743 2465 1072 2536 quandoque
1100 2463 1316 2518 incidit.
1355 2463 1378 2518 1
1418 2463 1489 2520 ad
1518 2465 1659 2519 Tim.
1702 2479 1781 2528 vr,
1814 2467 1894 2519 9:
1940 2463 2046 2529 Qui
2084 2463 2269 2518 volunt

257 2553 449 2609 divites
474 2552 540 2624 fis
544 2553 620 2618 ri,
664 2552 910 2608 incidunt
950 2554 1010 2606 in
1058 2550 1404 2608 tentationem
1432 2558 1482 2606 et
1528 2551 1587 2606 in
1616 2553 1859 2623 laqueum
1884 2550 2103 2616 diaboli,
2133 2558 2264 2616 etc.,

257 2649 314 2696 et
341 2642 447 2697 hoc
489 2648 570 2696 est
599 2642 743 2714 quod
773 2622 906 2696 dicit
935 2640 1354 2714 Chrysostomus
1381 2656 1546 2711 super
1574 2639 1815 2696 Matthw
1803 2660 1871 2694 .«
1897 2639 2098 2697 Audite
2140 2639 2268 2712 qui-

259 2746 494 2803 cumque
521 2745 788 2802 pauperes
807 2730 958 2796 estiS,
989 2730 1164 2799 magis
1187 2735 1371 2786 autem
1397 2730 1489 2802 qui
1522 2729 1684 2786 ditari
1710 2729 2135 2802 concupiscitis:
2162 2743 2266 2784 non

259 2834 554 2892 pauperem
585 2834 703 2873 esse
739 2818 943 2874 malum
971 2825 1073 2884 est,
1105 2818 1200 2874 sed
1235 2812 1339 2874 non
1367 2819 1508 2874 velle
1544 2831 1836 2892 pauperem
1860 2833 2001 2874 esse.
2028 2830 2071 2870 ⁶»
2114 2819 2268 2874 Patet

258 2925 388 2980 ergo
429 2907 573 2981 quod
623 2916 814 2964 coacta
854 2914 1148 2980 paupertas
1194 2908 1490 2979 aliquando
1541 2907 1781 2982 pericula
1823 2907 1988 2964 habet
2033 2923 2263 2974 annexa,

259 3013 383 3070 quae
407 3014 441 3054 a
473 2997 780 3052 voluntaria
803 3001 1126 3069 paupertate
1150 3002 1275 3051 sunt
1304 2996 1513 3068 procul.
1540 2996 1641 3066 Qui
1668 2997 1811 3052 enim
1837 3003 1964 3052 sunt
1988 2997 2041 3050 in
2072 2995 2266 3051 volun-

259 3089 400 3143 taria
447 3092 768 3158 paupertate
816 3085 1016 3140 divites
1045 3085 1162 3140 fieri
1194 3085 1403 3140 nolunt.
1437 3084 1592 3152 Quod
1636 3101 1765 3156 ergo
1794 3085 1928 3140 dicit
1957 3083 2209 3140 Salomon
2250 3100 2264 3138 :

152 3191 156 3198 ·
262 3197 288 3228 α
322 3175 728 3232 mendicitatem
757 3180 813 3229 et
850 3174 1092 3239 divitias,
1143 3193 1170 3224 ³>
1202 3179 1332 3238 etc.,
1366 3172 1620 3244 intelligit
1651 3174 1718 3229 de
1748 3179 2069 3244 paupertate
2109 3173 2268 3226 invo-

262 3263 517 3329 luntaria,
560 3262 703 3334 quod
733 3268 886 3335 patet
915 3279 981 3317 ex
1021 3261 1126 3318 hoc
1150 3263 1293 3334 quod
1325 3262 1575 3333 sequitur
1610 3279 1621 3315 ε
1668 3281 1693 3313 α
1730 3263 1810 3316 Ne
1840 3265 2084 3332 egestate
2113 3273 2269 3314 com-

261 3353 466 3426 pulsus,
502 3373 525 3402 n
558 3359 687 3420 etc.,
717 3359 772 3407 et
793 3353 958 3408 etiam
984 3351 1179 3407 Glossa
1205 3350 1359 3415 dicit,
1388 3349 1534 3421 quod
1563 3370 1587 3402 α
1622 3350 1703 3404 vir
1726 3364 1852 3404 cum
1874 3364 1983 3422 quo
2008 3349 2091 3402 es't
2122 3347 2270 3402 Deus

261 3444 396 3514 petit
423 3453 493 3496 ne
523 3441 678 3512 copia
711 3440 789 3495 vel
844 3441 1022 3508 iuopia
1065 3439 1463 3494 transeuntium
1496 3453 1676 3493 rerum
1707 3438 1760 3491 in
1798 3436 2125 3492 oblivionem
2166 3434 2269 3489 de·-

260 3529 408 3585 cidat
447 3537 798 3585 aeternorum.
853 3546 879 3579 »
926 3526 1005 3580 Ex
1051 3540 1160 3598 quo
1205 3531 1358 3597 patet
1387 3525 1533 3597 quod
1580 3524 1810 3579 abusum
1858 3521 2174 3578 divitiarum
2211 3527 2267 3575 et

260 3617 600 3690 paupertatis
627 3616 842 3689 sapiens
881 3614 1195 3685 fugiendum
1232 3613 1413 3680 docet,
1445 3627 1552 3668 non
1583 3613 1729 3684 ipsas
1762 3609 1983 3668 divitias
2013 3610 2095 3666 vel
2128 3626 2266 3683 pau·-

259 3714 552 3777 pertatem.

330 3795 410 3849 Ad
443 3793 576 3849 illud
607 3794 751 3866 quod
779 3791 1017 3848 secundo
1038 3789 1311 3863 objicitur,
1344 3789 1491 3863 quod
1524 3789 1707 3847 utilior
1736 3797 1820 3846 est
1844 3789 2113 3862 sapientia
2141 3804 2267 3847 cum

259 3881 486 3951 divitiis,
533 3887 663 3949 etc.,
695 3881 1006 3949 dicendum,
1039 3879 1184 3953 quod
1231 3878 1457 3936 verbum
1488 3876 1635 3935 -illud
1676 3876 1981 3937 Salomonis
2022 3876 2270 3950 procedit
