2784 4392
794 264 904 309 xv.
935 278 1016 295 -
1039 263 1120 308 mr
1160 261 1465 308 anamma
1505 232 1844 307 Pammenia
2101 241 2104 246 '
2210 241 2329 302 287

321 390 450 432 nem
476 376 703 444 ducunt,
735 384 791 434 ει
819 394 1007 434 eorum
1035 378 1329 444 contraria,
1361 377 1662 435 secundum
1687 377 1831 451 quod
1858 375 2025 434 fuerit
2046 375 2331 450 possibile,

321 465 634 533 interdicat,
657 467 793 538 Quae
821 473 1005 524 autem
1028 468 1100 524 sit
1126 466 1195 524 ad
1225 482 1412 524 veram
1436 466 1835 524 beatitudinem
1858 466 1970 532 via,
1990 472 2046 522 et
2069 482 2195 540 quae
2220 466 2331 522 sint

319 553 710 627 impedimenta
735 558 870 629 ejus,
899 574 966 613 ex
989 556 1108 628 lege
1135 557 1320 613 divina
1345 556 1712 628 cognoscitur,
1741 558 1895 628 cujus
1920 555 2169 611 doctrina
2202 571 2330 626 per-

321 641 456 698 tinet
477 643 544 700 ad
569 644 916 701 sacerdotum
934 643 1192 712 officium,
1223 645 1524 700 secundum
1550 643 1683 701 illud
1708 643 1938 700 Malach.
1966 659 2031 709 ιι,
2056 644 2091 698 7
2124 661 2137 698 :
2164 641 2331 698 Lebia

316 732 644 788 sacerdotum
668 732 963 791 custodient
983 733 1278 798 seientiam,
1307 740 1358 790 et
1386 734 1547 806 leqem
1568 733 1848 805 requirent
1876 732 1937 787 de
1967 748 2057 788 ore
2088 732 2222 803 ejus.
2259 732 2331 787 Et

319 819 441 876 ideo
471 821 524 877 in
553 823 718 895 Dent.
745 839 891 888 xvu,
924 825 992 878 ’18
1023 840 1036 877 :
1078 823 1342 878 Dominus
1366 823 1617 899 praecipit
1648 839 1662 876 ε
1694 822 1979 894 Postquam
2006 820 2200 876 sederit
2232 836 2331 875 rex

317 907 376 964 in
399 909 526 965 solio
554 911 710 984 requi
749 911 862 976 sui,
883 911 1136 966 describet
1173 910 1277 967 sibi
1310 911 1783 967 Deuteronomium
1810 911 1938 981 leqis
1967 911 2125 982 hujus
2152 908 2211 963 in
2238 925 2332 966 vo·
2432 971 2438 980 ,

318 998 540 1064 lumine,
589 999 849 1072 accipiens
889 1001 1123 1071 exempla
1159 1016 1195 1056 a
1222 999 1489 1056 sacerdote
1518 999 1765 1057 Leviticae
1808 998 2005 1063 tribur,
2050 1005 2103 1055 et
2128 996 2333 1052 habebit

318 1103 514 1152 recum,
542 1088 772 1160 legetque,
795 1088 929 1144 illud
950 1088 1189 1144 omnibus
1210 1089 1391 1144 diebus
1410 1088 1535 1145 vitoe
1562 1105 1689 1154 suoe,
1721 1095 1784 1144 ut
1808 1088 1976 1144 discat
2003 1086 2190 1142 timere
2216 1085 2331 1141 Do-

318 1175 524 1230 minum
568 1175 736 1232 Deum
766 1193 918 1232 suum
953 1183 1002 1232 et
1037 1177 1302 1235 custodire
1329 1176 1492 1235 verba
1513 1185 1565 1234 et
1606 1176 1945 1242 coeremonias
1970 1176 2101 1248 ejus,
2131 1173 2333 1246 quw-in

318 1264 424 1334 ἱερε-
438 1272 705 1336 praecepta
730 1273 877 1322 sunt.
898 1267 1013 1322 Rex
1038 1265 1212 1338 legem
1242 1267 1411 1338 igitur
1430 1266 1673 1323 divinam
1693 1266 1940 1332 edoctuS,
1972 1265 2041 1321 ad
2061 1264 2163 1319 hoc
2188 1278 2334 1336 prae-

320 1352 542 1425 cipuum
571 1355 815 1410 studium
842 1354 1006 1410 debet
1040 1355 1342 1422 intendere,
1383 1355 1622 1428 qualiter
1651 1353 1947 1411 multitudo
1980 1353 2085 1408 sibi
2115 1351 2335 1408 subdita

322 1441 458 1496 bene
487 1443 654 1509 vivat,
687 1444 833 1516 quod
865 1443 1088 1516 quidem
1112 1444 1354 1499 studium
1380 1443 1436 1498 in
1459 1444 1566 1499 tria
1595 1442 1885 1518 dividitur,
1915 1450 1975 1497 ut
2005 1441 2181 1513 primo
2205 1439 2335 1512 qui-

323 1531 446 1586 dem
490 1531 544 1585 in
575 1531 823 1602 subjecta
863 1531 1210 1588 multitudine
1235 1531 1434 1588 bonam
1462 1532 1633 1586 vitam
1663 1531 1949 1598 instituat3
1982 1528 2238 1594 secundo,
2272 1535 2333 1583 ut

323 1619 632 1675 institutam
645 1605 960 1688 conservet3
979 1621 1163 1688 tertie,
1183 1624 1635 1674 utconservatam
1658 1618 1726 1674 ad
1748 1617 1972 1672 meliora
1995 1622 2336 1688 promoveat.

394 1707 476 1763 Ad
505 1707 704 1762 bonam
748 1713 932 1763 autem
963 1707 1122 1763 unius
1148 1707 1384 1762 hominis
1414 1707 1585 1764 vitam
1613 1706 1722 1762 duo
1762 1706 2135 1778 requiruntur,
2169 1719 2338 1759 unum

327 1796 642 1868 principale,
671 1797 817 1870 quod
845 1803 927 1852 est
953 1796 1197 1868 operatio
1223 1795 1523 1852 secundum
1552 1795 1833 1852 virtutem.
1860 1794 2048 1850 Virtus
2078 1793 2223 1848 enim
2253 1799 2337 1848 est

325 1901 432 1959 qua
466 1884 601 1940 bene
627 1885 849 1952 vivitur,
889 1884 1035 1940 aliud
1062 1901 1192 1941 vero
1217 1884 1601 1940 secundarium
1626 1891 1683 1940 et
1707 1884 1866 1957 quasi
1896 1879 2334 1951 instrumentale‚

325 1973 536 2029 scilicet
557 1973 921 2046 corporalium
947 1974 1211 2030 bonorum
1232 1973 1579 2039 sufficientia,
1610 1987 1843 2044 quorum
1870 1987 2009 2026 unus
2034 1976 2117 2026 est
2142 1985 2332 2026 neces-

326 2063 501 2118 sarius
527 2063 594 2119 ad
625 2070 810 2118 actum
839 2063 1088 2131 virtutis;
1125 2063 1240 2135 ipsa
1271 2069 1454 2122 tamen
1481 2062 1718 2139 hominis
1752 2059 1931 2117 unitas
1955 2075 2052 2132 per
2080 2067 2335 2115 naturam

326 2157 602 2217 causatur,
636 2150 1004 2206 multitudinis
1031 2157 1214 2207 autem
1236 2153 1438 2217 unitaS,
1465 2167 1589 2224 quae
1606 2165 1711 2223 pax
1737 2151 1960 2218 dicitur,
1986 2165 2081 2222 per
2096 2149 2337 2220 regentis

329 2238 652 2295 industriam
681 2249 764 2294 est
791 2238 1154 2311 procuranda.
1183 2240 1272 2294 Sic
1303 2240 1469 2310 igitur
1501 2240 1567 2295 ad
1592 2239 1791 2296 bonam
1818 2240 1988 2295 vitam
2020 2237 2333 2294 multitudi-

329 2331 413 2384 nis
460 2327 852 2383 instituendam
889 2327 992 2384 tria
1022 2327 1394 2400 requiruntur.
1440 2327 1617 2383 Primo
1649 2327 1890 2398 quidem,
1944 2333 2002 2381 ut
2043 2325 2337 2381 multitudo

331 2421 384 2473 in
413 2418 624 2473 unitate
655 2419 803 2489 pacis
829 2418 1212 2474 constituatur.
1236 2417 1503 2481 Secunde,
1539 2425 1599 2472 ut
1627 2416 1922 2471 multitudo
1944 2415 2159 2472 vinculo
2186 2415 2339 2488 pacis

332 2509 480 2562 unita
524 2507 792 2578 dirigatur
821 2505 890 2562 ad
929 2505 1066 2560 bene
1096 2498 1384 2576 agendum.
1436 2505 1590 2561 Sicut
1634 2505 1779 2560 enim
1820 2504 1983 2560 homo
2026 2503 2156 2558 nihil
2202 2503 2341 2560 bene

331 2613 489 2667 agere
521 2603 699 2668 potest
742 2595 844 2651 nisi
893 2595 1288 2668 praesupposita
1317 2610 1543 2650 suarum
1574 2593 1807 2667 partium
1839 2592 2069 2658 unitate,
2116 2592 2193 2647 ita
2237 2589 2337 2645 ho-

331 2687 535 2740 minum
577 2685 868 2741 multitudo
895 2684 1046 2757 pacis
1079 2684 1285 2740 unitate
1314 2699 1529 2747 carens,
1562 2683 1693 2738 dum
1732 2682 2015 2754 impugnat
2044 2696 2103 2736 se
2136 2681 2334 2752 ipsam,

334 2774 624 2846 impeditur
655 2791 685 2829 a
711 2774 846 2829 beno
881 2774 1114 2844 agendo.
1143 2773 1331 2838 Tertia
1361 2789 1490 2829 vero
1526 2770 1843 2846 requiritur,
1878 2778 1937 2825 ut
1966 2785 2061 2842 per
2100 2769 2338 2841 regentis

333 2862 656 2938 industriam
680 2865 1111 2918 necessariorum
1135 2861 1202 2918 ad
1229 2862 1365 2917 bene
1389 2861 1683 2918 vivendum
1700 2859 1843 2916 adsit
1863 2857 2139 2915 sufficiens
2156 2857 2336 2930 copia.

332 2952 421 3005 Sic
451 2949 616 3020 igitur
644 2949 784 3005 bona
815 2951 933 3006 vita
976 2967 1072 3022 per
1101 2951 1245 3022 regis
1274 2950 1513 3006 officium
1550 2950 1606 3004 in
1636 2947 1986 3004 multitudine
2014 2947 2333 3014 constituta,

333 3055 673 3111 consequens
697 3045 781 3094 est
805 3053 864 3092 ut
889 3039 955 3094 ad
986 3041 1104 3109 ejus
1134 3040 1604 3095 conservationem
1634 3038 1901 3093 intendat.

403 3131 538 3185 Sunt
563 3127 878 3184 autem'tria
906 3126 1105 3199 quibus
1129 3127 1327 3182 bonum
1349 3127 1623 3198 publicum
1649 3141 1967 3198 permanere
1987 3139 2091 3180 nou
2117 3125 2337 3190 sinitur,

335 3233 568 3290 quorum
597 3216 817 3289 quidem
845 3231 1012 3270 unum
1042 3224 1125 3270 est
1155 3231 1187 3270 a
1215 3222 1413 3271 natura
1438 3215 1782 3286 proveniens,
1812 3215 1934 3268 Non
1963 3213 2106 3268 enim
2134 3212 2337 3267 bonum

339 3305 698 3363 multitudinis
746 3305 814 3361 ad
855 3321 1018 3360 unum
1053 3309 1266 3361 tantum
1308 3311 1521 3377 tempus
1552 3303 1763 3358 institui
1806 3300 1988 3365 debet,
2036 3299 2129 3354 sed
2176 3308 2234 3355 ut
2268 3300 2339 3354 sit

335 3395 738 3471 quodammodo
775 3403 1113 3466 perpetuum.
1156 3393 1417 3449 Homines
1455 3399 1641 3449 autem
1667 3407 1789 3446 cum
1820 3391 1929 3446 sint
1958 3387 2237 3456 mortaleS‚
2283 3389 2341 3442 in

262 3558 269 3565 ἱ
337 3491 659 3560 perpetuum
689 3482 888 3538 durare
927 3499 1031 3538 non
1059 3492 1305 3554 possunt.
1338 3483 1453 3539 Nec
1482 3482 1611 3536 dum
1639 3480 1847 3543 vivunt,
1880 3493 2095 3548 semper
2119 3482 2245 3531 sunt
2282 3476 2339 3530 in

337 3576 524 3631 eodem
556 3572 762 3643 vigore,
796 3572 922 3643 quia
957 3571 1140 3626 multis
1175 3569 1569 3626 variationibus
1609 3569 1844 3623 humana
1883 3567 1996 3623 vita
2025 3565 2337 3637 subjicitur,

338 3672 392 3720 et
416 3665 494 3718 sic
519 3677 624 3717 non
651 3668 778 3717 sunt
802 3659 1045 3714 homines
1076 3659 1142 3715 ad
1172 3660 1363 3715 eadem
1393 3657 1570 3714 officia
1596 3655 1904 3728 peragenda
1929 3654 2215 3726 aequaliter
2241 3669 2337 3725 per
2363 3668 2373 3679 ·

340 3759 510 3809 totam
532 3752 702 3819 vitam
728 3748 926 3805 idonei.
955 3747 1114 3804 Aliud
1147 3755 1330 3804 autem
1352 3746 1799 3822 impedimentum
1825 3744 1950 3800 boni
1977 3742 2176 3815 publici
2202 3758 2341 3798 con-

338 3841 588 3900 servandi
621 3840 689 3899 ab
718 3837 962 3897 interiori
992 3837 1314 3914 proveniens
1351 3838 1408 3895 in
1435 3835 1793 3909 perversitate
1831 3833 2173 3895 voluntatum
2203 3846 2343 3894 con-e
