2784 4392
454 234 574 293 282
934 248 985 295 s.
1029 245 1266 295 mona.
1305 246 1637 301 mmmm
1678 244 1991 295 croscum

458 368 664 425 virtute
692 366 890 424 animae
918 366 1245 424 informatur
1274 382 1492 440 corpus,
1524 367 1721 423 deinde
1750 354 1880 423 vero
1923 380 2021 439 per
2059 364 2301 421 animam
2340 378 2476 421 cor-

455 471 557 528 pus
581 456 788 529 regitur
831 464 886 512 et
935 461 1215 525 movetur-3
1243 456 1436 511 horum
1481 463 1667 512 autem
1709 454 2009 511 secundum
2046 454 2271 527 quidem
2296 453 2475 526 magis

459 543 674 614 proprie
701 543 938 616 pertinet
969 543 1038 599 ad
1071 542 1215 614 regis
1243 542 1502 598 officium.
1526 542 1681 598 Unde
1707 542 1775 598 ad
1816 557 2005 598 omnes
2048 556 2203 613 reges
2232 542 2473 613 pertinet

457 632 778 701 gubernatio
820 640 878 691 et
917 648 951 688 a
996 632 1407 703 gubernationis
1448 630 1712 703 regimine
1749 632 1893 703 regis
1932 646 2127 687 nomen
2177 630 2469 703 accipitur.

459 720 697 776 Primum
737 714 944 776 autem'
971 735 1108 793 opus
1153 736 1258 775 non
1303 719 1555 775 omnibus
1598 717 1817 790 regibus
1854 720 2129 775 convenit.
2160 720 2281 775 Non
2324 720 2471 775 enim

457 824 645 865 omnes
666 824 892 880 regnum
923 814 1018 865 aut
1046 808 1331 864 civitatem
1356 809 1668 873 instituunt,
1685 808 1739 861 in
1765 823 1875 880 quo
1900 814 2151 879 regnant,
2181 808 2277 863 sed
2303 824 2473 880 regno

467 913 531 951 ac
555 898 763 952 civitati
795 900 912 969 jam
943 898 1212 953 institutis
1255 896 1537 969 regiminis
1565 912 1753 952 curam
1793 897 2135 969 impendunt.
2161 897 2259 953 Est
2286 904 2471 953 autem

457 986 932 1053 considerandum,
962 987 1108 1059 quod
1146 987 1251 1042 nisi
1294 986 1663 1057 praecessisset
1704 986 1798 1058 qui
1844 985 2158 1041 institueret
2187 986 2471 1042 civitatem

463 1080 558 1129 aut
587 1073 834 1145 regnum,
867 1074 1044 1129 locum
1076 1090 1183 1130 non
1212 1075 1439 1131 haberet
1474 1073 1798 1145 gubernatio
1826 1074 1997 1145 regui.
2018 1072 2131 1131 Sub
2158 1074 2302 1145 regis
2326 1074 2471 1129 enim

421 1220 425 1224 ,
463 1162 640 1218 officio
665 1162 1142 1234 comprehenditur
1166 1164 1334 1219 etiam
1360 1161 1634 1219 institutio
1659 1162 1901 1219 civitatis
1926 1172 1982 1219 et
2007 1163 2179 1234 regni.
2209 1162 2473 1219 Nonnulli

463 1252 608 1306 enim
632 1252 886 1307 civitates
921 1250 1295 1319 instituerunt,
1325 1252 1380 1306 in
1413 1252 1610 1324 quibus
1650 1258 1961 1325 regnarent,
1994 1259 2055 1307 ut
2090 1252 2265 1309 Ninus
2310 1252 2474 1308 Nini-

460 1350 604 1406 ‘vem‚
630 1348 684 1396 et
709 1339 971 1396 Romulus
1007 1341 1261 1421 Romam2
1288 1340 1549 1397 Similiter
1579 1340 1747 1397 etiam
1794 1341 1864 1397 ad
1910 1341 2320 1413 gubernationis
2344 1340 2473 1397 offi-

465 1428 610 1483 cium
660 1428 913 1501 pertinet,
939 1436 996 1483 ut
1046 1428 1349 1499 gubernata
1398 1435 1702 1496 conservet,
1734 1446 1799 1486 ac
1845 1430 1925 1485 eis
1976 1437 2183 1495 utatur,
2214 1430 2283 1486 ad
2322 1431 2469 1503 quod

465 1521 592 1569 sunt
619 1510 938 1570 constituta.
971 1515 1089 1570 Non
1117 1515 1284 1586 igitur
1313 1516 1727 1587 gubernationis
1758 1514 1996 1572 officium
2026 1515 2182 1589 plene
2212 1516 2467 1587 cognosci

467 1602 686 1673 poterit,
715 1602 762 1656 si
791 1601 1151 1657 institutionis
1181 1603 1320 1657 ratio
1350 1602 1649 1673 ignoretur.
1681 1601 1844 1657 Ratio
1888 1608 2073 1658 autern
2113 1601 2475 1658 institutionis

471 1690 621 1759 regni
649 1689 717 1745 ab
741 1689 988 1761 exemplo
1017 1690 1378 1745 institutionis
1422 1690 1609 1745 mundi
1637 1691 1899 1745 sumenda
1924 1696 2025 1759 est,
2058 1691 2116 1747 in
2154 1706 2262 1762 quo
2296 1691 2474 1764 primo

469 1777 844 1833 consideratur
888 1772 1128 1849 ipsarum
1175 1776 1358 1833 rerum
1411 1780 1717 1851 producti0‚
1764 1779 1959 1834 deinde
2001 1780 2239 1851 partium
2284 1781 2473 1835 mundi

472 1866 721 1922 ordinata
759 1866 1060 1923 distinctio.
1091 1866 1330 1923 Ulterius
1371 1873 1555 1923 autem
1604 1867 1831 1937 singulis
1873 1868 2060 1922 mundi
2108 1867 2356 1939 partibus
2384 1868 2476 1923 di-

471 1970 645 2025 versae
688 1970 867 2010 rerum
905 1955 1115 2027 species
1160 1954 1471 2011 distributae
1506 1954 1779 2023 videntur,
1817 1964 1877 2011 ut
1914 1955 2086 2013 stellae
2126 1956 2285 2023 coele,
2314 1956 2479 2013 volu-

473 2059 592 2099 cres
629 2044 762 2111 aeri,
794 2042 971 2115 pisces
998 2058 1174 2115 aquen,
1203 2042 1462 2099 animalia
1496 2051 1671 2111 terrae,
1704 2045 1900 2100 deinde
1927 2044 2153 2115 singulis
2182 2045 2475 2117 ea‘quibus

474 2131 716 2203 indigent
741 2131 1082 2188 abundanter
1110 2130 1375 2189 divinitus
1403 2133 1621 2203 provisa
1649 2132 1923 2188 videntur.
1954 2133 2106 2189 Hanc
2134 2142 2319 2189 autem
2356 2135 2475 2189 ins-

477 2220 746 2296 titutionis
772 2222 1041 2276 rationem
1065 2222 1282 2294 Moyses
1309 2221 1585 2277 subtiliter
1611 2228 1666 2276 et
1694 2220 1983 2292 diligenter
2007 2223 2291 2293 expressit.

544 2309 725 2365 Primo
753 2310 898 2365 enim
923 2326 1105 2365 rerum
1129 2311 1544 2382 productionem
1568 2310 1837 2384 proponit,
1862 2310 2048 2365 dicens
2077 2326 2097 2366 .·
2122 2310 2190 2365 In
2210 2309 2473 2383 principio

477 2398 676 2456 creavit
706 2400 845 2455 Deus
869 2400 1048 2456 coelum
1076 2406 1128 2456 et
1159 2406 1364 2457 terram
1375 2416 1395 2467 ,ε
1427 2399 1625 2461 deinde
1646 2398 1959 2457 secundum
1987 2398 2230 2459 ordinem
2269 2415 2474 2456 conve-

478 2490 715 2546 nientem
739 2492 919 2547 omnia
965 2490 1226 2545 divinitus
1261 2489 1524 2545 distincta
1553 2503 1673 2543 esse
1712 2488 2018 2553 denuntiat,
2048 2486 2302 2545 videlicet
2328 2489 2473 2545 diem

476 2594 508 2633 a
539 2587 716 2645 nocte,
745 2594 776 2633 a
805 2578 1176 2650 superioribus
1199 2577 1475 2643 inferiora,
1512 2592 1661 2632 mare
1690 2577 1760 2632 ab
1792 2576 1967 2633 arida.
1996 2576 2134 2633 Hinc
2160 2578 2359 2634 coelum
2388 2577 2473 2633 lu-

479 2666 796 2732 minaribus,
830 2665 1020 2721 avibus
1058 2680 1259 2732 aerem,
1293 2680 1443 2721 mare
1484 2663 1741 2737 piscibus,
1768 2666 2091 2722 animalibus
2134 2672 2335 2723 terram
2379 2682 2472 2723 or-

477 2759 664 2807 natam
703 2753 886 2818 refert,
924 2753 1112 2808 ultimo
1136 2752 1474 2823 assignatum
1516 2752 1823 2809 hominibus
1854 2761 2013 2811 terrae
2052 2754 2473 2828 animaliumque

478 2841 802 2895 dominium.
848 2841 1014 2897 Usum
1065 2855 1194 2895 vero
1251 2840 1559 2912 plantarum
1607 2847 1721 2897 tam
1760 2842 1893 2913 ipsis
1936 2858 2099 2915 quam
2150 2842 2471 2899 animalibus

477 2928 694 2985 caeteris
739 2944 804 2983 ex
850 2928 1194 3001 providentia
1230 2928 1419 2985 divina
1454 2928 1757 2985 denuntiat.
1798 2931 2084 2987 Institutor
2116 2937 2301 2987 autem
2334 2930 2473 2987 civi-

479 3020 608 3075 tatis
648 3024 702 3074 et
732 3017 882 3089 regni
912 3017 980 3073 de
1023 3032 1160 3073 novo
1204 3016 1503 3090 producere
1528 3018 1793 3086 homines,
1826 3024 1883 3075 et
1912 3018 2030 3075 loca
2060 3020 2128 3075 ad
2159 3019 2470 3078 inhabitan-

477 3110 625 3175 dum,
669 3114 732 3163 et
767 3114 968 3163 caetera
1018 3106 1147 3163 vitae
1205 3106 1450 3162 subsidia
1495 3122 1603 3162 non
1664 3113 1861 3178 potest,
1903 3106 2001 3163 sed
2050 3124 2270 3165 necesse
2309 3108 2469 3165 habet

477 3198 559 3253 his
606 3198 687 3253 uti
735 3212 860 3269 qnae
897 3196 950 3251 in
994 3203 1188 3253 natura
1235 3195 1613 3267 praeexistunt.
1644 3196 1795 3253 Sicut
1844 3196 2011 3253 etiam
2060 3206 2279 3255 caeterae
2325 3207 2470 3255 artes

475 3288 806 3359 operationis
847 3302 962 3341 suae
1013 3286 1302 3340 materiam
1332 3300 1362 3341 a
1394 3292 1594 3341 natura
1632 3284 1930 3357 accipiunt,
1969 3292 2029 3340 ut
2066 3285 2205 3341 fabri
2247 3284 2465 3354 ferrum,

474 3374 773 3431 aedifieator
819 3374 964 3446 ligna
1011 3380 1068 3428 et
1106 3372 1312 3445 lapides
1370 3373 1429 3429 in
1477 3374 1613 3430 artis
1668 3390 1827 3431 usum
1884 3381 2189 3431 assumunt.
2238 3377 2469 3433 Necesse

473 3470 558 3520 est
612 3463 778 3535 igitur
834 3462 1132 3519 institutori
1186 3461 1431 3518 civitatis
1476 3469 1531 3538 et
1574 3464 1729 3535 regni
1781 3464 2015 3537 primum
2062 3464 2281 3538 quidem
2335 3481 2469 3522 con-

473 3570 668 3625 gruum
730 3553 908 3609 locu'm
971 3539 1169 3623 eligere
1229 3552 1323 3624 qui
1385 3552 1712 3609 salubritate
1766 3552 2103 3613 habitatores
2154 3562 2464 3622 conservet,

471 3641 722 3697 ubertate
757 3641 841 3697 'ad
883 3641 1090 3698 victum
1149 3640 1417 3708 sufficiat,
1468 3642 1789 3697 amoenitate
1848 3641 2115 3709 delectet,
2170 3640 2468 3697 munitione

471 3728 542 3783 ab
576 3729 820 3785 hostibus
868 3736 1014 3785 tutos
1059 3729 1276 3786 reddat.
1314 3730 1469 3800 Quod
1520 3731 1565 3787 si
1610 3730 1815 3805 aliquid
1856 3730 1924 3787 de
1956 3732 2107 3789 dicta
2146 3731 2469 3803 opportuni-

475 3821 588 3871 tate
625 3816 864 3886 deficiat,
907 3824 1058 3875 tanto
1111 3819 1262 3875 locus
1305 3820 1414 3875 erit
1467 3822 1877 3880 convenientior
1926 3828 2134 3896 quanto
2182 3824 2340 3895 plura
2383 3822 2467 3881 vel
