2784 4392
819 278 927 323 XV.
958 293 1038 307 --
1066 278 1143 321 DE
1187 278 1491 321 REGIMINE.
1534 278 1868 323 PRINCIPUM
2226 256 2347 322 299

342 388 456 445 rius
483 397 538 449 et
563 390 786 449 liberius
815 392 970 449 nobis
1003 394 1306 452 offeruntur
1347 394 1419 449 ad
1453 408 1625 461 esum,
1655 394 1800 467 quod
1837 393 1921 449 est
1963 400 2120 449 actus
2173 393 2349 465 magis

341 485 543 537 nostrae
567 482 1010 553 proportionatus
1039 488 1270 551 naturae,
1303 499 1368 539 ex
1393 498 1503 555 quo
1532 491 1586 541 et
1612 482 1987 539 delectabilius
2018 484 2152 553 agit.

411 568 658 641 Amplius
713 577 916 641 autem,
955 579 1021 629 -et
1062 588 1228 631 causa
1276 573 1581 646 com-munis
1633 573 1749 644 jnm
1787 571 1937 635 dicta
1983 571 2235 644 superius
2278 571 2347 630 ad

338 655 442 712 hoc
483 658 635 728 facit,
672 659 902 727 scilicet,
935 660 1132 717 vitatio
1179 662 1492 717 commercii
1537 677 1663 718 cum
1701 660 1931 728 civibus,
1977 661 2125 733 quod
2167 665 2347 733 potest

338 758 458 801 esse
485 747 728 803 scandali
753 748 1142 805 adminiculum
1175 750 1593 823 praecavendum
1618 750 1941 807 officialibus
1968 750 2133 821 regis.

407 832 616 892 Rursus
655 836 758 893 hoc
782 835 952 907 exigit
983 838 1384 908 magnificentia
1412 840 1575 911 regiS,
1602 846 1660 895 ut
1690 838 2097 896 transeuntibus
2126 838 2183 893 in
2208 836 2346 893 cibis

338 928 394 979 et
422 924 642 995 potibus
671 924 890 981 uberius
920 924 1332 985 administretur
1377 932 1433 982 et
1459 926 1698 999 largiu83
1740 926 1843 983 hoc
1866 934 2048 983 autem
2080 926 2141 981 fit
2178 941 2348 998 expe-

338 1010 527 1079 ditius,
556 1014 601 1067 si
634 1029 789 1084 reges
818 1012 1096 1087 abundent
1127 1016 1384 1087 gregibus
1412 1024 1466 1071 et
1497 1015 1779 1073 armentis.

409 1102 764 1159 Concluditur
804 1118 934 1173 ergo
977 1120 1042 1159 ex
1087 1104 1384 1174 praedictis,
1415 1106 1560 1179 quod
1605 1105 1819 1163 divitiae
1845 1100 2121 1162 naturales
2151 1118 2346 1160 neces·-

337 1190 499 1247 sariae
524 1196 652 1245 sunt
674 1190 809 1262 regi,
841 1192 978 1247 utin
1007 1191 1236 1263 singulis
1282 1193 1595 1265 regionibus
1633 1193 1881 1267 proprias
1922 1193 2123 1255 habeat
2158 1191 2228 1249 ad
2258 1193 2345 1249 sui

338 1278 619 1350 regiminis
638 1288 695 1337 et
719 1280 869 1351 regni
901 1281 1200 1339 munimen.

1089 1461 1372 1530 CAPUT
1443 1462 1589 1529 VII.

347 1590 525 1665 Quod
553 1594 780 1671 oportet
824 1608 1019 1672 reqem
1065 1590 1370 1655 abundare
1406 1593 1645 1655 divitiis
1680 1592 2133 1669 artificialibus,
2158 1596 2231 1654 ut
2256 1594 2345 1656 est

516 1698 738 1743 aurum
761 1686 817 1743 et
846 1684 1184 1761 amentum,
1213 1687 1268 1744 et
1291 1682 1592 1747 numisma
1619 1697 1689 1744 om
1714 1681 1799 1747 eis
1828 1683 2173 1756 conflatum.

409 1814 513 1873 Sed
561 1814 628 1869 de
681 1813 1058 1870 artificialibus
1094 1813 1320 1881 divitiis,
1356 1821 1418 1870 ut
1472 1823 1556 1870 est
1600 1830 1792 1871 aurum
1845 1820 1901 1869 et
1948 1819 2233 1885 argentum
2288 1818 2344 1869 et

340 1901 446 1959 alia
479 1902 715 1969 metalla,
741 1910 794 1958 et
825 1920 891 1959 ex
906 1902 1048 1976 ¹ipsis
1075 1903 1310 1959 conflata
1345 1906 1696 1969 numismata,
1726 1904 2035 1959 necessaria
2076 1908 2203 1958 sunt
2228 1900 2350 1973 regi

341 1993 407 2048 ad
450 1992 724 2047 munimen
769 1993 1050 2063 regiminis
1091 1992 1195 2047 sui.
1223 1992 1517 2065 Supposito
1559 1992 1703 2049 enim
1745 1991 1894 2064 quod
1936 1990 2225 2062 collegium
2272 1992 2346 2046 sit

341 2081 704 2136 necessarium
736 2080 1032 2135 secundum
1060 2088 1316 2138 naturam
1343 2081 1413 2135 ad
1450 2080 1689 2152 regimen
1730 2079 2195 2145 constituendum,
2228 2077 2345 2134 sive

343 2168 603 2240 politiam,
636 2174 691 2223 et
721 2184 818 2240 per
840 2184 1178 2241 consequens
1198 2186 1293 2224 rex
1321 2176 1377 2223 et
1408 2170 1737 2241 quicumque
1768 2168 2038 2235 dominus,
2070 2168 2162 2241 qui
2202 2167 2348 2221 mul-

344 2257 630 2319 titudinem
687 2264 869 2326 rcgat;
915 2263 1132 2327 oportet
1178 2256 1407 2311 ulterius
1448 2256 1773 2314 concludere
1816 2258 1885 2312 de
1926 2257 2028 2311 sibi
2078 2270 2342 2321 conneXO,

343 2346 596 2401 videlicet
624 2346 973 2411 thesauro‚ut
1001 2354 1086 2401 est
1113 2361 1306 2401 aurum
1345 2352 1401 2401 et
1429 2351 1805 2417 argentum‚et
1832 2362 1900 2401 ex
1938 2346 2019 2403 eis
2045 2345 2342 2401 conflatum

323 2426 630 2502 numisma,
659 2435 776 2490 sine
803 2451 913 2509 quo
937 2451 1094 2491 suum
1122 2436 1357 2506 regimen
1385 2452 1480 2489 rex
1508 2451 1744 2507 congrue
1770 2442 1827 2491 et
1854 2441 2158 2507 opportune
2187 2426 2374 2491 exer·-v

343 2541 464 2579 cere
497 2541 600 2579 non
633 2530 841 2596 potest;
869 2523 1012 2597 quod
1046 2524 1265 2595 quidem
1293 2523 1506 2579 ostendi
1534 2528 1713 2595 potest
1744 2521 2033 2593 multiplici
2055 2521 2166 2577 via.

413 2614 590 2671 Prima
620 2613 840 2684 quidem
869 2612 1252 2667 manifestatur
1275 2628 1342 2667 ex
1372 2619 1528 2684 parte
1554 2611 1715 2682 regis.
1733 2612 1907 2665 Homo
1932 2610 2075 2665 enim
2106 2610 2159 2665 in
2191 2625 2348 2666 com-

346 2702 732 2761 mutationibus
761 2703 1044 2767 faciendiS‚
1077 2716 1208 2757 auro
1248 2701 1332 2756 vel
1367 2709 1614 2772 argento,
1646 2700 1761 2756 sive
1806 2700 2133 2755 numismate
2176 2699 2347 2755 utitur

345 2799 406 2845 ut
427 2791 811 2846 instrumento.
841 2791 994 2847 Unde
1035 2790 1388 2863 Philosophus
1419 2791 1551 2846 dicit
1597 2791 1659 2845 in
1691 2790 1736 2847 V
1764 2790 1966 2855 Etlnc„
2004 2789 2149 2863 quod
2182 2808 2207 2841 α
2240 2804 2346 2843 nu-

348 2880 540 2934 misma
590 2889 673 2941 est
719 2879 877 2951 quasi
916 2880 1202 2951 fidejussor
1248 2881 1449 2937 futurae
1502 2880 1865 2945 necessitatis,
1913 2879 2045 2952 quia
2099 2877 2347 2935 continet

346 2982 524 3025 omma
567 2982 731 3038 opera
772 2968 914 3022 sicut
943 2968 1183 3037 ipsarum
1215 2970 1473 3040 pretium.
1510 2988 1535 3019 n
1566 2969 1621 3025 Si
1662 2985 1794 3039 ergo
1836 2968 2067 3042 quilibet
2114 2968 2343 3039 indiget,

345 3056 512 3113 multo
544 3057 717 3127 magis
745 3072 858 3124 rex,
890 3056 1021 3127 quia
1059 3056 1105 3111 si
1148 3056 1467 3128 simpliciter
1494 3056 1562 3111 ad
1592 3056 1932 3128 simpliciter,
1966 3062 2023 3112 et
2063 3057 2237 3127 magis
2275 3055 2346 3111 ad

345 3144 536 3218 magis-

413 3238 642 3291 Rursus.
670 3234 855 3291 Virtus
883 3233 1327 3307 proportionatur
1364 3239 1594 3298 naturae,
1624 3240 1679 3287 et
1721 3246 1856 3305 opus
1885 3232 2099 3288 virtuti.
2130 3234 2343 3290 Natura

307 3331 525 3384 ,autem
567 3332 744 3379 status
787 3322 984 3394 regalis
1029 3322 1324 3395 quamdam
1372 3320 1536 3375 habet
1584 3321 2071 3387 universalitatem,
2106 3336 2170 3376 eo
2200 3320 2348 3393 quod

343 3414 646 3468 communis
679 3420 762 3467 est
810 3412 1006 3485 populo
1053 3411 1157 3467 sibi
1193 3411 1461 3483 subject0‚
1502 3426 1630 3482 ergo
1670 3418 1751 3467 est
1800 3412 1972 3466 virtus
2011 3418 2065 3465 et
2094 3410 2347 3475 similiter

344 3517 498 3574 opus·
529 3502 582 3556 Si
633 3517 760 3571 ergo
807 3507 985 3577 status
1027 3500 1713 3556 dominorum-secundum
1764 3516 1916 3563 suam
1962 3506 2215 3555 naturam
2262 3502 2347 3555 est

344 3591 852 3656 communicativus,
885 3606 1014 3660 ergo
1056 3590 1230 3645 virtus
1272 3597 1327 3644 et
1369 3588 1643 3661 operatio;
1690 3590 1793 3644 boc
1832 3585 2017 3644 autem
2063 3602 2183 3643 esse
2237 3603 2345 3643 non

347 3688 524 3753 potest
569 3680 686 3735 sine
735 3680 1081 3746 numismate,
1126 3679 1280 3750 sicut·
1313 3694 1415 3733 nec
1456 3675 1627 3745 faber,
1657 3693 1755 3733 nec
1796 3676 2173 3750 carpentarius
2226 3677 2344 3735 sine

347 3770 579 3841 propriis
609 3768 1007 3845 instrumentis.
2166 3828 2171 3836 .

418 3858 576 3915 Item.
616 3856 700 3915 Ad
740 3858 888 3917 idem
929 3856 1227 3915 secundum
1257 3854 1636 3931 Philosophum
1666 3854 1721 3914 in
1746 3856 1817 3915 IV
1842 3854 2022 3913 Echio.
2059 3871 2127 3910 ια
2160 3854 2347 3915 Virtus
2404 3884 2409 3888 ν
