2784 4392
393 304 423 391 j
465 300 586 369 804
942 321 998 371 ι.
1034 320 1273 371 saeua
1311 320 1643 375 Aonium·
1682 320 2000 372 erucem

465 438 658 513 tringit
682 452 970 497 numerum
1002 438 1060 496 in
1097 440 1350 497 exercitu
1378 453 1677 509 armornm,
1702 438 1963 499 videlicet
1988 439 2061 497 ad
2086 438 2279 497 decem
2306 434 2485 499 miliia

465 529 730 601 peditum,
749 535 804 585 et
825 526 934 587 duo
951 529 1124 589 millia
1147 530 1416 604 equitum,
1434 528 1522 589 vei
1543 528 1613 587 ad
1634 529 1759 605 plus
1780 528 1978 605 viginti
2002 528 2176 587 millia
2200 528 2481 603 peditum,

465 625 522 675 et
549 623 788 693 quatuor
823 618 996 677 millia
1039 620 1309 693 equitum,
1337 620 1633 678 ostendens
1678 634 1879 693 magna
1920 618 2331 675 multitudinem
2358 632 2487 675 esse

463 706 804 777 damnosam,
839 716 956 770 tum
983 709 1114 783 quia
1137 709 1417 767 difficilius
1456 709 1684 783 regitur,
1713 714 1830 767 tum
1876 708 2009 785 quia
2051 708 2377 780 laboriosius
2422 707 2487 765 in

465 797 796 855 victualibus
821 798 1159 872 providetur.
1189 798 1399 856 ibidem
1429 799 1598 857 etiam
1624 814 1752 855 cum
1775 797 2020 855 exercitu
2048 802 2333 871 computat
2368 812 2484 853 non

463 887 640 944 solum
671 890 894 959 tirones,
922 888 1018 947 sed
1048 888 1216 947 etiam
1241 890 1614 959 auxiliatoreS‚
1644 888 1793 963 quod
1820 886 1889 946 ad
1914 888 2068 959 alios,
2094 888 2245 945 cives
2280 886 2485 943 referi-

466 992 606 1045 mus,
635 976 729 1052 qui
755 994 862 1035 non
890 983 1048 1037 erant
1071 978 1284 1037 militiae
1321 978 1601 1052 deputati3
1628 984 1687 1035 et
1726 985 1998 1053 proeterea
2038 976 2188 1033 idem
2214 976 2479 1049 Vegetius

465 1068 521 1123 in
544 1067 570 1123 1
594 1066 869 1135 libro,‚ubi
893 1066 1055 1127 docet
1083 1068 1211 1143 eligi
1251 1070 1504 1136 tironem,
1532 1066 1602 1125 ad
1627 1065 1897 1141 agricolas
1923 1072 1981 1125 et
2014 1064 2256 1123 artifices
2300 1066 2482 1141 magis

465 1154 716 1226 remittit,
751 1172 816 1213 eo
841 1156 986 1230 quod
1009 1158 1212 1227 assueti
1237 1162 1366 1214 sunt
1395 1158 1466 1214 ad
1500 1156 1734 1213 labores·

534 1244 861 1303 Assumendi
899 1252 1030 1303 sunt
1065 1246 1234 1319 igitur
1274 1246 1425 1302 cives
1448 1245 1519 1303 ad
1562 1258 1802 1317 pugnam
1830 1258 1940 1301 nen
1962 1241 2141 1301 solum
2182 1242 2481 1301 bellatores

465 1333 711 1391 distincti
743 1333 796 1389 in
827 1348 1175 1408 quocumque
1202 1350 1403 1407 genere
1424 1334 1555 1401 sint,
1584 1334 1702 1389 sive
1724 1323 2045 1401 consiliarii,
2067 1332 2184 1390 sive
2211 1334 2475 1401 artifices,

467 1424 584 1481 sive
603 1422 980 1495 agricultoreS,
1008 1422 1303 1499 dummodo
1333 1421 1747 1499 dispositionem
1775 1422 2021 1495 corporis
2049 1420 2306 1491 habeant,
2334 1422 2481 1478 unde

465 1527 574 1570 non
601 1512 971 1587 impediantur
1000 1528 1255 1585 apugna,
1286 1518 1346 1569 ut
1383 1519 1512 1569 sunt
1551 1511 1797 1567 homines
1838 1511 2140 1584 corpulenti
2169 1516 2225 1567 et
2265 1512 2483 1585 ponde-

467 1602 576 1659 rosi
606 1603 674 1658 ad
723 1601 1132 1659 ambulandum.
1161 1596 1322 1659 Cives
1351 1600 1514 1657 nimis
1542 1600 1759 1657 delictis
1801 1599 1993 1666 dediti,
2022 1599 2266 1657 homines
2302 1588 2479 1657 'etiam

467 1705 606 1764 quos
649 1690 909 1748 emeritos
959 1690 1236 1747 habebant
1273 1690 1486 1764 antiqui
1543 1686 1794 1756 Romani,
1836 1686 2085 1745 homines
2131 1687 2300 1745 etiam
2342 1704 2483 1762 pro-

469 1784 639 1837 veclae
662 1780 863 1848 aetatis,
899 1796 1045 1853 quos.
1066 1780 1252 1837 divina
1283 1779 1371 1836 lex
1414 1778 1663 1853 prohibet
1696 1794 1730 1835 a
1754 1792 1954 1850 pugna,
1988 1777 2085 1833 bos
2123 1777 2417 1835 excludere
2446 1792 2481 1836 a

469 1882 649 1940 pugna
673 1868 900 1939 dignum
921 1861 1158 1935 videtur,
1188 1874 1247 1923 ut
1287 1874 1443 1941 patet
1470 1868 1526 1925 in
1550 1868 1734 1935 Deut„
1762 1882 1901 1943 quos
1930 1864 2018 1921 lex
2052 1861 2315 1939 praedicta
2344 1883 2482 1939 pro-

469 1955 637 2023 bibet,
688 1956 926 2013 instante
977 1944 1241 2023 exercitu,
1301 1963 1358 2012 et
1401 1955 1741 2013 acclamante
1780 1961 2037 2030 praetore.
2078 1954 2183 2012 Ubi
2240 1962 2481 2029 quatuor

465 2060 666 2117 genera
694 2040 972 2100 bominum
997 2046 1403 2119 ponuntur,qui
1432 2061 1461 2102 a
1488 2055 1677 2119 pugna
1696 2046 2042 2119 excipiuntur
2064 2043 2286 2114 ibidem,
2318 2046 2479 2103 vide-

469 2132 596 2189 licet
624 2133 718 2207 qui
748 2133 1076 2191 aedificasset
1115 2149 1313 2191 novam
1360 2134 1603 2203 domum,
1629 2140 1686 2190 et
1726 2148 1831 2191 non
1878 2150 1943 2191 ea
1986 2132 2179 2189 ruisset
2209 2150 2359 2202 usne,
2390 2134 2479 2193 vei

469 2222 562 2297 qui
593 2221 896 2293 plantasset
919 2236 1117 2281 novam
1145 2224 1382 2292 vineam,
1416 2224 1511 2298 qui
1561 2224 1615 2278 in
1662 2223 1911 2296 proximo
1954 2237 2179 2279 uxorem
2208 2222 2477 2281 duxisset.

469 2312 605 2381 Quae
628 2311 851 2385 quidem
881 2311 988 2369 tria
1027 2313 1388 2369 intentionem
1416 2312 1731 2381 distrahunt
1771 2326 1805 2369 a
1843 2318 2138 2385 pugnante,
2171 2318 2229 2369 et
2266 2328 2335 2367 ex
2376 2312 2480 2369 boc

471 2398 706 2456 efficitur
740 2400 922 2457 minus
951 2400 1149 2457 audax.
1183 2401 1455 2475 Quartum
1482 2416 1655 2475 genus
1682 2406 1766 2457 est
1792 2400 1957 2455 nimis
1984 2400 2298 2457 timentium
2326 2416 2481 2457 mor-

472 2497 603 2556 tem,
633 2484 761 2565 quia
801 2504 961 2548 sacra
996 2490 1278 2563 Scriptura
1321 2488 1656 2547 formidolosi
1698 2497 1983 2545 vocantur.
2015 2488 2275 2561 vegetius
2310 2490 2477 2549 etiam

471 2579 529 2634 in
552 2578 818 2659 principio
846 2580 870 2636 1
900 2579 1043 2651 libri,
1075 2580 1218 2636 inter
1262 2578 1501 2636 artifices
1538 2578 1781 2653 quinque
1806 2592 2007 2650 genera
2035 2576 2315 2634 bominum
2344 2579 2479 2635 dicit

471 2668 808 2725 excludenda
845 2684 878 2725 a
905 2668 1121 2738 castris,
1155 2668 1411 2725 videlicet
1434 2667 1755 2741 piscatores„
1789 2682 2047 2741 aucupes,
2080 2666 2393 2736 dulciarioS,
2422 2668 2477 2725 id

471 2763 557 2813 est
602 2757 695 2831 qui
744 2755 954 2813 deliciis
988 2750 1306 2827 intendunt,
1335 2754 1628 2823 lenciones„
1662 2756 1717 2813 id
1760 2762 1844 2813 est
1890 2754 1986 2829 qul
2030 2755 2219 2813 molles
2256 2762 2383 2813 sunt
2421 2762 2479 2814 et

471 2844 756 2901 flexibiles
801 2846 955 2911 item,
987 2842 1084 2917 qui
1125 2843 1380 2903 videntur
1436 2844 1720 2901 intendere
1770 2844 1840 2901 ad
1890 2845 2131 2917 genesia,
2164 2845 2223 2903 id
2270 2853 2356 2903 est
2408 2844 2478 2903 ad

473 2948 639 3005 opera
665 2932 968 2999 muliebria,
998 2938 1061 2989 ut
1081 2938 1206 2989 sunt
1229 2947 1397 3007 opera
1426 2934 1666 2990 textrina
1690 2934 1809 2991 sive
1833 2948 2088 2991 venerea.

541 3022 814 3078 Caeterum
852 3021 920 3079 de
949 3021 1140 3079 ordine
1175 3028 1481 3079 castrorum
1520 3022 1637 3081 sive
1670 3023 1961 3091 exercitae,
1990 3032 2046 3081 et
2090 3022 2265 3097 ipsius
2290 3032 2481 3082 recte-

473 3096 625 3167 rib‘us
647 3126 741 3167 seu
769 3110 1087 3181 motoribu3‚
1104 3128 1228 3170 non
1257 3119 1341 3170 est
1370 3112 1654 3187 praesentis
1687 3111 1914 3184 negotii,
1940 3111 2071 3185 quia
2098 3120 2343 3169 nostrum
2368 3108 2479 3171 non

474 3201 690 3257 videtur
725 3216 1025 3273 congruum
1069 3200 1267 3259 docere
1293 3218 1555 3277 pugnare,
1588 3200 1671 3261 vel
1702 3202 1769 3259 de
1798 3201 2043 3275 ejusdem
2081 3214 2480 3276 pugnae‘gym-

474 3290 642 3347 nasiis
665 3306 844 3362 agere,
877 3290 972 3347 sed
1019 3290 1192 3348 solam
1225 3307 1414 3348 veram
1444 3291 1661 3349 tradere
1692 3284 1957 3363 politiam‘,
1988 3308 2084 3365 per
2128 3306 2292 3365 quam
2330 3292 2378 3345 si
2406 3292 2476 3347 ad

474 3394 661 3436 veram
691 3380 1078 3453 pertingamuS,
1094 3380 1433 3452 disponimur
1458 3378 1527 3439 ad
1552 3378 1846 3439 vivendum
1870 3380 2170 3435 secundum
2195 3376 2475 3449 virtute'm,

475 3473 531 3523 et
559 3468 715 3542 quasi
745 3470 1134 3545 participamus
1157 3468 1459 3541 coelestem,
1486 3485 1613 3545 quae
1640 3476 1724 3527 est
1750 3469 1951 3529 civitas
1984 3466 2101 3537 Del,
2126 3468 2197 3527 de
2222 3484 2333 3543 qua
2356 3468 2479 3545 glo-

477 3557 621 3614 riosa
641 3557 918 3619 dicuntur.
1403 3552 1409 3557 ’
2050 3565 2061 3572 ’
