2784 4392
407 290 491 352 34
677 324 682 331 ·
887 306 938 357 s.
983 302 1216 356 '1⁴110MAE
1255 304 1589 362 Aoumuts
1628 304 1942 357 croscum

413 423 706 497 sulianum,
737 427 832 503 qui
861 428 1080 486 dicebat
1113 446 1124 485 ε
1156 430 1281 489 Νοη
1315 437 1488 503 potest
1524 429 1657 487 mali
1683 430 1846 487 radix
1868 430 1927 487 in
1960 446 2018 487 eo
2045 430 2183 503 quod
2220 428 2417 514 donavi

415 522 490 571 est
513 516 617 573 Dei
644 517 832 573 locari.
867 519 1070 575 Contra
1109 534 1271 593 quem
1300 520 1639 591 Augustinus
1670 521 1805 577 dicit
1833 536 1845 574 ε
1879 520 2016 579 Erit
2040 519 2273 593 profecto
2298 537 2416 577 ma-

411 604 643 661 nichaeus
667 607 839 662 victor
875 606 985 663 nisi
1015 613 1067 664 et
1107 608 1188 664 illi
1213 609 1502 665 resistatur
1524 616 1575 667 et
1600 608 1718 679 tibi,
1752 614 1860 665 etc.
1890 610 2107 665 Veritas
2134 626 2265 681 ergo
2290 608 2416 665 fidei

416 695 700 753 catholicae
735 696 858 753 ideo
895 696 1066 754 vincit
1113 685 1491 767 Manichaeuin,
1527 699 1657 773 quia
1695 697 1867 754 vincit
1897 698 2151 771 teipsum,
2185 704 2247 755 ut
2286 716 2416 771 ergo

413 784 517 857 ipsi
541 785 745 857 pariter
775 801 901 841 curn
937 785 1250 843 Manichaeis
1291 788 1600 855 vincantur,
1638 788 1903 853 dicamus,
1935 788 2083 861 quod
2124 788 2415 844 consilium

412 873 510 929 Dei
533 891 812 948 uunquam
835 874 1169 941 dissolvitur,
1189 876 1490 933 secundum
1516 875 1647 931 illud
1668 876 1794 933 lsai.
1818 892 1975 944 xtvr,
1997 879 2063 931 ⁴0
2086 894 2097 932 :
2124 876 2414 933 Consilium

413 978 581 1017 meum
607 964 786 1030 stabit,
813 970 861 1020 et
903 966 1072 1021 omnis
1099 965 1341 1021 voluntas
1379 982 1495 1021 mea
1536 966 1653 1037 fiat.
1699 965 1779 1021 Ex
1820 964 1923 1021 hoc
1966 972 2147 1023 tamen
2191 966 2415 1023 consilio

415 1053 764 1121 immutabili,
787 1054 929 1111 sicut
949 1054 1048 1112 dat
1073 1055 1236 1111 rebus
1255 1055 1701 1127 corruptibilibus
1727 1070 1847 1111 esse
1878 1054 2195 1127 temporale,
2220 1055 2417 1129 quibus
2436 1096 2449 1100 -
2488 1086 2497 1093 ·

417 1145 910 1216 sempiternitatem
941 1160 1046 1201 nou
1077 1145 1288 1212 tribuit,
1325 1145 1400 1200 ita
1426 1144 1755 1217 quibusdam
1783 1144 1878 1199 dat
1900 1146 2175 1217 justitiam
2204 1153 2419 1217 tempo-

414 1235 605 1299 ralem,
640 1234 836 1307 quibus
868 1250 970 1291 non
1018 1234 1248 1306 largitur
1276 1234 1702 1305 perseverantiae
1736 1232 1955 1300 donum,
1988 1242 2046 1290 ut
2080 1236 2417 1305 Augustinus

416 1322 549 1378 dicit
579 1322 634 1377 in
663 1323 800 1379 libro
838 1324 918 1379 De
954 1324 1380 1397 perseverantia.
1412 1323 1480 1377 Et
1518 1324 1599 1379 sic
1627 1323 1922 1379 vincuntur
1952 1324 2255 1392 Manichaei,
2290 1323 2417 1396 quia

415 1419 622 1469 aeterno
669 1413 768 1468 Dei
816 1413 1042 1471 consilio
1083 1411 1462 1484 corruptibilia
1510 1412 1889 1482 instituuntur,
1937 1419 1997 1467 ut
2047 1413 2419 1485 temporaliter

417 1500 546 1566 sint,
579 1500 834 1557 vicuntur
865 1512 1046 1559 autem
1086 1500 1194 1567 isti,
1225 1501 1363 1574 quia
1395 1518 1462 1557 ex
1491 1501 1752 1557 immobili
1783 1501 1881 1557 Dei
1906 1502 2152 1567 consilio,
2186 1498 2417 1575 quibus-

417 1589 544 1645 dam
575 1590 737 1647 datur
761 1592 1061 1647 secundum
1090 1598 1359 1649 aeternum
1387 1591 1487 1647 Dei
1514 1591 1802 1649 consilium
1830 1590 2164 1664 propositum
2194 1592 2419 1663 religio-

419 1695 545 1735 nem
574 1680 835 1750 intrandi,
863 1680 1066 1753 quibus
1093 1680 1150 1737 in
1179 1696 1243 1739 ea
1270 1679 1656 1753 perseverandi
1686 1680 1887 1737 donum
1916 1696 2023 1737 non
2052 1681 2233 1737 datur.

1175 1858 1457 1929 CAPUT
1538 1836 1659 1929 ‘XL

421 1985 712 2059 Rationes
737 1986 956 2075 quibus
983 1994 1250 2056 astoaere
1276 1972 1584 2068 nitantur,
1608 1992 1768 2073 qaod
1792 1986 2053 2056 homines
2071 2006 2191 2056 non
2218 1985 2421 2057 debent

803 2101 863 2147 se
889 2084 970 2146 ad
994 2084 1342 2164 reliyionem
1382 2084 1647 2163 obliyare
1668 2101 1779 2163 per
1804 2088 2033 2147 votum.

1295 2172 1324 2206 Ο

491 2216 648 2275 Nunc
672 2215 1056 2289 inquirendum
1085 2224 1166 2274 est
1197 2216 1263 2273 de
1286 2215 1407 2285 hoc,
1442 2216 1585 2290 quod
1612 2215 1875 2289 impedire
1910 2218 2161 2275 nituntur
2205 2217 2421 2289 obliga·-

423 2306 646 2373 tionem,
675 2322 782 2377 qua
813 2305 978 2377 aliqui
1008 2314 1132 2361 voto
1167 2322 1224 2361 se
1250 2307 1317 2362 ad
1351 2308 1653 2377 ingressum
1683 2306 1959 2376 religionis
1987 2308 2312 2376 astringunt.
2353 2308 2419 2362 Et

423 2396 599 2469 primo
631 2395 852 2469 quidem
895 2396 1062 2469 aliqui
1100 2403 1244 2464 sunt,
1277 2398 1370 2469 qui
1415 2397 1662 2452 nituntur
1702 2394 1925 2451 cuilibet
1958 2400 2085 2449 voto
2132 2394 2415 2465 derogare,
2478 2430 2482 2433 «

425 2483 901 2539 (ἰίοθηῑθεωθίἰιιε
941 2500 1061 2541 esse
1101 2485 1245 2556 quod
1285 2484 1491 2555 absque
1538 2490 1665 2539 voto
1704 2480 1903 2553 aliquis
1942 2480 2207 2535 virtutum
2252 2497 2419 2553 opera

425 2575 744 2647 exequatur,
771 2590 936 2647 quam
977 2574 1124 2646 quod
1171 2573 1240 2628 ad
1289 2588 1352 2627 ea
1383 2568 1721 2628 observanda
1757 2577 1883 2625 voto
1916 2583 1975 2623 se
2004 2568 2224 2639 obliget,
2256 2570 2420 2626 indu-

425 2669 610 2718 centes
635 2662 704 2717 ad
725 2662 826 2717 hoc
847 2663 990 2734 quod
1018 2664 1244 2731 Prosper
1265 2659 1399 2717 dicit
1422 2660 1477 2714 in
1500 2659 1547 2713 11
1575 2657 1710 2713 libro
1726 2657 1805 2713 De
1829 2656 1943 2713 vita
1962 2658 2415 2729 contemplativaz

423 2750 510 2806 Sic
531 2750 793 2805 abstinere
820 2750 898 2804 vel
915 2748 1166 2820 jejunare
1195 2748 1447 2813 debemus
1476 2753 1537 2802 at
1565 2762 1673 2801 non
1698 2762 1792 2801 nos
1818 2746 2117 2803 necessitati
2134 2748 2418 2818 jejunandi

422 2839 722 2903 subdamus,
750 2854 814 2893 ne
829 2837 946 2909 jam
975 2853 1082 2893 non
1109 2836 1300 2902 devoti,
1329 2836 1419 2891 sed
1446 2834 1611 2891 inviti
1638 2850 1751 2890 rem
1774 2852 1881 2890 non
1909 2836 2211 2893 voluntarie
2238 2838 2417 2909 facia-

423 2945 558 2985 mus·
599 2927 704 2997 Qui
751 2932 932 2983 autem
973 2932 1132 2983 vovet
1171 2942 1228 2983 se
1265 2916 1661 2997 jejunaturum,
1688 2924 1998 2981 necessitati
2034 2926 2313 2998 jejunandi
2360 2944 2419 2983 se

425 3015 664 3088 subjicit,
695 3024 748 3071 et
777 3015 968 3072 eadem
993 3016 1132 3072 ratio
1159 3022 1242 3071 est
1268 3015 1320 3069 in
1365 3014 1485 3071 aliis
1509 3014 1762 3086 operibus
1796 3015 2073 3071 virtuosis.
2104 3017 2223 3072 Non
2252 3017 2417 3087 igitur

427 3106 574 3163 videt
615 3120 734 3161 esse
778 3103 1066 3169 laudabile,
1115 3104 1259 3176 quod
1298 3110 1511 3171 voveat,
1540 3103 1630 3159 ‘vel
1672 3104 1937 3175 jejunare,
1975 3102 2062 3162 vel
2102 3104 2417 3175 religionem

424 3196 645 3259 intrare,
673 3192 756 3249 vel
779 3193 1158 3265 quodcumque
1183 3193 1328 3249 aliud
1351 3210 1485 3266 opus
1506 3194 1724 3249 virtutis
1750 3192 1984 3265 explere.
2012 3194 2231 3249 Addunt
2252 3196 2418 3251 etiam

421 3284 491 3341 ad
528 3282 632 3337 hoc
669 3280 954 3347 rationem,
1001 3282 1148 3355 quia,
1172 3283 1388 3356 quando
1432 3281 1637 3355 aliquid
1686 3290 1769 3337 est
1806 3283 1979 3353 magis
2027 3284 2413 3349 necessarium,

423 3378 580 3427 tanto
606 3372 666 3426 fit
697 3372 874 3426 minus
904 3372 1260 3426 meritorium.
1293 3372 1428 3427 Cum
1459 3380 1640 3425 autem
1678 3370 1875 3442 aliquis
1899 3378 2013 3441 jam
2040 3372 2189 3427 vovit
2214 3371 2295 3425 vel
2327 3387 2419 3429 re-

423 3459 677 3531 ligionem
704 3463 921 3528 intrare,
957 3460 1040 3516 vel
1084 3461 1467 3533 quodcumque
1496 3459 1643 3515 aliud
1686 3476 1823 3532 opus
1854 3460 2086 3531 explere,
2122 3460 2417 3515 necessitas

423 3548 475 3605 ei
505 3550 785 3615 incumbit,
821 3556 879 3607 ut
919 3550 1142 3623 impleat
1167 3551 1310 3623 quod
1341 3551 1607 3623 promisit.
1637 3550 1985 3606 Laudabilius
2029 3550 2194 3621 igitur
2234 3549 2339 3605 erit
2362 3556 2419 3605 et

423 3640 597 3710 magis
619 3642 974 3719 meritorium,
1007 3642 1051 3696 si
1081 3641 1276 3713 aliquis
1303 3640 1509 3713 absque
1534 3647 1661 3698 voto
1697 3639 1863 3697 saciat
1890 3639 2073 3711 aliqua
2110 3654 2275 3711 opera
2303 3638 2421 3695 vir-

422 3731 602 3794 tuosa,
635 3730 798 3801 quam
829 3732 874 3787 si
905 3737 968 3787 ea
995 3731 1206 3803 expleat
1237 3740 1364 3787 voto
1395 3730 1697 3803 praemisse.
1942 3720 1956 3735 '

491 3819 808 3890 Specialiter
853 3820 1138 3875 ostendere
1187 3821 1451 3885 nituntur,
1486 3818 1631 3890 quod
1682 3817 1749 3873 ad
1794 3818 2069 3889 religionis
2117 3818 2419 3889 ingressum

423 3921 530 3967 non
561 3910 758 3967 debent
782 3908 950 3984 aliqui
977 3926 1071 3983 per
1099 3908 1484 3981 obligationem
1513 3906 1646 3976 voti,
1678 3907 1764 3967 vel
1785 3908 2079 3983 juramenti
2108 3908 2308 3977 induci,
2330 3908 2419 3964 in-
