2784 4392
447 221 565 285 286
921 242 971 285 s.
1016 240 1248 284 monas
1288 239 1614 291 sommus
1662 233 1974 285 croscum

448 356 524 410 tia
560 373 572 410 :
603 355 746 412 unde
773 355 831 410 in
855 337 972 427 lege
995 354 1196 411 Christi
1220 371 1378 426 reges
1399 353 1599 410 debent
1624 352 2000 409 sacerdotibus
2036 367 2157 409 esse
2195 350 2451 424 subjecti.

520 445 744 516 Propter
768 444 913 516 quod
945 444 1266 500 mirabiliter
1296 461 1364 500 ex
1389 443 1574 499 divina
1616 441 1957 514 providentia
1987 441 2193 498 factum
2220 448 2305 498 est
2349 459 2362 497 ε
2393 449 2455 498 ut

448 533 504 588 in
529 533 771 590 Romana
800 532 953 600 urbe,
985 549 1150 605 quam
1180 533 1325 589 Deus
1351 532 1680 604 praeviderat
1710 530 1999 586 Christiani
2031 530 2213 604 populi
2244 530 2453 603 princi·
2515 569 2523 576 ,

290 659 302 667 -
339 627 344 632 “
447 621 624 698 palem
654 622 838 678 sedem
869 620 1126 688 suturam,
1156 622 1244 677 hic
1271 637 1388 676 mos
1414 620 1679 692 paulatim
1707 620 2049 685 inolesceret,
2078 625 2137 674 ut
2162 619 2453 675 civitatum

450 717 688 776 nectores
735 710 1107 767 sacerdotibus
1136 711 1501 784 subjacerent.
1540 711 1694 766 Sicut
1737 709 1883 764 enim
1912 707 2158 765 Valerius
2184 709 2452 764 Maximus

448 798 632 864 refert,
655 819 679 850 α
703 798 879 854 omnia
900 804 1019 870 post
1035 798 1348 869 religionem
1366 797 1617 869 ponenda
1630 813 1844 868 semper
1861 804 2045 851 nostra
2062 797 2256 852 civitas
2270 795 2446 861 duxit,

450 888 616 944 etiam
653 887 706 942 in
735 887 932 960 quibus
975 903 1202 944 summae
1241 886 1546 959 majestatis
1583 887 1750 942 decus
1792 883 2033 956 conspici
2062 883 2255 942 voluit.
2298 883 2453 952 Qua-

451 983 670 1048 propter
694 993 802 1030 non
816 977 1203 1033 dubitaverunt
1224 977 1395 1032 sacris
1417 975 1643 1048 imperia
1662 975 1886 1041 servire,
1909 975 1985 1029 ita
2006 989 2065 1029 se
2093 973 2452 1029 humanarum

450 1080 631 1119 rerum
677 1063 928 1120 habitura
969 1066 1208 1136 regimen
1251 1063 1641 1131 existimantia,
1682 1064 1728 1118 si
1773 1063 1975 1118 divinae
2015 1061 2274 1134 potentiae
2316 1061 2451 1116 bene

451 1159 616 1226 atque
631 1160 944 1208 constanter
969 1152 1196 1209 fuissent
1212 1153 1495 1210 famulata.
1519 1173 1543 1204 2>
1567 1152 1707 1222 Quia
1724 1167 1852 1208 vero
1870 1151 2035 1207 etiam
2064 1150 2309 1205 futurum
2334 1159 2451 1206 erat

450 1251 510 1296 ut
541 1243 596 1296 in
624 1241 802 1298 Gallia
829 1241 1122 1298 Christiani
1151 1242 1445 1298 sacerdotii
1484 1242 1777 1314 plurimum
1807 1241 2015 1313 vigeret
2044 1239 2256 1311 religio,
2304 1239 2452 1301 divi-

452 1331 598 1386 nitus
632 1321 718 1387 'est
747 1331 1088 1403 permissum,
1135 1345 1196 1385 ut
1237 1331 1405 1387 etiam
1434 1331 1577 1402 apud
1620 1330 1807 1386 Gallos
1848 1328 2079 1401 gentiles
2106 1328 2443 1394 sacerdote3‚

452 1434 587 1491 quos
616 1419 848 1476 Druidas
884 1419 1253 1487 nominabant,
1297 1419 1467 1475 totius
1500 1419 1695 1476 Galliae
1722 1420 1813 1490 jus
1855 1419 2163 1486 delinirent,
2197 1422 2258 1474 ut
2286 1416 2452 1473 refert

449 1507 624 1566 Julius
650 1509 832 1565 Caesar
852 1509 908 1564 in
932 1507 1068 1566 libro
1097 1525 1262 1582 quem
1290 1508 1358 1564 de
1380 1507 1524 1565 bello
1554 1507 1765 1564 Gallico
1788 1505 2027 1580 scripsit.

1201 1643 1488 1759 CAPUT
1532 1692 1684 1760 XV.

461 1824 638 1899 Quod
661 1824 822 1886 siout
849 1824 932 1885 ad
956 1823 1240 1886 ultimum
1279 1825 1455 1902 finem
1494 1822 1957 1903 consequendum
1996 1823 2336 1902 requio-itm·
2382 1825 2455 1884 ut

530 1929 637 1975 rea>
662 1911 932 1974 subditos
959 1929 1100 1975 suos
1125 1913 1206 1974 ad
1230 1913 1547 1975 vivendum
1573 1913 1895 1976 secundum
1921 1913 2207 1975 virtutem
2244 1912 2455 1990 dispo-

532 2006 663 2073 nat,
710 2003 804 2062 ita
832 2002 912 2062 ad
936 2003 1085 2078 fines
1127 2001 1369 2062 medios,
1404 2003 1501 2064 Et
1532 2014 1847 2080 ponuntur
1874 2001 1971 2064 hio
2010 2017 2140 2080 quoe
2166 2005 2314 2062 sunt
2338 1999 2454 2060 illa

533 2108 664 2170 quce
689 2090 978 2152 ordinant
1003 2090 1084 2153 ad
1106 2090 1239 2154 bene
1259 2091 1575 2154 vivendum
1600 2096 1656 2152 et
1682 2109 1813 2172 qnoe
1834 2091 2190 2169 impediunt,
2220 2095 2275 2151 ec
2296 2088 2455 2170 quod

531 2179 852 2240 remedium
879 2197 986 2242 rem
1012 2193 1304 2260 apponere
1327 2180 1488 2242 debet
1516 2181 1677 2242 circa
1700 2181 1867 2242 diota
1894 2180 2333 2259 impedimenta.

521 2312 670 2368 Sicut
691 2320 884 2368 ‘autem
913 2314 982 2369 ad
1012 2314 1200 2384 vitam,
1230 2329 1394 2386 quam
1425 2313 1477 2368 in
1507 2313 1647 2370 coelo
1676 2328 1957 2385 speramus
1984 2311 2203 2368 beatam
2232 2311 2457 2366 ordina-

457 2399 542 2456 t'ur
568 2401 708 2457 sicut
735 2403 801 2458 ad
843 2403 1002 2458 linem
1030 2403 1146 2458 vita
1175 2405 1283 2474 qua
1311 2402 1401 2458 hic
1436 2402 1679 2457 homines
1708 2402 1845 2457 bene
1881 2403 2107 2470 vivunt;
2150 2403 2226 2456 ita
2252 2400 2453 2457 bonum

453 2491 814 2547 multitudinis
827 2492 1146 2548 ordinantur
1161 2493 1302 2547 sicut
1317 2492 1385 2546 ad
1404 2475 1561 2546 linem
1577 2506 1937 2564 quaecumque
1953 2489 2300 2563 particularia
2315 2489 2455 2545 bona

454 2597 546 2652 per
589 2580 859 2635 hominem
909 2589 1269 2651 procurantur
1315 2581 1431 2636 sive
1474 2580 1681 2635 diviliae
1710 2595 1825 2636 suae
1867 2580 2036 2647 lucra,
2078 2581 2194 2635 sive
2224 2581 2451 2645 sanitas,

453 2669 568 2723 sive
607 2667 857 2723 facundia
892 2667 977 2724 vel
1008 2669 1262 2735 eruditio,
1294 2669 1350 2725 Si
1385 2669 1572 2740 igitur,
1601 2675 1661 2724 ut
1685 2669 1891 2723 dictum
1918 2676 2021 2738 est,
2050 2668 2141 2739 qui
2172 2668 2237 2722 de
2266 2667 2456 2722 ultimo

409 2756 562 2811 lfine
587 2771 682 2810 cui
687 2771 774 2810 am
797 2755 980 2822 habet,
1002 2771 1176 2827 praees
1179 2773 1238 2812 se
1261 2756 1423 2812 debet
1450 2757 1532 2812 his
1557 2758 1649 2830 qui
1672 2773 1859 2812 curam
1884 2756 2083 2812 habent
2098 2757 2165 2811 de
2190 2755 2456 2811 ordinatis

417 2845 520 2939 ¹ad
553 2843 733 2908 finem,
767 2850 822 2897 et
863 2858 955 2898 eos
994 2844 1227 2916 dirigere
1269 2861 1367 2900 suo
1410 2845 1655 2918 imperio,
1690 2845 2039 2900 manifestum
2068 2861 2135 2900 ex
2180 2845 2344 2902 dictis
2373 2845 2451 2912 fit,

419 2931 596 3003 lquod
623 2947 716 2986 rex
745 2931 886 2987 sicut
910 2931 1150 2988 dominio
1175 2934 1229 2990 et
1255 2935 1505 3004 regimini
1536 2934 1681 3006 quod
1712 2934 2125 3001 administratur
2153 2950 2249 3005 per
2272 2949 2457 2988 sacer-

427 3022 596 3100 ·dotis
642 3021 1088 3088 officium‚'subdi
1119 3022 1318 3092 debet;
1365 3025 1443 3079 ita
1473 3039 1706 3094 praeesse
1736 3023 1897 3079 debet
1928 3023 2177 3078 omnibus
2208 3022 2457 3077 humanis

423 3107 664 3182 lolliciiS,
710 3121 764 3168 et
817 3127 879 3168 ea
910 3113 1135 3186 imperio
1164 3113 1248 3168 sui
1277 3111 1557 3184 regiminis
1594 3113 1867 3168 ordinare.
1896 3113 2231 3184 Cuicumque
2270 3117 2456 3166 autem

454 3200 716 3257 incumbit
745 3201 949 3274 aliquid
979 3202 1258 3273 perficere,
1287 3201 1430 3273 quod
1460 3203 1742 3256 ordinatur
1770 3202 1824 3256 in
1853 3201 1999 3256 aliud
2024 3201 2165 3257 sicut
2196 3201 2251 3254 in
2271 3199 2453 3268 finem,

452 3290 554 3346 hoc
591 3290 752 3346 debet
781 3290 1062 3345 attendere
1099 3297 1156 3344 ut
1185 3305 1343 3345 suum
1373 3305 1509 3361 opus
1538 3291 1611 3345 sit
1634 3306 1931 3362 congruum
1954 3285 2086 3345 fini.
2118 3289 2269 3346 Sicut
2303 3288 2458 3344 saber

453 3381 530 3434 sic
577 3377 707 3433 facit
753 3379 993 3449 gladium
1031 3384 1092 3432 ut
1133 3393 1326 3450 puguae
1371 3379 1679 3445 conveniam
1731 3387 1786 3434 et
1828 3378 2131 3434 aedificator
2174 3377 2255 3432 sic
2296 3377 2457 3432 debet

454 3467 672 3522 domum
715 3466 1001 3536 disponere
1043 3476 1104 3522 ut
1147 3465 1603 3529 adrhabitandum
1644 3464 1716 3522 s'it
1746 3476 1893 3539 apta.
1928 3467 2066 3536 Quia
2106 3465 2275 3537 igitur
2305 3466 2451 3530 vitae‚

452 3573 559 3628 qua
609 3558 662 3610 in
693 3556 946 3627 praesenti
980 3555 1115 3610 bene
1163 3555 1416 3621 vivimus,
1468 3556 1590 3612 finis
1618 3563 1701 3612 est
1746 3556 2032 3612 beatitudo
2072 3555 2356 3622 coelestis,-
2388 3555 2457 3609 ad

455 3643 596 3713 iegis
635 3641 870 3697 officium
907 3643 1140 3713 pertinet
1167 3659 1230 3698 ea
1257 3643 1468 3698 ratione
1498 3645 1665 3699 vitam
1697 3642 2063 3698 multitudinis
2092 3641 2291 3698 bonam
2324 3656 2457 3713 pro-

458 3746 668 3794 curare,
697 3731 994 3787 secundum
1037 3731 1180 3804 quod
1209 3732 1459 3802 congruit
1490 3735 1558 3787 ad
1596 3732 1875 3788 coelestem
1906 3732 2297 3788 beatitudinem·
2323 3745 2464 3785 con-

467 3817 820 3891 sequendam,
853 3828 914 3878 ut
939 3819 1150 3878 scilicet
1181 3837 1245 3877 ea
1272 3821 1575 3894 praecipiat,
1602 3837 1727 3896 quae
1756 3823 1829 3884 ad.
1852 3821 2132 3881 coelestem
2161 3820 2465 3880 beatitudi-
