2784 4392
450 207 567 272 190
926 227 979 274 s.
1026 221 1261 270 01¹quAE
1300 220 1632 274 nouimus
1672 189 1982 265 opuscuca

448 347 533 397 est
554 319 867 400 indifferens
884 358 897 413 3
916 341 1026 400 alio
1050 341 1211 407 modo
1238 356 1306 398 ex
1334 338 1441 396 fine
1469 338 1537 397 ad
1564 352 1729 413 quem
1755 331 2058 403 ordinatur,
2079 327 2462 390 et.secundum

448 430 552 488 hoc
580 429 639 486 in
668 445 769 488 usu
794 431 1125 488 exteriorum
1168 445 1353 488 rerum
1382 428 1516 484 illud
1548 427 1693 501 quod
1724 432 1809 484 est
1838 421 2138 484 ordinabile
2165 421 2236 478 ad
2264 420 2464 478 melio·-

397 518 402 526 “
451 535 569 577 rem
605 521 789 589 finem,
816 528 903 577 est
942 519 1452 586 commendabilius,
1483 517 1628 574 sicut
1665 513 1996 572 abstinentia
2033 509 2305 580 ciborum,
2333 522 2478 582 quie·-

452 608 772 666 ordinabilis
800 614 885 667 est
926 610 995 666 ad
1035 607 1535 682 concupiscentiam
1577 602 1760 662 carnis
1802 601 2150 666 domandam,
2177 604 2263 655 est
2307 613 2464 654 com-

452 698 811 755 mendabilior
848 714 1015 772 quam
1051 697 1360 754 communis
1395 694 1596 764 victuS,
1624 709 1734 766 quo
1779 691 1904 766 quis
1945 690 2120 746 utitur
2154 687 2294 744 cibis
2333 703 2464 744 cum

450 787 750 856 gratiarum
779 788 993 844 actione
1018 789 1175 859 cujus
1208 785 1548 842 contrarium
1583 783 1902 840 Iovinianus
1929 778 2218 836 haereticus
2244 783 2464 832 assere-

453 874 568 942 bat,
602 884 663 932 ut
705 882 856 948 patet
901 891 998 948 per
1040 876 1455 949 Hieronymum,
1498 873 1592 946 qui
1627 871 1771 926 hunc
1816 875 1873 926 et
1910 867 2046 924 alios
2085 868 2202 938 ejus
2247 880 2465 922 errores

452 963 799 1020 condemnat.
831 964 1093 1021 Similiter
1130 965 1298 1020 etiam
1342 964 1526 1019 vilitas
1569 961 1820 1030 vestium,
1851 957 2132 1013 ordinatur
2166 954 2233 1010 ad
2277 954 2465 1009 humi-

456 1049 699 1107 liandum
744 1053 1005 1120 animum,
1052 1060 1108 1110 et
1149 1054 1318 1111 etiam
1362 1052 1430 1109 ad
1479 1064 1676 1120 corpus
1721 1045 2074 1112 domandum,
2099 1043 2242 1100 unde
2291 1044 2464 1098 etiam

450 1139 572 1211 -pari
602 1140 815 1205 ratione
860 1140 1043 1198 vilitas
1069 1141 1307 1197 vestium
1354 1138 1656 1196 secundum
1697 1151 1755 1191 se
1802 1135 1976 1205 magis
2013 1130 2484 1190 commendabilis

454 1231 537 1280 est
567 1243 731 1299 quam
770 1227 986 1285 habitus
1028 1229 1348 1295 communiS,
1385 1235 1440 1282 et
1481 1227 1584 1282 hoc
1618 1224 1796 1291 modo,
1821 1224 1964 1280 sicut
1992 1222 2049 1277 in
2081 1221 2290 1294 jejunio
2321 1235 2464 1276 con-

456 1314 604 1370 sistit
630 1316 839 1389 religi'O,
873 1319 949 1374 ita
980 1321 1148 1374 etiam
1178 1318 1231 1372 in
1258 1317 1492 1373 vestium
1519 1313 1756 1371 vilitate.

528 1405 608 1460 Ad
646 1407 939 1480 septimum
965 1402 1437 1479 dicendum‚quod
1463 1422 1526 1460 ex
1555 1405 1659 1461 hoc
1687 1401 1834 1476 quod
1865 1398 2191 1473 hypocrisis,
2209 1415 2334 1472 quae
2363 1399 2468 1454 sub

458 1492 673 1550 vilitate
707 1497 941 1552 vestium
978 1495 1135 1564 latet,
1172 1502 1255 1550 est
1291 1509 1550 1566 magnum
1587 1497 1890 1565 peccatum,
1917 1504 2026 1544 non
2067 1495 2248 1560 potest
2275 1487 2469 1545 haberi

460 1582 607 1654 quod
634 1583 815 1640 vilitas
841 1585 1076 1642 vestium
1116 1584 1189 1639 sit
1218 1582 1458 1640 deterior
1486 1597 1653 1656 quam
1683 1579 2013 1652 pretiositas·
2042 1580 2160 1635 Non
2189 1577 2332 1634 enim
2363 1578 2470 1634 hoc

464 1671 623 1726 modo
646 1685 995 1745 comparatur
1020 1671 1205 1728 vilitas
1228 1673 1467 1729 vestium
1497 1669 1565 1726 ad
1594 1668 1946 1743 hypocrisim,
1973 1668 2117 1724 sicut
2150 1665 2468 1739 pretiositas

462 1773 649 1814 earum
679 1761 745 1816 ad
770 1761 995 1817 delicias
1018 1760 1219 1826 carnis,
1252 1760 1336 1816 vel
1362 1761 1432 1816 ad
1461 1758 1790 1831 superbiam.
1823 1755 2136 1812 Pretiositas
2169 1754 2312 1811 enim
2339 1771 2471 1811 ves-

465 1847 601 1901 tium
628 1865 721 1918 per
746 1864 805 1904 se
828 1857 883 1904 et
914 1849 1131 1921 directe
1156 1848 1226 1904 ad
1252 1847 1516 1920 praedicta
1545 1847 1680 1903 vitia
1707 1845 2009 1909 ordinatur,
2038 1843 2181 1898 unde
2209 1859 2468 1902 excessus

464 1931 519 1988 in
552 1931 891 2005 pretiositate
917 1933 1168 1998 vestium,
1201 1949 1299 2005 per
1327 1949 1387 1990 se
1414 1932 1702 2006 loquend0,
1733 1928 2109 2002 vituperabilis
2133 1937 2236 1985 est.
2271 1930 2468 1988 Vilitas

467 2029 648 2076 autem
678 2023 913 2078 vestium
941 2037 1047 2078 non
1084 2021 1367 2078 ordinatur
1407 2038 1502 2095 per
1543 2037 1602 2077 se
1640 2021 1846 2077 directe
1887 2019 1957 2076 ad
1993 2019 2344 2094 hypocrisim,
2367 2020 2468 2078 sed

466 2110 771 2183 hypocrisis
795 2117 877 2166 est
915 2111 1106 2168 abusio
1131 2111 1381 2184 quaedam
1425 2112 1562 2182 ejus,
1591 2110 1736 2166 sicut
1771 2113 1828 2165 et
1875 2113 2196 2165 caeterorum
2235 2097 2466 2181 operum

468 2200 797 2256 sanctitatis.
824 2199 891 2255 Et
929 2200 1057 2273 quia
1087 2209 1292 2274 quanto
1322 2199 1506 2273 aliqua
1548 2215 1637 2255 res
1675 2205 1759 2268 est
1785 2197 2044 2262 sanctior,
2077 2204 2231 2253 tanto
2257 2195 2468 2256 abusus

469 2287 587 2359 ejus
624 2294 707 2344 est
745 2288 1176 2360 vituperabilior,
1211 2306 1276 2344 ex
1300 2288 1405 2345 hoc
1433 2289 1576 2360 quod
1609 2285 1912 2361 hypocrisis
1941 2291 2024 2341 est
2049 2301 2309 2358 magnum
2331 2303 2470 2359 pec-

468 2383 673 2444 catum,
708 2377 990 2434 manifeste
1011 2377 1460 2434 commendabilis
1489 2376 1736 2432 redditur
1759 2375 1944 2432 vilitas
1970 2376 2237 2454 *vestium,
2267 2384 2322 2431 et
2351 2393 2470 2434 cae-

472 2473 587 2522 tera
617 2467 885 2522 exteriora
913 2468 1251 2540 poenitentiae
1278 2482 1464 2540 opera,
1487 2465 1688 2540 quibus
1715 2463 2018 2538 hypocrisis
2047 2463 2312 2519 abutitur.
2342 2467 2490 2521 Non‘

470 2564 650 2610 tamen
688 2557 1241 2623 concedendum'est,
1270 2556 1416 2629 quod
1457 2553 1778 2628 hypocrisiS,
1807 2551 2128 2624 simpliciter
2168 2553 2466 2624 loquendo,

469 2645 546 2698 sit.
574 2645 866 2700 maximum
898 2653 1249 2717 pcccatorum
1273 2661 1286 2698 ι
1310 2645 1442 2716 quia
1469 2642 1778 2708 infidelitaS,
1813 2657 1918 2715 qua
1952 2641 2076 2713 quis
2104 2643 2367 2697 mentitur
2397 2643 2466 2698 de
2500 2671 2508 2680 ·

470 2731 603 2795 Deo,
632 2738 715 2784 est
744 2726 962 2800 gravior
986 2749 1151 2804 quam
1183 2732 1478 2798 simulatio,
1500 2747 1610 2805 qua
1635 2731 1759 2804 quis
1789 2729 2048 2785 mentitur
2075 2729 2144 2785 de
2172 2746 2231 2785 se
2253 2731 2390 2802 ipso.
2479 2772 2484 2776 -

540 2818 621 2873 Ad
650 2827 903 2874 octavum
937 2821 1243 2885 dicendum,
1274 2821 1419 2892 quod
1448 2835 1552 2876 non
1589 2829 1671 2876 est
1705 2816 1984 2885 credibile,
2013 2815 2160 2890 quod
2204 2819 2467 2876 Dominus

468 2908 625 2962 Jesus
652 2906 900 2963 Christus
928 2907 1180 2980 pretiosis
1215 2907 1460 2966 vestibus
1503 2909 1836 2974 indueretur,
1865 2906 1958 2979 qui
2003 2907 2266 2962 loannem
2309 2924 2468 2964 com-

472 2995 835 3052 mendabilem
875 2998 1130 3064 ostendit,
1164 2999 1305 3072 quod
1350 3013 1455 3054 non
1491 3004 1610 3053 erat
1660 2994 1913 3053 mollibus
1949 2992 2193 3065 indutus,
2221 2995 2465 3070 alioquin

471 3085 723 3141 Pharisaei
752 3086 845 3158 qui
876 3086 1200 3143 exteriorem
1229 3086 1578 3143 sanctitatem
1608 3084 1977 3152 ostentabant,
2011 3085 2156 3140 sicut
2183 3085 2252 3139 de
2289 3101 2353 3140 eo
2378 3087 2466 3141 di-

469 3172 683 3240 cebant,
713 3175 856 3245 quod
883 3183 1000 3230 erat
1026 3191 1195 3252 vorax
1218 3181 1273 3231 et
1299 3179 1512 3247 potator
1535 3173 1668 3240 vini,
1702 3180 1758 3229 et
1780 3171 2192 3247 publicanorum
2228 3180 2461 3240 amator,

469 3260 544 3318 ita
570 3269 625 3318 et
648 3262 717 3318 de
740 3278 804 3318 eo
833 3263 1096 3320 dixissent
1132 3263 1275 3336 quod
1311 3270 1456 3318 esset
1496 3261 1749 3318 mollibus
1785 3262 2028 3318 indutus.
2058 3260 2258 3316 Milites
2297 3262 2465 3318 etiam

468 3351 561 3423 qui
587 3351 637 3405 ei
671 3351 989 3428 illudebant,
1020 3365 1124 3406 non
1162 3368 1288 3407 eum
1312 3357 1465 3408 veste
1506 3365 1778 3423 purpurea
1815 3350 2119 3418 induissent
2165 3349 2218 3404 in
2249 3351 2465 3422 signum

468 3439 632 3510 regiae
668 3439 970 3510 dignitatiS,
998 3440 1044 3494 si
1091 3441 1275 3496 tunica
1317 3435 1660 3496 inconsutilis
1699 3453 1832 3496 auro
1877 3449 1934 3496 et
1993 3438 2168 3495 serico
2208 3449 2464 3495 contexta

466 3527 676 3593 fuisset,
691 3528 785 3583 sed
816 3529 958 3600 quod
979 3529 1217 3585 tunicam
1248 3529 1365 3598 ejus
1386 3527 1588 3584 milites
1615 3528 1862 3585 dividere
1886 3526 2197 3594 noluerunt,
2233 3529 2332 3584 hoc
2359 3544 2464 3584 non

432 3607 440 3616 '
466 3616 567 3672 fuit
617 3621 835 3688 propter
892 3616 1289 3688 pretiositatem
1338 3617 1526 3686 vestis,
1564 3617 1661 3674 sed
1712 3622 1933 3690 propter
1982 3633 2288 3684 numerum,
2333 3618 2466 3690 quia

464 3712 699 3777 quatuor
741 3707 988 3778 partibus
1039 3705 1381 3778 superfuerat
1417 3723 1554 3780 quas
1597 3707 1798 3762 milites
1848 3707 1918 3762 de
1964 3707 2210 3764 vestibus
2263 3707 2486 3764 Christi·
2565 3774 2572 3780 ,

461 3792 742 3863 fecerunt3
768 3801 825 3850 et
846 3796 895 3850 si
916 3793 1097 3852 divisa
1120 3795 1329 3862 suisset,
1352 3797 1572 3851 omnino
1591 3796 1782 3854 suisset
1813 3795 2037 3865 inutilis,
2066 3797 2121 3852 in
2151 3811 2260 3870 quo
2285 3796 2468 3853 mani-
