2784 4392
490 271 604 333 154
959 280 1018 333 ε.
1059 278 1296 358 'mom
1331 275 1668 335 sommus
1704 273 2018 324 orusoum

487 404 712 474 possunt
737 398 854 459 sine
877 397 1062 459 labore
1103 411 1386 465 manuum,
1414 394 1607 455 eadem
1634 391 1849 453 ratione
1875 394 1933 450 et
1969 388 2063 448 alii
2088 390 2377 467 poteruntg
2400 385 2501 445 sed

485 489 532 545 si
557 506 744 549 omnes
775 488 939 549 talem
965 488 1136 549 vitam
1161 502 1322 562 agere
1347 484 1569 553 vellent,
1599 488 1717 543 tota
1742 481 1857 541 vita
1880 480 2119 539 humana
2148 478 2373 554 periret,
2389 491 2500 533 non

487 578 632 639 enim
677 578 1049 639 invenirentur
1073 573 1437 652 artifices-qui
1462 572 1773 631 necessaria
1802 570 1991 629 usibus
2028 569 2313 629 hominum
2351 582 2501 639 prae-

486 677 766 747 pararent.
795 668 938 741 Ergo
968 666 1116 727 nullo
1144 664 1306 727 modo
1335 670 1421 723 εει
1444 660 1824 725 sustinendum
1853 658 2001 737 quod
2044 656 2285 735 religiosi
2330 656 2497 717 validi

487 763 542 815 et
567 756 736 816 fortes
756 758 825 817 de
853 756 1216 835 eleemosynis
1240 754 1451 815 vivant.

557 847 798 907 Ulterius
827 846 1072 907 nituntur
1104 843 1391 903 ostendere
1421 840 1568 919 quod
1594 839 1697 902 etsi
1739 842 1963 916 possent
2006 836 2191 913 aliquo
2239 835 2401 893 modo
2430 834 2499 894 de

487 934 849 1009 eleemosynis
888 934 1032 995 ultro
1066 932 1267 995 oblatis
1311 932 1513 999 vivere,
1546 946 1653 991 uon
1695 935 1879 991 tamen
1928 927 2055 987 licet
2086 926 2218 1001 ipsis
2255 924 2499 985 eleemo-

489 1038 658 1095 synas
686 1022 1045 1083 mendicando
1078 1029 1282 1095 petere,
1313 1022 1446 1101 quia
1479 1021 1643 1079 Dent.
1674 1034 1773 1087 κν,
1806 1020 1838 1075 4
1868 1016 2069 1073 dicitur
2097 1032 2109 1071 τ
2140 1014 2373 1073 Omnino
2405 1014 2500 1073 in-

491 1109 673 1183 diqens
700 1117 752 1169 et
771 1111 1037 1171 mendicus
1060 1128 1166 1169 non
1195 1110 1300 1173 erit
1329 1111 1476 1171 inter
1498 1125 1605 1171 vos.
1632 1108 1774 1183 Ergo
1794 1105 2131 1185 prohibitum
2159 1108 2243 1163 est
2282 1102 2500 1162 mendi-

492 1214 638 1267 care,
670 1200 764 1277 qui
794 1198 1014 1261 aliunde
1042 1199 1225 1259 vivere
1255 1206 1459 1277 potest.

563 1288 721 1347 item.
743 1290 804 1349 In
829 1288 1028 1351 Psa1m.
1062 1304 1268 1359 xxxvt,
1301 1290 1388 1355 25,
1409 1284 1778 1347 diciturtNon
1796 1281 1912 1341 vidi
1926 1282 2135 1357 ,iustum
2164 1281 2497 1347 derelictum,

493 1392 586 1434 nec
610 1392 782 1437 seme-n
806 1377 918 1453 ejus
954 1393 1197 1455 quaerens
1219 1393 1433 1455 panem.
1465 1376 1605 1451 Ergo
1640 1374 1715 1434 illi
1752 1374 1847 1449 qui
1892 1372 2255 1435 mendicando
2300 1387 2500 1449 panem

493 1475 769 1542 quaerunt,
801 1482 911 1529 non
933 1472 1059 1527 sunt
1084 1482 1270 1525 semen
1291 1467 1450 1543 justi,
1478 1464 1535 1525 id
1559 1467 1646 1525 est
1666 1463 1891 1525 Christi.

563 1557 722 1616 Item.
750 1556 888 1619 Illud
913 1556 1058 1637 quod
1085 1556 1250 1617 alicui
1279 1570 1439 1617 sacra
1472 1555 1756 1633 Scriptura
1790 1553 2145 1629 imprecatur,
2162 1549 2297 1608 viris
2333 1551 2502 1625 justis

497 1661 604 1705 non
632 1647 928 1723 competit3
959 1646 1056 1707 sed
1081 1644 1392 1723 hujusmodi
1418 1652 1502 1705 est
1525 1642 1871 1711 mendicitas,
1895 1647 1957 1700 ut
1980 1640 2182 1697 dicitur
2210 1640 2269 1697 in
2296 1638 2499 1697 Psalm.

498 1751 658 1804 cvm,
692 1738 757 1790 ⁴0
787 1736 1098 1794 :Nutantes
1145 1733 1559 1811 transferantur
1606 1732 1713 1809 {ilii
1762 1729 1874 1809 ejus
1915 1738 1967 1793 et
2008 1728 2327 1791 mendicent.
2358 1728 2503 1805 Ergo

500 1823 824 1885 mendicitas
853 1823 1110 1899 perfectis
1133 1823 1265 1883 viris
1291 1838 1399 1882 non
1428 1823 1713 1901 competit.

571 1912 728 1969 Item.
761 1912 785 1971 1
813 1912 974 1971 Thes.
1007 1926 1086 1981 w,
1111 1912 1172 1971 ⁴⁴
1211 1928 1226 1968 z
1261 1910 1573 1987 operamini
1607 1910 1849 1971 manibus
1881 1908 2093 1977 vestris,
2122 1908 2260 1967 sicut
2292 1926 2507 1985 praece·-

495 1999 671 2075 pimus
694 2000 858 2067 vobis,
884 2006 935 2061 ct
957 2006 1018 2059 ut
1044 2000 1252 2059 honeste
1275 1999 1552 2061 ambuletis
1574 2002 1645 2061 ad
1663 2016 1746 2059 eos
1769 1998 1863 2077 qui
1888 1998 2029 2075 foris
2050 2004 2199 2069 sunt,
2221 2006 2275 2058 et
2300 2000 2507 2058 nullius

503 2088 712 2161 aliquid
751 2088 1076 2151 desideretis.
1101 2089 1296 2150 Glossa
1323 2106 1340 2151 z
1367 2109 1394 2143 α
1429 2089 1597 2165 Quasi
1628 2089 1752 2150 ideo
1775 2104 1915 2163 opus
1957 2087 2225 2163 egendum
2262 2094 2366 2157 est,
2394 2104 2506 2145 non

502 2176 804 2243 otiandum,
835 2178 964 2253 quia
989 2186 1044 2237 et
1069 2177 1356 2239 honestum
1379 2186 1481 2246 est,
1510 2184 1565 2235 et
1591 2178 1749 2257 qnasi
1774 2177 1865 2237 lux
1894 2176 1963 2236 ad
1997 2176 2263 2243 infideles,
2294 2166 2353 2236 ἐι
2392 2192 2507 2234 non

502 2265 882 2326 desiderabitis
921 2283 1034 2325 rem
1061 2266 1306 2337 alterius,
1337 2268 1541 2329 nedum
1580 2266 1915 2343 rogetis,.ve1
1959 2265 2165 2326 tollatis
2207 2265 2433 2343 aliquid.
2474 2285 2503 2321 ιο

502 2356 642 2427 Ergo
663 2355 844 2429 potius
867 2364 952 2415 est
975 2356 1225 2419 manibus
1245 2356 1600 2433 operandum.
1622 2371 1789 2434 quam
1812 2354 2054 2431 rogando
2083 2354 2291 2433 aliquid
2318 2361 2506 2429 petere

502 2460 598 2519 per
633 2446 1062 2505 mendicitatem.

570 2536 727 2595 Item.
748 2537 792 2591 Π
813 2536 881 2595 ad
911 2537 1102 2595 Thess.
1128 2552 1216 2603 ιιι,
1243 2550 1408 2611 super
1434 2533 1563 2594 illud
1591 2550 1602 2591 :
1633 2533 1693 2593 Si
1720 2533 1838 2609 quis
1866 2550 1971 2593 non
1994 2534 2109 2595 vult
2132 2535 2371 2611 operari,
2392 2542 2503 2596 etc.

503 2622 698 2681 Glossa
753 2625 1042 2697 Augustini
1103 2623 1221 2685 vult
1275 2639 1466 2684 servos
1518 2622 1617 2682 Dei
1673 2622 2027 2699 corporaliter
2080 2625 2296 2702 operari
2359 2626 2507 2687 unde

502 2711 718 2779 vivant,
764 2720 826 2769 ut
872 2728 974 2773 noo
1019 2712 1415 2785 compellantur
1466 2718 1711 2789 egestate
1754 2713 2063 2773 necessaria
2107 2720 2327 2789 petere;
2371 2730 2507 2789 ergo

502 2800 680 2871 magis
721 2799 920 2859 dehent
967 2799 1218 2861 manibus
1263 2802 1477 2875 operari
1532 2816 1699 2879 quam
1752 2801 2059 2863 necessaria
2102 2808 2291 2883 petere
2344 2819 2509 2867 men·-

503 2887 757 2947 dicando·

573 2977 731 3035 Item.
775 2976 1138 3052 Hieronymus
1165 2980 1234 3039 nd
1275 2980 1639 3055 Nepotianum
1673 2979 2050 3055 presbyterum
2078 2996 2093 3036 t
2123 2998 2150 3035 α
2184 2980 2506 3059 Numquam

470 3098 473 3101 -
504 3071 768 3139 petenteS,
802 3082 925 3128 raro
962 3065 1296 3139 accipiamus
1331 3068 1531 3141 rogati.
1572 3068 1793 3128 Bestius
1830 3068 1975 3129 enim
2016 3074 2101 3125 est
2152 3069 2327 3141 magis
2369 3070 2507 3130 dare

501 3170 666 3227 quam
697 3155 976 3229 occiper03
1009 3175 1036 3212 ι
1061 3172 1192 3227 ergo
1214 3172 1320 3215 non
1361 3156 1491 3217 licet
1526 3158 1701 3217 servis
1736 3155 1836 3217 Dei
1885 3164 2073 3235 petere
2110 3165 2207 3219 aut
2250 3160 2505 3239 accipere

502 3243 678 3303 victus
706 3245 1014 3304 necessaria
1039 3245 1421 3307 mendicando.

568 3333 724 3390 Item.
756 3334 976 3393 Certum
1005 3341 1088 3393 est
1117 3334 1336 3405 gravius
1368 3349 1490 3395 esso
1528 3333 1811 3407 delictum,
1838 3333 1984 3408 quod
2028 3336 2273 3395 severius
2314 3336 2507 3396 vindi-

497 3420 733 3481 candum
761 3428 863 3487 est,
896 3430 956 3479 ut
985 3421 1214 3481 habetur
1240 3438 1403 3491 xxiv,
1432 3440 1489 3497 q.
1520 3424 1583 3483 1:
1618 3444 1645 3478 α
1671 3424 1789 3483 Non
1816 3422 2104 3483 afferamus
2132 3434 2371 3485 stateras
2396 3427 2503 3487 do-

497 3508 674 3580 losas;
699 3528 724 3565 n
751 3510 845 3567 sed
871 3511 1191 3581 gravissime.
1217 3512 1518 3573 secundum
1540 3512 1633 3585 jus
1660 3511 1819 3571 civile
1848 3512 2071 3588 punitur
2095 3513 2311 3575 validus
2339 3531 2504 3577 men-

495 3596 654 3655 dicus
687 3598 734 3655 si
785 3599 1064 3671 probatur,
1091 3600 1220 3673 quia
1249 3602 1293 3658 si
1326 3600 1543 3663 servilis
1578 3608 1663 3661 εει
1690 3600 2020 3661 conditionis
2043 3601 2276 3661 efficitur
2306 3620 2503 3664 servus

495 3685 796 3757 prudentis,
815 3687 862 3743 si
884 3687 1019 3747 liber
1043 3696 1146 3757 εει,
1165 3689 1399 3747 efficitur
1424 3692 1541 3763 eius
1570 3690 1793 3751 colonus
1818 3696 2145 3765 perpetuus:
2175 3708 2224 3751 c.
2244 3694 2320 3750 De
2341 3710 2503 3753 men-

493 3772 693 3828 dicant.
714 3775 876 3831 valid.
909 3776 1012 3846 leg.
1044 3776 1234 3840 Unica.
1252 3779 1393 3851 Ergo
1420 3781 1660 3853 graviter
1686 3787 1913 3855 peccant
1952 3780 2211 3855 religiosi,
2241 3783 2335 3861 qui
2367 3790 2501 3845 sunt

497 3859 684 3931 velidi,
717 3864 1098 3931 mendicando.
