2784 4392
1794 172 1803 205 l

748 321 858 377 xv.
886 342 968 361 -
993 324 1074 377 on
1113 324 1422 378 nummum
1462 324 1801 379 ratumena
2160 302 2279 393 395

1026 537 1314 609 CAPUT
1388 538 1515 607 XI.

267 664 400 729 Hic
426 664 697 731 declarat
717 666 789 731 do
809 668 1036 751 politia
1057 671 1435 751 Hippodomi
1452 670 1819 753 philosophi,
1846 669 1955 753 qui
1974 668 2282 751 reprehen-

349 754 525 819 ditur
567 763 865 839 quantum
906 759 993 822 ad
1034 777 1252 841 amera
1298 762 1629 841 hominum,
1672 761 1827 846 quia
1856 760 2039 843 ponit
2082 760 2279 827 solum

351 845 498 923 tria,
527 851 587 909 et
613 852 909 927 quantum
930 849 1015 913 ad
1034 867 1344 915 numerum
1369 851 1613 932 populi.

338 977 542 1035 Praeter
569 978 668 1035 bas
693 984 876 1037 autem
901 983 1153 1056 quamvis
1183 982 1538 1055 Philosophus
1561 983 1618 1040 iu
1640 982 1691 1041 11
1718 982 1880 1040 Polit.
1904 980 2107 1042 multas
2143 998 2275 1055 per-

265 1068 478 1121 tractet·
505 1060 745 1139 politiaS,
771 1068 914 1125 inter
943 1068 1081 1126 alios
1109 1076 1291 1127 tamen
1326 1085 1360 1128 a
1381 1086 1548 1143 supra
1590 1070 1755 1129 dictis
1793 1069 1889 1145 qui
1937 1069 2171 1127 multum
2207 1070 2277 1127 de

267 1152 459 1224 politia
510 1160 904 1225 tractaverunt,
973 1158 1078 1215 fult
1133 1160 1509 1232 Hippodomus
1556 1158 1910 1234 philosophus
1967 1158 2283 1233 Eriphontis

266 1242 430 1310 filius„
453 1244 548 1299 sed
577 1246 819 1302 Milesius
839 1247 1039 1319 patria,
1071 1248 1216 1304 unde
1237 1248 1457 1317 Thales,
1484 1262 1627 1304 unus
1651 1264 1721 1305 ex
1753 1254 1964 1321 septem
2006 1248 2278 1320 sapienti·-

265 1329 387 1399 bus,
433 1331 698 1403 originem
744 1335 930 1390 traxit.
959 1335 1061 1391 Hic
1097 1335 1242 1391 enim
1285 1352 1444 1393 suam
1480 1335 1728 1409 politiam
1770 1350 1838 1393 ex
1878 1335 2069 1393 multis
2106 1341 2161 1392 et
2206 1334 2278 1393 ad

265 1418 422 1490 plura
467 1420 761 1489 ordinavit,
787 1428 846 1477 et
882 1423 1058 1495 primo
1101 1423 1323 1497 quidem
1371 1422 1429 1479 in
1470 1440 1536 1481 ea
1573 1439 1859 1481 numerum
1906 1422 2279 1486 multitudinis

265 1508 693 1565 determinatum
760 1500 989 1583 tradidit
1037 1510 1252 1567 civitati
1299 1512 1453 1568 circa
1506 1512 1699 1569 decem
1738 1511 1913 1568 millia
1958 1512 2204 1568 virorum
2258 1526 2291 1567 ε·

265 1611 431 1670 quem
459 1610 747 1653 numerum
773 1597 1109 1655 sufficienter
1145 1598 1377 1672 putabat
1420 1600 1478 1657 in
1514 1600 1773 1667 civitate,-
1794 1600 1953 1673 cujus
1991 1600 2131 1656 forto
2170 1600 2278 1659 suit

268 1686 555 1755 motivum,
579 1686 726 1759 quod
752 1686 1001 1759 superius
1027 1685 1293 1744 traditum
1321 1694 1407 1745 est
1429 1687 1501 1745 de
1528 1688 1746 1757 castris,
1777 1689 1909 1763 quia
1949 1688 2146 1745 melius
2170 1706 2279 1760 gu-

266 1767 584 1842 bernantur,
612 1781 668 1831 et
698 1776 752 1831 in
777 1774 1108 1833 victualibus
1131 1783 1312 1851 potest
1336 1792 1437 1850 per
1462 1784 1705 1835 rectores
1728 1778 2119 1849 congruentius
2142 1791 2277 1850 pro-

265 1864 460 1922 videri.
511 1864 728 1922 Dictum
774 1870 958 1921 autem
1011 1864 1419 1922 multitudinem
1474 1865 1545 1923 ad
1588 1865 1695 1924 tria
1744 1880 1945 1939 genera
1994 1866 2275 1922 hominum

268 1954 583 2019 reducebat,
616 1954 686 2010 ad
725 1953 1018 2012 bellatores
1059 1954 1340 2026 videlicet,
1370 1955 1611 2012 artifices
1657 1963 1714 2011 et
1743 1953 2031 2027 agricolas.
2064 1954 2125 2009 In
2167 1968 2278 2027 qua

268 2043 490 2119 quidem
515 2044 784 2099 divisione
815 2044 896 2100 sic
918 2042 1155 2116 ponebat
1181 2060 1276 2101 eos
1303 2060 1425 2102 esse
1444 2045 1756 2113 distinctos,
1788 2044 1937 2118 quod
1972 2058 2073 2099 nec
2101 2042 2279 2099 bella·

271 2139 354 2187 tor
396 2132 463 2187 ad
505 2132 776 2189 culturam
825 2140 1005 2198 terrae,
1057 2148 1158 2190 nec
1199 2134 1267 2190 ad
1311 2133 1731 2205 negotiationes,
1774 2149 1875 2189 nec
1914 2132 2152 2205 agricola
2204 2131 2275 2190 ad
2374 2154 2385 2164 ·

269 2236 420 2277 arma
467 2222 744 2277 transiret.
789 2223 1222 2279 Horum·autem
1264 2238 1528 2295 generum
1566 2221 1850 2277 hominum
1894 2220 2277 2277 sufficientiam

267 2310 486 2367 dicebat
515 2324 652 2374 esse,
684 2310 814 2384 quia
853 2310 1179 2367 ordinantur
1224 2310 1294 2367 ad
1337 2312 1810 2368 conservationem
1847 2308 2104 2367 humanae
2126 2310 2275 2367 vitae.

268 2398 536 2472 Agricolas
573 2397 794 2472 quidem
831 2404 1096 2473 quantum
1125 2400 1194 2455 ad
1224 2400 1452 2464 victum,
1482 2396 1727 2456 artifices
1772 2405 1956 2455 autem
2001 2406 2271 2472 quantum

270 2489 338 2545 ad
365 2494 758 2561 tegumentum,
781 2490 876 2545 sed
901 2488 1194 2545 bellatores
1213 2487 1282 2545 ad
1306 2488 1573 2545 bonorum
1598 2502 1818 2545 suorum
1842 2486 2267 2556 firmamentum,

269 2579 386 2635 sive
421 2579 747 2635 custodiam.
775 2578 882 2636 Sed
916 2578 963 2634 si
991 2579 1061 2634 ad
1091 2594 1156 2635 ea
1193 2592 1318 2652 quae
1345 2576 1495 2634 dicta
1532 2584 1661 2634 sunt
1704 2591 1887 2647 supra,
1910 2582 1967 2632 et
2008 2574 2151 2632 inira
2189 2582 2274 2632 est
2303 2599 2310 2605 ·

209 2680 214 2686 ·
270 2668 579 2734 dicendum,
611 2667 846 2725 faciliter
885 2684 1124 2725 errorem
1166 2666 1301 2723 dicti
1343 2664 1649 2740 philosophi
1682 2665 1958 2738 percipere
1981 2680 2273 2739 possumus

271 2773 336 2813 ex
359 2758 474 2827 jam
499 2757 662 2813 dictis
691 2774 705 2811 z
736 2756 865 2831 quia
904 2758 959 2813 in
1011 2756 1201 2831 politia
1239 2756 1664 2813 determinatum
1692 2770 1977 2811 numerum
2010 2756 2145 2811 dare
2166 2758 2276 2811 non

272 2860 574 2918 possumuS,
589 2846 685 2901 sed
713 2846 1104 2919 multiplicatur
1133 2849 1187 2917 in
1209 2862 1273 2903 ea
1295 2844 1525 2919 populus
1543 2844 1627 2902 vel
1656 2851 1879 2919 propter
1898 2842 2275 2902 amoenitatem

275 2935 396 3001 loci,
415 2933 498 2989 vel
513 2942 736 3006 propter
762 2934 964 2990 famam
989 2934 1240 3005 regionis,
1267 2934 1352 2991 vel
1382 2940 1603 3008 propter
1626 2932 2043 2991 soecunditatem
2070 2933 2271 3006 gentis.

274 3026 480 3081 Rursus
509 3022 754 3077 videmus
781 3023 1053 3090 civitam,
1093 3022 1237 3094 quod
1265 3022 1483 3093 quando
1506 3022 1682 3093 magis
1710 3022 1990 3078 abundant
2010 3023 2064 3077 in
2087 3029 2269 3093 gente,

277 3122 425 3170 tanto
465 3112 687 3183 majoris
710 3112 982 3185 potentiae'
998 3116 1054 3165 et
1083 3110 1402 3165 famosiores
1418 3111 1757 3183 judicantur,
1786 3126 1888 3166 nec
1913 3119 2134 3182 propter
2168 3110 2273 3165 hoc

275 3202 640 3275 impediuntur
669 3201 722 3255 in
753 3198 1092 3272 regimine,si
1119 3214 1214 3271 per
1233 3196 1494 3254 officiales
1518 3197 1652 3253 bene
1682 3198 2040 3271 disponantur
2069 3204 2125 3254 et
2149 3214 2277 3254 rec-

276 3298 440 3361 tores,
467 3291 596 3363 quia
619 3305 802 3365 pcenae
839 3290 894 3345 iu
917 3287 1128 3363 legibus
1158 3286 1429 3345 institutae
1448 3282 1735 3357 ,hominum
1761 3293 1953 3344 arcent
1978 3285 2269 3353 malitiam,

275 3386 329 3435 et
367 3386 494 3435 sunt
529 3380 584 3435 in
623 3378 813 3451 politia
853 3378 1142 3437 medicina}
1166 3375 1459 3454 ‘quaedarm
1508 3382 1569 3435 ut
1608 3374 1777 3437 tradit
1818 3374 2175 3451 Philosophus
2216 3376 2273 3433 iu

275 3470 317 3523 11
349 3467 525 3523 Echio.
1981 3490 1987 3495 ·

340 3558 453 3613 Nec
481 3558 678 3612 iterum
707 3554 968 3628 distingui
991 3554 1074 3612 sic
1095 3552 1276 3623 debet,
1304 3556 1439 3629 quin
1474 3568 1601 3611 cum
1636 3552 2017 3628 opportunitas
2044 3552 2151 3610 hoc
2178 3569 2273 3610 re·-

275 3646 458 3717 quirit,
489 3644 580 3701 illa
628 3642 732 3701 t‘ria
771 3660 970 3717 genera
1003 3644 1112 3701 sint
1155 3644 1417 3714 admixta,
1459 3644 1590 3718 quia
1639 3642 1878 3725 artifices
1913 3651 1971 3709 et
2014 3642 2271 3715 agricolae

275 3735 564 3809 aliquando
603 3740 732 3789 sunt
773 3732 1084 3802 bellatores,
1123 3748 1249 3790 cum
1289 3732 1359 3789 de
1406 3734 1529 3789 istis
1564 3730 1779 3789 duobus
1831 3732 2121 3803 generibus
2166 3732 2269 3788 ho-

276 3825 478 3880 minum
500 3824 774 3898 praecipne
801 3822 1072 3895 eligantur
1097 3822 1320 3891 tirones,
1350 3830 1410 3879 ut
1442 3820 1649 3879 dictum
1678 3829 1762 3878 est
1787 3838 1953 3899 supra
1992 3838 2059 3879 ex
2086 3818 2269 3879 verbis

277 3912 506 3987 vegetii,
533 3922 590 3973 et
633 3930 675 3971 e·
722 3928 985 3974 converso
1025 3910 1257 3970 dicimus
1295 3911 1366 3970 de
1404 3910 1757 3971 bellatoribus
1806 3911 1879 3971 ad
1930 3911 2174 3971 artifices
2210 3916 2271 3969 et
