2784 4392
497 316 639 369 xm,
666 333 747 351 —-
776 315 1017 364 comm
1056 316 1245 365 narn.
1290 316 1443 360 nou.
1488 317 1570 362 ΑΒ
1607 316 1852 364 means.
1896 317 2101 367 autre.
2227 301 2308 365 29

301 434 608 510 pendebam.
631 435 754 494 Non
778 441 860 490 est
885 450 1013 506 ergo
1038 431 1329 500 laudabile,
1362 433 1460 489 sed
1485 433 1660 505 magis
1683 433 2040 507 vituperabile
2061 441 2184 507 post
2213 451 2311 492 vo-

304 525 577 581 cationem
616 523 929 580 interiorem
958 519 1045 579 vol
1074 520 1418 588 exteriorem,
1452 521 1536 577 vel
1567 521 1731 578 verbo
1757 522 1840 578 vel
1869 523 2164 596 scripturis
2192 523 2311 582 fac·-

308 617 421 670 tatn
446 611 679 678 differre,
714 616 769 667 et
793 610 951 685 quasi
978 611 1035 668 in
1062 610 1243 666 dubiis
1268 610 1557 666 consilium
1587 626 1856 684 quaerere.

376 703 491 758 Hoc
518 702 685 758 etiam
710 700 779 756 ad
805 698 1081 756 interioris
1108 699 1483 772 inspirationis
1515 699 1813 756 efficaciam
1839 702 2092 776 pertinet,
2124 709 2182 758 ut
2207 687 2310 760 lio-

305 791 480 848 mines
516 790 766 862 inspirati
794 788 975 845 subito
1014 788 1080 844 ad
1124 789 1332 860 majora
1369 788 1756 861 provehantur,
1799 790 1947 862 quod
1975 791 2312 863 significatur

305 895 402 954 per
433 878 537 935 hoc
566 877 711 951 quod
741 875 1086 948 congregatis
1116 875 1169 930 in
1202 891 1365 931 unum
1390 875 1694 948 discipulis,
1725 882 1783 933 ut
1814 876 2030 948 iegitur,
2061 881 2184 934 Act.
2215 896 2258 936 u
2289 897 2302 936 ε

307 964 542 1041 Repente
570 964 806 1036 Spiritus
834 971 1047 1020 sanetus
1082 979 1243 1035 supe-r
1270 979 1352 1018 eos
1384 961 1615 1030 veniens,
1645 969 1733 1018 eo?
1753 963 1882 1036 feeit
1909 967 2184 1037 magnalia
2208 965 2308 1023 Dei

306 1057 483 1132 loqui;
520 1055 614 1112 ubi
652 1055 787 1110 dicit
826 1054 1064 1110 Glossa:
1103 1051 1289 1111 Nescit
1333 1051 1495 1109 tarda
1534 1048 1809 1108 molimina
1849 1052 2090 1126 Spiritus
2134 1056 2304 1112 saneti

304 1146 509 1219 qratia.
558 1147 626 1201 Et
671 1143 988 1199 Ecclesiast.
1024 1157 1106 1208 xl,
1150 1145 1239 1208 23,
1286 1139 1488 1196 dicitur
1521 1141 1740 1198 :Facile
1781 1149 1856 1198 est
1899 1143 1959 1198 in
2007 1143 2172 1200 oculis
2206 1145 2307 1220 Dei

306 1235 479 1292 subito
505 1236 779 1291 honestare
802 1244 1111 1304 pauperem.
1142 1231 1295 1286 Hanc
1321 1229 1486 1286 etiarn
1526 1229 1824 1288 efficaciam
1853 1232 1948 1287 Dei
1979 1232 2310 1289 intrinsecus

308 1324 623 1396 inspirantis
650 1321 985 1394 Augustinus
1014 1319 1254 1374 ostendit
1279 1319 1334 1374 in
1364 1317 1502 1375 libro
1527 1320 1606 1374 De
1627 1319 2108 1392 praedestinatione
2133 1323 2306 1378 Sanc-

308 1421 505 1479 torum,
548 1411 809 1467 inducens
846 1408 992 1483 quod
1040 1405 1271 1464 habetur
1307 1408 1464 1465 Joan.
1501 1423 1560 1464 w
1604 1423 1617 1462 ε
1660 1409 1844 1465 Omnis
1884 1409 1975 1482 qui
2022 1410 2231 1468 audivit
2276 1429 2311 1468 a

304 1501 492 1567 Patre,
520 1508 567 1557 et
592 1499 799 1564 didicit,
828 1499 975 1554 venit
1000 1496 1069 1552 ad
1097 1511 1212 1564 me,·
1238 1497 1408 1562 valde,
1443 1495 1636 1569 inquit,
1668 1505 1871 1554 remota
1899 1505 1972 1555 est
1995 1517 2031 1554 a
2075 1501 2310 1556 sensibus

306 1591 487 1646 carnis
526 1591 633 1646 haec
667 1589 868 1651 schola,
891 1586 950 1641 in
984 1603 1087 1660 qua
1127 1585 1297 1640 Pater
1334 1585 1563 1640 auditur
1591 1593 1640 1641 et
1668 1585 1811 1642 docet
1851 1595 1914 1644 ut
1955 1589 2208 1644 veniatur
2239 1590 2310 1646 ad

303 1680 513 1736 Filium
537 1696 553 1737 .·
576 1695 667 1733 nec
692 1677 805 1748 aqit
822 1676 915 1729 hoc
939 1686 1056 1727 cum
1082 1672 1262 1726 carnis
1280 1687 1432 1736 aure,
1455 1669 1543 1726 sed
1568 1671 1760 1727 cordis.
1782 1673 1850 1729 Et
1874 1684 2063 1745 postea
2085 1675 2270 1733 subdit
2293 1696 2304 1730 :

302 1769 495 1839 Itaque
530 1765 716 1838 qratia
757 1779 872 1834 quse
906 1761 1098 1817 occulte
1128 1759 1373 1814 humanis
1415 1759 1658 1815 cordibus
1685 1759 1872 1816 divina
1903 1761 2158 1836 larqitate
2195 1765 2305 1820 tri-

305 1859 499 1913 buitur
524 1873 557 1909 a
586 1853 730 1909 nullo
754 1851 906 1907 corde
934 1849 1070 1904 duro
1093 1849 1377 1920 ‚respuitur
1400 1866 1420 1906 .·
1443 1849 1556 1903 ideo
1595 1849 1783 1922 quippe
1808 1851 2074 1910 tribuitur
2100 1865 2163 1914 uc
2186 1870 2310 1912 ⁶02·-

305 1949 389 2004 dis
418 1943 627 2000 duritia
648 1940 865 2014 penitus
891 1937 1201 2010 anferatur.
1230 1937 1381 1992 Hanc
1412 1937 1579 1993 etiam
1608 1937 1906 1996 efficaciam
1933 1943 2306 2018 inspirationis

306 2040 537 2094 internae
565 2031 862 2103 Gregorius
892 2031 944 2102 in
981 2027 1214 2082 Homiiia
1244 2028 1592 2083 pentecostes
1626 2033 1972 2090 commendat
2001 2035 2233 2094 dicens:
2265 2041 2308 2096 Ο

210 2164 215 2168 -
306 2126 479 2203 qualis
504 2121 709 2194 artifex
736 2125 809 2174 est
833 2119 927 2174 iste
950 2116 1208 2188 Spiritus.
1239 2115 1410 2174 Nulla
1433 2113 1502 2170 ad
1525 2113 1808 2176 docendum
1833 2139 1986 2179 mora
2011 2127 2216 2198 emitur,
2247 2129 2305 2184 in

305 2231 453 2271 omne
476 2211 611 2288 quod
639 2207 887 2272 voluerit,
914 2222 1035 2260 mox
1057 2212 1117 2260 ut
1154 2205 1387 2275 tetiqerit
1413 2213 1638 2261 mentem
1676 2202 1841 2275 docet,
1867 2212 2132 2292 solumque
2169 2219 2302 2274 teti..

305 2305 439 2377 pisse
460 2301 689 2357 docuisse
722 2304 817 2353 est.
848 2295 991 2353 Nam
1016 2295 1305 2349 humanum
1343 2293 1582 2350 animum
1612 2294 1784 2353 subito
1824 2307 1887 2356 ut
1928 2301 2165 2361 illustrat
2198 2307 2312 2365 im

306 2400 503 2451 mutat.
528 2389 767 2459 Abneyat
804 2385 895 2440 hoe
924 2389 1137 2454 repente
1163 2381 1299 2453 quod
1322 2388 1463 2447 erat,
1490 2388 1550 2436 ut
1573 2384 1776 2443 exhibet
1812 2398 2024 2460 repente
2047 2389 2181 2468 quod
2202 2409 2305 2452 non

308 2489 449 2539 erat.
477 2481 747 2536 Virtutem
777 2473 944 2546 igitur
988 2469 1192 2542 Spiritu
1236 2469 1411 2525 sancti
1453 2470 1537 2525 vel
1577 2473 1810 2542 ignorat,
1846 2479 1928 2534 vei
1969 2481 2017 2535 ci
2053 2485 2306 2560 resistere

308 2574 523 2637 nititur,
547 2567 677 2642 quja
706 2581 737 2622 a
764 2563 969 2637 Spiritu
999 2568 1189 2617 sancto
1211 2564 1420 2614 motum
1445 2558 1806 2619 diuturnitate
1825 2568 2036 2624 consilii
2063 2555 2306 2630 detinere

310 2659 609 2718 contendit

381 2751 495 2806 Nec
515 2746 687 2802 solum
703 2755 977 2798 sacrorum
1010 2738 1295 2804 doctorum
1325 2737 1745 2795 auctoritatibus
1774 2745 2088 2804 assertionis
2118 2767 2306 2809 eorum

312 2835 653 2894 convincitur
695 2829 922 2896 falsitaS,
954 2825 1050 2882 sed
1093 2825 1259 2880 etiarn
1300 2823 1540 2898 physicis
1581 2827 1940 2888 documentis.
1969 2834 2114 2894 Dicit
2164 2842 2306 2896 enim

313 2923 636 2984 Aristoteles
652 2922 704 2976 in
726 2918 961 2992 quodam
978 2932 1097 2987 cap.
1116 2913 1293 2969 Ethic.
1310 2914 1453 2986 quod
1473 2914 1778 2972 intitulatur
1803 2921 1880 2975 De
1898 2921 2038 2980 bona
2060 2927 2304 2985 fortuna:

319 3015 467 3084 Quod
488 3019 667 3069 autem
691 3005 957 3082 quaeritur
984 3003 1113 3076 quid
1144 3009 1218 3058 est
1248 3009 1418 3058 motus
1447 3004 1777 3078 principium
1805 3008 1862 3063 in
1901 3011 2102 3080 antima,
2129 3019 2306 3088 palam

314 3101 745 3180 quemadmodum
787 3097 847 3152 in
875 3093 1171 3170 totoxDeus,
1205 3091 1436 3148 rationis
1464 3109 1606 3150 enim
1637 3097 1965 3170 principium
2007 3119 2112 3159 non
2141 3108 2305 3174 ratio,

314 3195 403 3252 sed
424 3189 632 3264 aliquid
654 3186 858 3244 melius.
894 3183 1031 3249 Quid
1070 3181 1242 3254 iqitur-
1266 3180 1445 3254 utique
1481 3183 1586 3238 erit
1616 3185 1804 3241 nielius
1825 3190 2046 3246 scientia
2071 3199 2121 3248 et
2146 3194 2310 3250 intel-

317 3286 449 3341 lectu
478 3281 585 3336 nisi
626 3276 807 3334 Deus?
837 3279 891 3330 et
922 3279 1110 3346 postea
1158 3269 1341 3326 subdit
1370 3287 1384 3326 ε
1414 3271 1492 3326 De
1537 3271 1617 3328 his
1659 3275 1751 3345 qui
1779 3293 1812 3329 a
1858 3278 1966 3332 Deo
2007 3289 2306 3349 moventur,

317 3371 451 3446 quod
480 3365 755 3424 consiliari
788 3380 893 3420 non
920 3361 1129 3435 expedit
1154 3361 1249 3419 eis.
1273 3359 1482 3418 Habent
1511 3361 1649 3416 ‘mim
1676 3363 2006 3436 ΡΐῡῑθῖΡῖῑΜῑ
2043 3371 2146 3426 Μῖθ
2175 3372 2313 3442 (ΙΨ)ά

298 3457 499 3518 'melius
522 3464 599 3514 est
623 3454 887 3510 intellectu
906 3459 955 3508 et
980 3449 1214 3506 consilio.
1238 3449 1538 3504 Erubescat
1563 3451 1728 3521 igitur
1750 3455 1841 3525 qui
1866 3471 1923 3510 se
1947 3456 2080 3512 dicit
2106 3459 2278 3514 Catho
2303 3491 2316 3504 ·

320 3551 512 3615 licum,
565 3543 825 3602 divinitus
877 3541 1168 3612 inspiratos
1224 3537 1291 3592 ad
1346 3537 1581 3594 humana
1631 3543 2004 3598 transmittens
2049 3547 2274 3605 consilia
2295 3592 2310 3620 ,

320 3638 517 3711 quibus
554 3649 647 3690 eos
690 3626 1042 3699 Philosophus
1079 3623 1343 3680 Ethnicus
1390 3622 1586 3681 asserit
1638 3645 1741 3684 non
1797 3645 1977 3700 egere.
2025 3633 2316 3694 Videamus

321 3733 506 3784 autem
535 3722 763 3778 ulterius
786 3717 853 3774 ad
899 3713 1029 3788 quid
1074 3711 1299 3769 consilio
1341 3713 1622 3784 indigeant
1662 3715 1738 3784 hi,
1785 3717 1982 3790 quibus
2020 3730 2102 3779 est
2143 3741 2316 3788 sacrae

320 3811 599 3885 religionis
626 3807 962 3887 propositum
986 3801 1327 3876 inspiratum.
1358 3803 1427 3858 Et
1467 3803 1640 3876 primo
1669 3807 1890 3879 quidem
1919 3815 2128 3870 occurit
2154 3816 2320 3874 dubi-

322 3910 461 3971 tare,
494 3917 563 3958 an
591 3897 648 3958 id
688 3895 837 3978 quod
868 3891 1114 3951 Christus
1138 3889 1429 3960 consuluit,
1465 3891 1660 3959 meiius
1687 3895 1778 3968 sit,
1820 3900 2161 3974 sacrilegium
2190 3915 2273 3961 est
2301 3925 2316 3966 z
