2784 4392
845 285 954 332 xv.
985 300 1066 317 -
1091 285 1169 332 nn
1211 285 1515 332 anamma
1558 285 1900 338 rmucmuu
2256 266 2375 330 279

370 415 546 472 regeS,
559 399 805 458 dividunt
830 403 1061 476 propria
1075 403 1445 480 benefaciendo
1468 402 1733 476 subjectis,
1746 411 1798 460 et
1810 400 2037 458 ditiores
2053 401 2215 474 flunt.
2230 400 2373 468 Alii,

371 488 580 546 scilicet
603 490 1080 564 tyranni,rapiunt
1107 507 1215 548 non
1241 508 1360 558 sua,
1391 499 1442 548 et
1461 479 1669 566 ”semper
1692 492 1754 548 in
1781 497 2001 565 egestate
2029 497 2175 550 sunt.
2206 490 2375 556 Simi2-

373 577 496 644 liter
518 585 700 636 autem
719 582 868 652 justo
897 581 996 637 Dei
1021 583 1289 653 contingit
1307 581 1537 652 judicio,
1564 588 1623 636 ut
1648 581 1743 653 qui
1768 579 2216 652 divitias-injuste
2239 595 2378 636 con-

370 674 616 740 gregant,
645 669 910 724 inutiliter
948 684 1042 726 eas
1079 669 1416 743 dispergant,
1450 676 1547 726 ant
1583 670 1752 726 etiam
1788 670 1939 742 juste
1968 663 2282 725 auferantur
2306 665 2377 722 ab

371 757 469 812 eis.
499 757 572 812 Ut
595 757 741 813 enim
775 758 1028 815 Salomon
1057 759 1209 824 dicit,
1241 757 1558 815 Ecclesiast.
1591 774 1647 824 v,
1678 762 1710 816 9
1744 775 1757 812 ε
1789 759 2011 814 Avarus
2038 775 2145 813 non
2187 757 2373 828 imple·

371 843 518 902 bitur
551 845 804 918 pecunia,
833 853 886 902 et
930 847 1022 918 qui
1055 853 1204 903 amat
1237 846 1515 919 pecunias,
1536 847 1778 918 fructum
1824 861 1933 901 non
1978 847 2153 918 capiet
2178 861 2243 901 ex
2270 843 2345 899 eis
2356 861 2375 910 ,·

371 933 671 1012 quini-mmo
728 941 788 989 ut
834 935 1268 1000 Proverbiorum,
1313 950 1413 1001 xv,
1460 935 1547 1003 27,
1580 933 1716 992 dicit
1763 952 1777 989 ε
1820 934 2118 1004 conturbat
2166 931 2377 990 domum

369 1021 645 1094 suam,qm‘
662 1029 899 1080 sectatur
920 1023 1233 1080 avaritiam.
1254 1023 1497 1096 Regibus
1526 1038 1654 1079 vero
1685 1023 1779 1096 qui
1797 1023 2071 1096 justitiam
2098 1027 2373 1096 quaerunt,

372 1110 580 1166 divitiae
609 1111 882 1168 adduntur
901 1127 936 1168 a
966 1112 1097 1177 Deo,
1129 1112 1272 1168 sicut
1297 1111 1684 1185 Salomon,qui
1712 1110 1843 1169 dum
1866 1112 2193 1184 sapientiam
2217 1125 2376 1184 quae-

371 1200 500 1256 sivit
530 1200 598 1255 ad
629 1199 937 1257 faciendum
967 1200 1257 1275 judicium,
1292 1200 1707 1277 promissionem
1746 1187 1825 1268 de¹
1850 1200 2189 1258 abundantia
2228 1198 2377 1257 divi-

374 1289 571 1344 tiarum
601 1289 832 1360 accepit.
1916 1357 1921 1364 ‚
2180 1343 2183 1348 .

440 1377 519 1432 Do
556 1377 701 1434 fama
746 1394 875 1434 vero
915 1378 1247 1452 superfluum
1287 1379 1505 1438 videtur
1546 1379 1751 1437 dicere.
1796 1377 1932 1449 Quis
1972 1377 2119 1436 enim
2160 1375 2377 1435 dubitet

373 1463 540 1521 bonos
571 1481 724 1537 reges
752 1482 862 1522 non
886 1467 1060 1524 solum
1090 1469 1143 1523 in
1175 1468 1308 1535 vita,
1341 1470 1439 1525 sed
1470 1469 1645 1540 magis
1683 1474 1803 1539 post
1830 1475 2062 1524 mortem
2100 1465 2375 1540 quodam-

372 1555 530 1610 modo
561 1555 812 1611 laudibus
837 1555 1116 1612 hominum
1144 1557 1348 1623 vivere,
1382 1563 1439 1612 et
1469 1556 1524 1610 in
1553 1555 1825 1611 desiderio
1854 1554 2074 1623 haberi;
2106 1553 2375 1610 malorum

373 1659 500 1700 vero
525 1659 718 1699 nomen
749 1649 844 1700 aut
873 1645 1060 1700 statim
1089 1643 1340 1709 deficere,
1369 1643 1454 1698 vel
1485 1643 1532 1698 si
1557 1642 1885 1698 excellentes
1912 1643 1967 1697 in
2006 1641 2215 1699 malitia
2251 1642 2376 1714 fue-7

374 1734 500 1798 rint,
533 1748 657 1788 cum
693 1732 1056 1789 detestatione
1105 1746 1294 1787 eorum
1324 1731 1721 1788 rememorari?
1750 1731 1907 1789 Unde
1934 1729 2189 1788 Salomon
2216 1729 2372 1804 dicit,

373 1819 806 1887 Proverbiorum,
835 1836 896 1886 x,
933 1821 968 1876 7
999 1839 1011 1875 :
1039 1819 1306 1880 Memoria
1339 1820 1480 1892 justi
1518 1837 1636 1878 cum
1678 1819 1943 1885 laudibus,
1970 1835 2159 1898 nomen
2198 1825 2379 1878 autem

374 1909 658 1980 impiorum
675 1895 960 1983 putrescet,
986 1910 1118 1983 quia
1145 1909 1231 1966 vel
1261 1909 1467 1978 deficit,
1500 1909 1587 1968 vel
1608 1913 1855 1969 remanet
1878 1924 2005 1967 cum
2031 1907 2245 1968 soetore.

1128 2089 1411 2160 CAPUT
1469 2067 1614 2158 'XL
1680 2064 1687 2073 ’

382 2220 559 2295 Quod
586 2221 735 2282 bona
753 2220 932 2284 etiam
953 2221 1314 2296 mundialia,
1335 2227 1409 2284 ut
1424 2227 1570 2284 sunt
1586 2221 1838 2298 divitica,
1855 2225 2144 2302 potestas,
2166 2220 2377 2297 honor,

378 2329 388 2334 ·
452 2314 510 2370 et
548 2311 716 2386 fama
756 2310 952 2388 mayis
970 2311 1336 2388 proveniunt
1373 2310 1615 2390 reqibua
1660 2329 1842 2390 quam
1891 2311 2190 2388 tyranni-5,
2218 2315 2276 2374 et
2310 2309 2381 2374 de

452 2397 633 2460 malis
659 2415 789 2478 quce
815 2399 1140 2460 incurrunt
1169 2399 1431 2484 tyn-anm·-
1447 2401 1628 2462 etiam
1654 2401 1723 2461 in
1748 2399 1859 2462 kae
1902 2402 2053 2462 vita.

443 2530 523 2586 Ex
551 2530 635 2586 his
665 2547 794 2603 ergo
824 2531 1170 2590 manifestum
1197 2537 1280 2588 est
1311 2527 1459 2605 quod
1500 2530 1774 2588 stabilitas
1805 2531 2117 2606 potestatis,
2148 2532 2375 2600 divitiae,

373 2617 544 2676 honor
567 2629 622 2676 et
650 2620 814 2686 fama,
835 2621 1009 2693 magis
1034 2621 1252 2692 regibus
1271 2635 1435 2694 quam
1456 2619 1705 2694 tyrannis
1728 2620 1797 2678 ad
1821 2626 2008 2678 votum
2032 2621 2376 2693 proveniunt,

377 2717 595 2781 propter
623 2725 748 2784 quae
788 2709 1028 2768 indebite
1063 2699 1415 2784 adipiscenda
1459 2709 1699 2767 declinat
1744 2710 1797 2766 in
1844 2706 2189 2783 tyrannidem
2223 2710 2378 2782 prin-

374 2811 523 2869 ceps.
553 2797 746 2854 Nullus
776 2798 917 2854 enim
946 2813 980 2856 a
995 2798 1212 2871 justitia
1241 2798 1482 2856 declinat
1502 2799 1607 2857 nisi
1636 2799 1938 2872 cupiditate
1960 2799 2195 2871 alicujus
2221 2814 2378 2856 com-

377 2885 522 2940 modi
548 2891 776 2942 tractus.
803 2886 1056 2944 Privatur
1090 2888 1309 2962 insuper
1334 2897 1599 2964 tyrannus
1636 2887 2093 2946 excellentissima
2130 2887 2378 2945 beatitu-

375 2973 520 3039 dine,
571 2989 696 3045 quae
737 2971 957 3046 regibus
1001 2975 1230 3034 debetur
1278 2993 1378 3050 pro
1425 2977 1671 3052 praemio,
1704 2983 1760 3033 et
1800 2976 1948 3051 quod
1996 2983 2080 3033 est
2130 2979 2372 3050 gravius,

375 3062 671 3124 maximum
700 3067 1035 3120 tormentum
1073 3065 1179 3120 sibi
1220 3066 1457 3136 acquirit
1488 3067 1543 3121 in
1582 3067 1777 3137 poenis.
1802 3066 1857 3122 Si
1898 3065 2043 3122 enim
2084 3065 2178 3136 qui
2206 3080 2372 3122 unum

375 3149 646 3206 hominem
673 3150 892 3224 spoliat,
919 3153 1004 3208 vel
1031 3151 1086 3208 in
1114 3154 1436 3209 servitutem
1467 3152 1689 3224 redigit,
1715 3153 1801 3210 vel
1827 3153 2048 3219 occidit,
2078 3152 2371 3222 maximam

374 3254 590 3311 poenam
622 3245 879 3310 meretur,
898 3247 1165 3313 quantum
1189 3241 1413 3314 quidem
1436 3241 1503 3298 ad
1520 3241 1790 3314 judicium
1815 3241 2095 3298 hominum
2120 3249 2374 3309 mortem,

375 3334 639 3398 quantum
661 3344 790 3384 vero
836 3329 904 3385 ad
944 3323 1215 3401 ,iudicium
1256 3329 1356 3386 Dei
1400 3330 1807 3387 damnationem
1852 3338 2137 3397 aeternam,
2166 3337 2375 3402 quanto

375 3416 548 3487 magis
588 3416 891 3488 putandum
928 3425 1011 3474 est
1061 3425 1352 3490 tyrannum
1405 3418 1681 3476 deteriora
1729 3417 1929 3475 mereri
1966 3417 2251 3491 supplicia,
2280 3417 2375 3491 qui

371 3504 612 3578 undique
655 3505 725 3562 ab
761 3505 1014 3563 omnibus
1049 3509 1213 3580 rapit,
1241 3515 1433 3564 contra
1484 3507 1726 3564 omnium
1775 3506 2085 3563 libertatem
2136 3505 2372 3574 laborat,

371 3609 469 3666 pro
515 3592 667 3649 libito
705 3594 1002 3652 voluntatis
1041 3609 1154 3652 suae
1199 3609 1575 3669 quoscumque
1607 3593 1907 3650 interficit?
1948 3594 2107 3652 Tales
2153 3594 2377 3666 insuper

373 3697 496 3738 raro
521 3681 807 3754 poenitent,
833 3689 997 3739 vento
1033 3683 1206 3739 inflati
1249 3684 1539 3756 superbiae,
1566 3683 1763 3740 merito
1813 3692 2163 3757 peccatorum
2192 3699 2224 3740 a
2259 3685 2373 3742 Deo

369 3770 592 3840 deserti,
627 3778 683 3828 et
713 3771 1118 3831 adulationibus
1142 3772 1424 3830 hominum
1447 3771 1697 3841 delibuti,
1723 3772 1905 3831 rarius
1940 3772 2101 3846 digne
2146 3773 2375 3832 satissa-

372 3873 496 3917 cere
518 3869 766 3934 possunt.
797 3861 1026 3933 Quando
1050 3865 1197 3922 enim
1223 3861 1517 3924 restituent
1538 3862 1748 3936 omnia,
1773 3878 1900 3938 quoe
1922 3863 2373 3938 praeterjustitiae
