2784 4392
716 327 852 375 xv1.
877 338 960 361 --
983 324 1055 375 m
1094 324 1511 373 »nonu-ruma
1549 327 1575 373 1
1614 325 1929 389 urosrrto
2207 313 2327 375 437

315 444 566 522 pluribus
587 442 874 521 partibus:
901 446 959 499 et
977 440 1102 499 ideo
1127 440 1198 498 ed
1221 438 1327 497 boc
1351 438 1753 499 excludendum
1768 440 1956 500 subdit
1984 458 2003 517 ι
2034 462 2062 496 α
2088 442 2326 517 Simplex

309 536 557 611 omnino,
587 534 699 590 »id
728 540 812 590 est
831 532 1038 589 nullam
1061 529 1513 603 compositionem
1536 528 1763 587 babens.
1796 530 1971 589 Omne
1999 532 2147 589 enim
2168 549 2328 591 com·-

317 626 553 700 positum
582 623 856 698 posterius
901 629 985 678 est
1020 620 1107 679 his
1135 636 1202 676 ex
1242 619 1443 693 quibus
1470 617 1819 695 componitur
1856 637 1873 679 ι
1904 619 1987 679 sic
2024 622 2192 697 igitur
2219 622 2327 680 ali-

316 716 448 790 quid
477 721 621 772 esset
645 714 796 787 prius
821 713 954 778 Deo,
986 710 1134 784 quod
1157 714 1242 765 est
1269 707 1628 781 impossibile.

383 806 489 865 Sed
517 810 702 878 posset
725 802 924 876 aliquis
947 814 1197 875 quaerere
1229 815 1243 855 t
1273 798 1332 855 Si
1360 798 1529 855 trium
1564 813 1919 871 personarum
1946 806 2164 860 estune
2187 800 2327 859 sim-

316 896 442 971 plex
467 903 682 961 natura,
710 891 856 949 unde
902 904 1032 961 ergo
1077 894 1190 945 tres
1229 902 1479 962 personae
1514 886 1974 960 distinguuntur?
1996 890 2067 947 Et
2101 890 2225 949 ideo
2254 894 2323 951 nd

315 985 418 1044 hoc
437 982 771 1057 respondens
808 979 1038 1037 subdit:
1067 997 1094 1031 α
1124 979 1289 1035 Pater
1325 993 1357 1033 a
1395 975 1563 1044 nullo,
1588 976 1761 1033 Filius
1806 994 1838 1034 a
1886 979 2049 1035 Patre
2088 980 2227 1049 solo,
2260 998 2325 1039 ae

313 1076 550 1150 Spiritus
593 1076 816 1129 sanctus
857 1068 1064 1143 pariter
1110 1066 1182 1125 ab
1221 1074 1481 1140 utroque.
1512 1084 1539 1119 n
1580 1065 1687 1123 Ubi
1726 1066 2185 1127 considerandum
2217 1078 2319 1139 est,

313 1164 460 1239 quod
490 1160 759 1237 quidquid
786 1160 842 1237 in
870 1157 1071 1216 divinis
1099 1155 1348 1213 absolute
1371 1155 1594 1222 dicitur,
1621 1170 1911 1213 commune
1938 1162 2025 1214 est
2070 1164 2127 1215 et
2154 1175 2321 1215 unum

314 1255 372 1315 in
399 1254 573 1310 tribus
607 1248 873 1324 personis,
901 1247 1048 1305 sicut
1091 1247 1240 1322 quod
1269 1246 1472 1303 dicitur
1500 1263 1515 1301 ι
1550 1265 1577 1299 α
1609 1247 1761 1304 Deus
1798 1247 1994 1316 bonus,
2022 1250 2259 1323 sapiens,
2292 1270 2319 1305 ε

313 1349 370 1399 ει
393 1342 574 1399 omnia
597 1337 930 1412 hujusmodi.
958 1336 1038 1395 Ibi
1063 1336 1210 1393 enim
1243 1334 1421 1391 solum
1446 1335 1723 1391 invenitur
1752 1336 2053 1404 distinctio,
2085 1339 2176 1395 ubi
2218 1340 2321 1398 ali·

311 1433 443 1506 quid
496 1430 772 1485 invenitur
823 1425 1099 1499 pertinens
1151 1424 1224 1481 ad
1265 1423 1589 1481 relationem
1632 1424 1883 1495 originis,
1928 1428 2061 1498 quia
2110 1428 2320 1487 scilicet

311 1523 472 1577 Pater
524 1534 557 1573 a
599 1516 744 1573 nulio
791 1522 894 1580 est,
919 1520 976 1569 et
1011 1510 1309 1569 secundum
1351 1511 1456 1567 hoc
1501 1510 1841 1567 innascibilis
1882 1512 2103 1570 dicitur.
2150 1516 2319 1573 Filius

241 1668 248 1673 ,
313 1617 495 1667 autem
520 1606 722 1663 dicitur
748 1603 910 1671 fliius,
943 1601 1072 1675 quia
1101 1616 1134 1658 a
1161 1602 1324 1657 Patre
1342 1607 1429 1657 est
1454 1616 1549 1672 per
1572 1600 2000 1671 generationem,
2018 1605 2318 1663 secundum

312 1698 444 1755 iliud
483 1694 680 1753 Psalm.
722 1708 786 1760 11,
817 1692 852 1749 7
880 1708 894 1747 ε
918 1690 1040 1763 Ego
1074 1689 1228 1745 hodie
1267 1687 1431 1761 penui
1456 1694 1539 1757 te‚·
1570 1694 1627 1744 et
1658 1689 1961 1747 secundum
2010 1690 2114 1750 hoc
2170 1695 2317 1753 Patri

313 1786 633 1843 attribuitur
657 1781 981 1855 paternitaS,
1009 1784 1065 1834 et
1102 1778 1236 1834 Filio
1267 1778 1479 1833 filiatio.
1505 1778 1741 1850 Spiritus
1764 1785 1949 1836 eutem
1978 1789 2202 1841 sanctus
2248 1786 2319 1842 ab

311 1884 544 1948 utroque
594 1870 860 1946 procedit,
893 1874 950 1925 et
999 1868 1301 1925 secuudum
1347 1868 1455 1923 boc
1494 1866 1722 1939 Spiritui
1760 1874 1951 1925 sancto
1997 1871 2316 1930 attribuitur

312 1963 605 2041 processio,
643 1958 792 2019 Patri
836 1973 964 2015 vero
1007 1964 1064 2015 et
1107 1956 1246 2015 Fnio
1290 1956 1599 2012 communis
1642 1956 1891 2028 spiratio,
1923 1958 2053 2030 quia
2104 1960 2315 2017 scilicet

311 2052 672 2113 communiter
709 2046 1218 2122 spiruutSpiritum
1263 2050 1538 2111 sanctum,
1568 2044 1661 2101 Sic
1701 2044 1868 2117 igitur
1910 2048 2153 2120 quinque
2184 2057 2345 2107 sunt-

311 2146 580 2207 notiones‚
603 2137 903 2197 secundum
927 2151 1066 2208 quas
1093 2133 1475 2190 distinctiones
1496 2147 1853 2206 personarum
1875 2134 2232 2208 designantur
2260 2141 2316 2197 in

311 2233 531 2298 divinis,
559 2227 770 2285 scilicet
800 2224 1121 2297 paternitas,
1153 2237 1278 2295 quae
1306 2228 1390 2277 est
1413 2221 1770 2278 constitutiva
1799 2223 1997 2289 Putris,
2029 2242 2127 2299 per
2148 2244 2315 2299 quam

311 2322 620 2382 ostenditur
646 2313 794 2390 quod
817 2312 1005 2385 genuit
1027 2310 1222 2393 Filium
1242 2327 1258 2380 ;
1284 2309 1496 2377 filiatio,
1518 2324 1615 2382 per
1638 2325 1804 2383 quam
1832 2312 2141 2371 ostenditur
2168 2320 2315 2389 quod

309 2413 480 2470 Fiiius
503 2414 586 2464 est
611 2422 644 2464 a
673 2406 852 2468 Patre,
875 2410 932 2457 et
957 2400 1252 2473 processio,
1283 2415 1380 2471 per
1407 2414 1574 2472 quam
1611 2399 1919 2457 ostenditur
1948 2403 2097 2475 quod
2135 2406 2315 2478 Spiri-

313 2506 402 2555 tus
425 2501 648 2555 sanctus
675 2498 759 2547 est
785 2504 818 2547 a
842 2489 1002 2545 Patre
1027 2493 1084 2543 et
1107 2485 1276 2555 Filio;
1307 2483 1725 2553 innascibilitas,
1757 2501 1854 2559 per
1880 2504 2048 2559 quam
2084 2490 2314 2563 dignos-

309 2588 452 2646 citur
498 2582 645 2658 quod
692 2582 852 2637 Pater
895 2592 928 2633 a
978 2574 1128 2633 nullo
1173 2582 1288 2644 est3
1341 2574 1645 2629 communis
1698 2575 1947 2647 spiratio,
1998 2594 2097 2649 per
2144 2598 2312 2653 quam

311 2676 616 2735 ostenditur
669 2668 816 2743 quod
868 2668 1029 2724 Pater
1067 2672 1124 2724 et
1163 2662 1334 2721 Filius
1371 2663 1737 2721 communiter
1784 2663 1996 2737 spirant
2048 2667 2313 2817 Spiritum

310 2772 581 2825 sanctum.

351 2852 486 2911 Sed
510 2863 698 2906 rursus
723 2851 911 2920 posset
937 2843 1101 2901 alicui
1122 2858 1349 2901 occurre
1378 2842 1516 2901 salsa
1539 2843 1823 2916 cogitatio,
1852 2851 1914 2901 ut
1959 2846 2089 2918 quia
2118 2846 2183 2912 in
2220 2864 2312 2906 re-

311 2942 413 2999 bus
440 2937 692 2996 humanis
733 2934 902 2991 Filius
929 2949 962 2989 a
1004 2932 1242 3005 quodum
1280 2931 1546 3004 principio
1586 2934 1847 3007 temporis
1878 2950 1913 2993 ιι
1954 2935 2114 2991 Patre
2142 2952 2313 3009 gene-

312 3037 486 3097 ratur,
509 3033 564 3083 ει
587 3022 867 3098 generatio
895 3022 1014 3093 ejus
1035 3034 1143 3075 non
1171 3034 1385 3090 semper
1414 3020 1595 3087 durat,
1613 3022 1708 3075 sed
1732 3027 1885 3077 certo
1912 3024 2145 3081 termino
2168 3034 2313 3083 tem-.

311 3120 460 3191 poris
485 3116 689 3181 finitur,
721 3112 802 3169 sic
825 3109 990 3166 etiam
1019 3107 1092 3163 sit
1117 3106 1265 3163 circa
1293 3106 1557 3177 originem
1598 3106 1911 3165 divinarum
1936 3125 2307 3183 personarum,

312 3214 374 3263 ut
399 3206 608 3263 seilicet
631 3202 799 3259 Filius
829 3199 898 3257 ab
923 3197 1110 3270 aliquo
1135 3201 1380 3267 tempore
1421 3195 1687 3266 inceperit
1714 3212 1747 3252 a
1770 3196 1931 3253 Patre
1954 3202 2225 3269 generari,
2256 3213 2313 3260 et

313 3297 497 3368 aliquo
527 3300 768 3365 tempore
792 3290 911 3363 ejus
933 3285 1216 3359 generatio
1246 3283 1412 3341 fuerit
1438 3282 1612 3351 finita,
1644 3290 1697 3341 et
1722 3285 1976 3343 similiter
2003 3287 2071 3344 de
2103 3290 2311 3362 Spiritu

312 3392 524 3443 sancto.
556 3382 684 3439 Ideo
709 3381 776 3437 ad
799 3379 906 3435 hoc
926 3374 1324 3433 excludendum
1350 3372 1538 3431 subdit
1565 3390 1580 3429 ι
1610 3393 1635 3427 α
1664 3373 1887 3451 Absque
1914 3375 2071 3433 initio
2098 3392 2313 3451 semper

313 3490 381 3531 ac
407 3475 524 3531 sine
561 3471 668 3529 fine
707 3470 869 3525 Pater
902 3481 1190 3538 generans,
1221 3464 1388 3521 Filius
1425 3477 1675 3528 nascens,
1711 3462 1949 3535 Spiritus
1985 3471 2211 3525 sanctus
2246 3468 2316 3523 eb

313 3571 548 3635 utroque
571 3556 898 3631 procedens3
928 3574 957 3607 n
992 3556 1151 3625 cujus
1173 3550 1482 3622 exemplum
1510 3549 1823 3623 aliqualiter
1850 3550 1905 3607 in
1932 3555 2201 3611 creaturis
2226 3557 2315 3612 in·-

313 3651 484 3709 veniri
512 3652 712 3720 potest,
729 3645 858 3703 licet
881 3641 1278 3715 imperfectum.
1305 3638 1569 3695 Videmus
1596 3640 1743 3695 enim
1765 3639 1911 3713 quod
1932 3656 1965 3698 a
1992 3641 2105 3698 soie
2129 3643 2316 3701 radius

312 3738 581 3814 procedit,
609 3742 666 3791 et
681 3731 889 3790 statim
932 3726 1151 3803 quando
1191 3727 1296 3785 fuit
1335 3726 1438 3795 εοΙ,
1466 3726 1653 3783 radius
1680 3730 1947 3799 processit
1990 3729 2060 3787 ab
2100 3746 2186 3799 ec,
2213 3748 2317 3793 nee

315 3842 556 3899 unquam
597 3823 811 3881 desinet
853 3817 1042 3875 radius
1083 3816 1380 3890 procedere
1425 3814 1692 3896 quamdiu
1733 3816 1815 3877 sol
1867 3818 1995 3875 erit.
2037 3820 2131 3877 Sic
2170 3822 2314 3877 enim

315 3912 485 3975 Filius
509 3910 754 3989 procedit
779 3924 813 3969 a
835 3908 1018 3979 Patre,
1050 3911 1113 3967 ut
1135 3903 1326 3965 radius
1347 3920 1381 3975 ιι
1410 3904 1553 3978 sole;
1577 3902 1723 3967 unde
1748 3904 1885 3970 dicit
1899 3907 2217 3995 Apostolus
