2784 4392
429 261 548 321 364
911 276 963 322 s.
1007 275 1240 320 ⁰1·quAE
1281 274 1608 322 Aomm'rts
1652 274 1959 317 ormiscum

1183 478 1465 546 CAPUT
1508 441 1686 550 xx.

520 611 907 696 Comparatio
930 610 1158 692 reyalis
1184 610 1441 671 dominii
1463 609 1620 671 inter
1642 607 1952 686 imperiale
1971 613 2029 672 et
2044 608 2379 690 politicum

915 701 1180 782 qualiter
1210 699 1480 762 convenit
1508 715 1641 760 cum
1666 696 1963 778 utrisque.

503 833 599 890 His
629 834 850 900 habitis,
867 832 1104 888 videnda
1129 838 1212 888 est
1232 829 1573 901 comparatio
1597 829 1897 900 imperialis
1926 829 2153 884 dominii
2170 829 2239 886 ad
2260 830 2451 901 regale

435 929 492 982 et
520 923 821 994 politicum,
851 922 980 994 quia
1019 929 1079 976 ut
1117 935 1184 976 ex
1213 918 1375 974 dictis
1410 924 1655 989 apparet,
1688 917 1945 972 convenit
1974 933 2099 972 curn
2126 926 2363 990 utroque
2392 923 2445 974 et

431 1026 560 1068 cum
601 1011 823 1081 politico
852 1009 1074 1082 quidem
1105 1014 1372 1080 quantum
1422 1007 1489 1062 ad
1524 1007 1647 1062 tria.
1696 1006 1875 1062 Primo
1920 1007 2067 1061 enim
2094 1007 2449 1064 considerata

433 1099 720 1174 electione.
754 1099 906 1154 Sicut
935 1099 1081 1154 enim
1109 1096 1374 1162 consules„
1404 1095 1613 1152 romani
1644 1102 1698 1151 et
1741 1093 2059 1160 dictatores,
2094 1095 2190 1167 qui
2222 1095 2448 1166 politice

435 1187 698 1259 regebant
722 1186 1001 1258 populum,
1031 1185 1452 1242 assumebantur
1476 1199 1571 1256 per
1592 1183 1737 1238 viam
1761 1182 2064 1250 electionis,
2084 1183 2200 1239 sive
2220 1199 2253 1239 a
2282 1200 2413 1242 sena
2432 1217 2448 1228 -

436 1275 678 1341 toribus;
707 1275 785 1330 ita
813 1281 868 1329 et
903 1274 974 1328 de
1020 1272 1443 1344 imperatoribus
1488 1271 1860 1342 contingebat,
1889 1271 2034 1341 quod
2084 1273 2445 1328 assumeban-

438 1370 546 1426 tur,
590 1363 706 1418 sive
749 1377 782 1418 a
827 1376 1051 1418 romano
1099 1360 1362 1424 exercitu,
1410 1367 1469 1413 ut
1516 1359 1884 1430 Vespasianus
1928 1359 1983 1414 in
2026 1360 2335 1428 Palaestina,
2388 1371 2447 1418 ut

435 1450 680 1508 historiae
724 1450 966 1516 tradunt,
1013 1457 1068 1505 et
1119 1447 1374 1504 similiter
1431 1446 1637 1502 Phocas
1690 1463 1754 1501 ex
1805 1445 2027 1502 militari
2066 1447 2344 1504 ‘seditione
2390 1451 2445 1505 in

437 1539 662 1596 Oriente
713 1544 1024 1610 assumptus
1069 1545 1154 1594 est
1206 1543 1400 1592 contra
1442 1534 1755 1592 Mauritium
1799 1537 2215 1606 imperatorem,
2276 1553 2443 1609 quem

438 1634 626 1699 postea
655 1626 949 1683 interfecit.
981 1625 1288 1698 Aliquando
1319 1630 1501 1679 autem
1531 1623 1873 1694 eligebantur
1899 1623 2257 1695 imperatores
2292 1640 2324 1682 a
2352 1641 2447 1682 se·

439 1715 742 1780 natoribuS,
776 1721 836 1770 ut
859 1715 1126 1786 Trajanus
1149 1719 1205 1769 et
1224 1711 1616 1776 Diocletianu8‚
1642 1711 1895 1783 quamvis
1918 1728 2059 1767 unus
2086 1712 2155 1768 de
2183 1714 2447 1786 Hispania

438 1808 601 1867 esset,
625 1802 763 1858 alter
788 1817 918 1858 vero
942 1802 1013 1857 de
1042 1800 1334 1858 Dalmatia.
1361 1800 1429 1855 Et
1458 1799 1713 1855 similiter
1734 1799 1905 1854 AElius
1928 1801 2180 1856 Pertinax
2212 1818 2243 1856 a
2280 1817 2448 1860 sena-

441 1889 649 1946 toribus
677 1897 761 1944 est
809 1896 1142 1962 assumptus.
1171 1889 1330 1958 Item,
1360 1904 1471 1944 non
1514 1903 1727 1959 semper
1770 1887 1838 1942 de
1870 1903 2070 1958 genere
2114 1889 2301 1954 nobili,
2346 1891 2445 1948 sed

360 1971 364 1975 ’
439 1976 508 2033 de
537 1977 790 2044 obscure,
817 1983 876 2033 ut
921 1977 974 2033 in
1003 1977 1416 2049 ‘praenominatis
1458 1975 1630 2048 liquet
1669 1975 1995 2042 CaesaribuS‚
2028 1977 2365 2050 Vespasiano
2390 1983 2444 2033 et

438 2057 799 2132 Diocletiano,
831 2066 972 2120 sicut
1001 2063 1245 2121 historiae
1288 2064 1533 2120 tradunt.
1564 2063 1654 2121 Sic
1685 2066 1753 2120 de
1782 2065 2097 2122 consulibus
2124 2072 2181 2121 et
2204 2066 2449 2122 dictato-

440 2152 591 2208 ribus
631 2153 869 2208 romanis
915 2152 1164 2224 contigit,
1201 2152 1344 2210 sicut
1387 2167 1553 2225 supra
1598 2153 1776 2224 patuit
1822 2154 1891 2208 de
1936 2153 2105 2209 Lucio
2142 2153 2361 2210 Valerio
2390 2160 2445 2211 et

439 2239 710 2300 Fabricio.
741 2241 808 2296 Et
844 2243 1183 2314 Augustinus
1211 2240 1379 2298 refert
1408 2241 1461 2295 in
1492 2241 1536 2295 V
1569 2240 1646 2296 De
1676 2240 1794 2303 Civ.
1828 2240 1949 2305 Dei,
1976 2242 2045 2296 de
2084 2241 2286 2313 Quinto
2313 2243 2445 2298 Cin-

440 2329 683 2398 cinnato,
707 2330 942 2404 qualiter
967 2347 1090 2410 cum
1111 2330 1288 2388 solum
1314 2335 1551 2401 quatuor
1576 2328 1802 2384 haberet
1826 2331 2021 2401 jugera
2046 2331 2115 2386 ad
2136 2330 2443 2398 colendum,
2547 2334 2557 2368 ²

441 2416 621 2474 factus
636 2427 719 2474 est
746 2420 983 2476 dictator
1001 2420 1196 2491 major.
1223 2419 1360 2474 Item
1379 2417 1490 2474 alia
1518 2424 1603 2473 est
1622 2419 1959 2490 comparatio
1982 2418 2099 2475 sive
2124 2419 2443 2488 similitudo,

439 2507 586 2579 quod
622 2509 862 2580 ipsorum
898 2507 1200 2564 dominium
1229 2523 1336 2564 non
1366 2505 1637 2562 transibat
1676 2503 1729 2560 in
1770 2512 2034 2578 posteros,
2068 2507 2219 2563 unde
2256 2508 2447 2565 statim

443 2596 562 2668 ipso
591 2605 808 2654 mortuo
835 2597 1136 2654 dominium
1158 2593 1465 2667 expirabat.

511 2684 790 2753 Quantum
819 2690 1004 2740 autem
1031 2683 1102 2738 ad
1127 2683 1369 2740 ista'duo
1392 2680 1701 2754 exemplum
1736 2681 1999 2738 habemus
2026 2683 2195 2740 etiam
2230 2682 2447 2739 moder-

445 2771 532 2827 nis
559 2771 894 2842 temporibus
919 2770 1062 2842 quod
1088 2769 1248 2825 electi
1286 2777 1413 2826 sunt
1441 2769 1816 2840 imperatoriae,
1848 2769 2105 2828 videlicet
2134 2771 2447 2845 Rodolphus

443 2855 674 2927 simplex
702 2871 884 2912 comes
908 2856 978 2911 de
1015 2855 1288 2926 Ausburg‚
1322 2870 1432 2928 quo
1463 2862 1677 2912 mortuo
1707 2863 2023 2928 assumptus
2066 2863 2152 2914 est
2182 2861 2237 2913 in
2265 2859 2449 2930 Impe-

445 2951 682 3002 ratorem
711 2957 895 2998 comes
923 2942 1201 3016 Adolphus
1223 2943 1293 3000 de
1329 2945 1609 3012 Anaxone,
1639 2959 1748 3017 quo
1776 2946 1957 3002 occiso
1988 2945 2059 3000 ab
2085 2945 2311 3003 Alberto
2335 2947 2449 3003 Ro·

445 3031 630 3104 dolphi
662 3031 792 3098 filio,
825 3031 1017 3088 eodem
1061 3030 1220 3086 modo
1259 3041 1573 3104 assumptus
1600 3040 1703 3088 est.
1735 3032 1850 3088 Hoc
1878 3048 2009 3104 ergo
2054 3033 2311 3104 generale
2340 3042 2446 3100 est.

443 3121 546 3180 nisi
578 3120 719 3177 forte
748 3119 830 3176 vel
863 3121 1104 3192 ipsorum
1128 3120 1403 3192 probitate
1440 3119 1782 3192 contingeret
1808 3120 1955 3193 ipsos
2000 3123 2228 3192 assumi,
2255 3121 2340 3178 vel
2380 3138 2449 3178 ex

441 3210 622 3281 gratia
653 3209 823 3280 patris
847 3209 1108 3280 ipsorum,
1143 3215 1202 3263 ut
1241 3208 1308 3266 de
1347 3208 1583 3264 Arcadio
1608 3215 1664 3264 et
1698 3208 1935 3264 Honorio
1965 3208 2094 3266 filiis
2122 3210 2452 3283 antiquioris

442 3297 748 3354 Theodosio
765 3298 983 3370 juniore
1012 3296 1236 3353 Honorii
1268 3296 1399 3354 filio.
1428 3297 1567 3352 Nam
1593 3296 1723 3368 quia
1760 3296 1897 3352 bene
1935 3305 2196 3354 rexerunt
2221 3314 2451 3372 rempu-

441 3384 642 3443 blicam
663 3392 717 3441 et
739 3383 1074 3459 imperialem
1103 3383 1304 3455 aulam,
1327 3392 1644 3441 meruerunt
1671 3383 1723 3440 in
1749 3399 1849 3440 suo
1874 3400 2070 3456 genere
2093 3385 2280 3460 aliquo
2306 3392 2453 3442 tem-
2558 3391 2564 3396 '

442 3489 571 3546 pore
600 3490 950 3547 perseverare
977 3472 1298 3530 dominium.

513 3562 776 3622 Similiter
817 3562 1019 3619 accidit
1057 3561 1127 3618 de
1174 3561 1417 3618 romanis
1460 3559 1796 3629 consulibus,
1845 3561 1994 3634 quod
2049 3562 2176 3620 licet
2222 3561 2455 3636 singulis

440 3653 600 3708 annis
639 3651 900 3722 eligerent
947 3649 1216 3716 consules,
1261 3649 1459 3706 saltem
1504 3658 1785 3721 quantum-
1820 3649 1889 3706 ad
1938 3651 2343 3722 magistratum,
2388 3657 2450 3706 ut

440 3739 631 3811 patet
617 3757 670 3796 in
711 3741 735 3796 1
761 3738 1010 3796 Machab.
1035 3738 1238 3810 saepius
1278 3746 1465 3795 tamen
1493 3737 1863 3809 contingebat,
1891 3739 2037 3812 quod
2068 3748 2291 3812 propter
2319 3753 2453 3812 pro-

441 3825 672 3882 bitatem
713 3841 958 3898 personas
1003 3826 1087 3884 vel
1132 3827 1347 3898 generis
1393 3825 1663 3884 transibat
1693 3827 1748 3883 in
1788 3833 2055 3899 posteroS,
2086 3833 2147 3884 ut
2173 3828 2242 3884 de
2285 3826 2455 3884 Fabio
