2784 4392
463 276 548 339 36
941 290 995 337 s,
1040 290 1274 335 worm
1310 288 1644 341 nomm-ns
1682 289 1991 338 opuscuml

463 406 692 465 concedi
713 408 1019 467 volentibus
1045 409 1362 482 religionem
1389 409 1614 476 intrare,
1642 415 1699 465 et
1731 408 2007 482 prohibuit
2035 410 2164 465 ante
2200 411 2471 482 quatuor-

465 497 663 566 decim,
697 516 896 556 annum
926 516 1019 556 eos
1049 517 1143 573 per
1172 505 1359 555 votum
1388 498 1637 571 religioni
1668 499 1915 570 astringi.
1949 497 2106 567 Quod
2134 498 2303 555 etiam
2332 514 2472 555 con-

463 595 624 645 sonat
653 589 855 660 regulae
883 588 1031 645 beati
1055 589 1332 645 Benedicti
1363 589 1417 643 in
1452 603 1559 661 qua
1590 586 1906 663 conceditur
1936 586 2273 660 probationis
2298 602 2472 643 annus

465 694 636 750 nuper
661 678 727 735 ad
763 678 1079 749 religionem
1099 679 1398 734 conversis.
2234 738 2241 744 ,
2421 700 2430 705 ·
2520 735 2527 743 ,

535 766 772 824 Ulterius
815 772 909 821 a'ut
952 767 1271 838 procedunt,
1319 766 1565 821 dicentes
1603 765 1914 839 specialiter
1953 780 2071 821 esse
2112 764 2381 833 illicitum,
2410 773 2471 822 ut

465 857 615 927 pueri
661 862 788 911 ante
818 870 988 909 annos
1027 854 1328 926 pubertatis
1354 854 1615 925 praedicto
1653 854 1814 911 modo
1858 854 1924 910 ad
1955 855 2234 927 religionis
2258 856 2473 926 ingres-

414 992 431 1007 ,
465 957 586 997 sum
612 942 939 1013 obligentur.
968 942 1222 998 Illicitum
1247 942 1392 997 enim
1434 942 1649 997 videtur
1678 958 1815 1009 esse,
1849 943 1996 1014 quod
2032 944 2231 1017 aliquis
2261 944 2473 1013 oblige-

459 1029 556 1086 'tur
585 1030 680 1085 tali
719 1030 1069 1100 obligatione,
1098 1046 1264 1103 quam
1301 1031 1449 1101 juste
1486 1031 1658 1102 possit
1697 1029 1767 1085 ab
1796 1029 1901 1085 alio
1938 1032 2165 1088 irritari.
2193 1032 2248 1088 Si
2290 1039 2471 1087 autem

453 1118 634 1189 -aliqui
667 1117 973 1189 impuberes
1012 1132 1071 1172 se
1115 1118 1181 1172 ad
1226 1117 1546 1188 religionem
1596 1116 1976 1188 obligaverint,
2010 1126 2238 1193 possunt
2268 1120 2470 1175 retrahi

466 1212 498 1261 a
528 1205 862 1277 parentibus,
891 1206 977 1261 vel
1018 1222 1048 1261 a
1079 1206 1371 1269 tutor-ibuit,
1407 1214 1467 1262 ut
1492 1205 1753 1277 probatur
1794 1223 1889 1279 per
1919 1208 1993 1275 id,
2027 1209 2171 1281 quod
2218 1207 2467 1276 habetur,

460 1297 534 1351 20
563 1300 761 1365 quaest.
808 1298 859 1358 2,
896 1293 985 1347 ubi
1030 1294 1232 1349 dicitur
1264 1294 1487 1350 :Puella
1526 1295 1575 1349 si
1616 1302 1739 1352 ante
1776 1295 2047 1352 duodecim
2092 1296 2268 1352 oetatis
2306 1312 2471 1350 annos

464 1390 646 1454 sponte
671 1399 768 1437 sua
791 1399 1004 1438 sacrum
1023 1384 1257 1439 velamen
1283 1383 1386 1438 sibi
1410 1385 1778 1456 assumpserit,
1804 1394 2023 1457 possunt
2046 1386 2230 1443 statim
2260 1402 2470 1457 paren-

465 1478 542 1526 tes
565 1472 696 1543 ejus,
719 1472 1029 1529 minueres
1053 1471 1108 1527 ici
1130 1472 1332 1542 luctum
1359 1472 1588 1528 irritum
1610 1472 1807 1542 facere,
1833 1474 1881 1528 εἰ
1904 1474 2192 1529 voluerint.
2216 1473 2469 1529 illicitum
2560 1480 2571 1487 ‘

466 1569 551 1616 est
581 1576 709 1632 ergo
739 1560 1051 1634 impuberes
1081 1562 1147 1616 ad
1176 1562 1493 1632 religionem
1518 1559 1757 1631 obligare
1782 1563 2094 1633 juramento
2118 1562 2201 1617 vel
2235 1570 2381 1618 voto·

461 1672 470 1678 ·
535 1650 806 1706 Inducunt
847 1650 1012 1706 etiam
1059 1649 1304 1715 ulterius,
1334 1649 1478 1721 quod
1526 1649 1724 1722 aliquis
1766 1649 1904 1705 infra
1954 1665 2125 1705 annos
2168 1651 2471 1722 pubertatis

375 1734 388 1746 '
461 1738 1016 1804 constitutus‚·etiam
1057 1738 1218 1791 si'sit
1259 1735 1369 1791 doli
1417 1752 1609 1808 capax,
1640 1738 1708 1792 ad
1751 1738 2066 1808 religionem
2103 1738 2330 1809 obligari
2366 1754 2472 1795 non

467 1832 668 1897 potest.
703 1826 768 1881 Et
794 1825 1058 1881 inducunt
1099 1825 1164 1880 ad
1198 1824 1300 1879 hoc
1343 1824 1495 1891 illud,
1528 1826 1675 1897 quod
1706 1825 1838 1880 dicit
1882 1826 2186 1879 Bernardus
2218 1827 2270 1879 in
2299 1842 2473 1898 appa·

468 1920 590 1969 ratu
633 1914 702 1969 de
751 1913 1090 1985 regularibus
1118 1921 1171 1967 et
1204 1914 1611 1969 transeuntibus
1646 1915 1716 1969 ad
1766 1913 2099 1983 religionem,
2133 1928 2295 1983 super
2325 1916 2472 1970 illam

467 2002 688 2059 Decreti
715 2002 1012 2057 innocentii
1040 2002 1131 2068 111,
1165 2018 1288 2073 quae
1319 2002 1531 2075 incipit,
1567 2001 1873 2065 Postulaste’,
1906 2008 1961 2055 et
1999 2008 2125 2055 sunt
2160 1999 2282 2057 haec
2305 2004 2473 2058 verba

469 2098 787 2163 apparatus·
805 2091 860 2147 Si
887 2092 969 2145 vis
995 2086 1316 2161 intelligere,
1346 2092 1493 2162 quod
1520 2096 1701 2145 essent
1727 2086 1865 2143 infra
1887 2089 2110 2143 tertium
2140 2096 2194 2144 et
2216 2100 2473 2163 quartum

379 2198 384 2201 ·
465 2180 742 2240 decimum
772 2194 992 2246 annum,
1025 2179 1142 2236 haec
1173 2179 1350 2250 potuit
1377 2193 1499 2233 esse
1538 2176 1828 2244 dubitatio,
1858 2178 1989 2249 quia
2018 2176 2157 2234 forte
2183 2186 2339 2234 erant
2362 2179 2473 2234 doli

461 2282 737 2339 capaces;
775 2273 830 2323 et
859 2269 939 2323 sic
961 2267 1269 2333 videbatur,
1302 2267 1446 2339 quod
1494 2264 1703 2321 malitia
1744 2264 2021 2339 suppleret
2059 2273 2301 2333 aetatem,
2329 2270 2473 2324 sicut

464 2356 911 2412 in'matrimonio
940 2356 1166 2421 carnali,
1201 2361 1261 2410 ut
1301 2354 1532 2409 habetur
1576 2355 1731 2434 extr'a
1778 2354 1846 2411 de
1894 2356 2091 2426 Despo.
2122 2355 2316 2427 imput.
2348 2372 2477 2429 cap.-

463 2446 518 2501 Ἀ
549 2443 715 2502 Nobis
743 2450 797 2500 et
819 2460 939 2517 cap.
970 2444 1116 2509 Tuoe,
1140 2443 1269 2515 quia
1291 2442 1436 2498 sicut
1462 2449 1756 2515 potuerunt
1784 2459 1843 2499 se
1867 2443 2109 2514 obligare
2136 2443 2371 2509 diabolo,
2393 2445 2473 2500 sic

467 2540 524 2589 et
565 2534 700 2589 Deo.
726 2532 830 2591 Sed
872 2534 1018 2604 Papa
1059 2532 1369 2604 respondet,
1404 2532 1550 2604 quod
1594 2530 1748 2587 liberi
1796 2539 2021 2605 possunt
2063 2532 2374 2589 ministrare
2418 2534 2474 2589 in

471 2622 717 2677 ecclesiis
737 2626 925 2694 postea
949 2620 1175 2691 recepti,
1209 2626 1262 2675 et
1301 2619 1382 2674 sic
1425 2635 1532 2675 non
1566 2619 1876 2691 obligantur
1902 2628 2029 2677 ante
2058 2621 2475 2695 quatuordecim

471 2724 694 2768 annum.
721 2710 960 2779 Hugutio
988 2725 1114 2765 vero
1155 2707 1374 2763 dicebat
1402 2708 1548 2781 quod
1582 2708 1721 2765 bono
1756 2708 2029 2781 obligatur
2058 2709 2167 2765 doli
2198 2725 2389 2783 capax,
2419 2717 2476 2767 et

469 2797 693 2853 tenebat
731 2796 1104 2864 monachatus„
1134 2796 1262 2869 quia
1302 2803 1517 2867 poterat
1561 2812 1620 2853 se
1656 2796 1901 2869 obligare
1937 2796 2175 2853 diabolo.
2207 2797 2275 2853 Et
2307 2799 2477 2855 lnno-

469 2888 686 2944 centius
713 2885 783 2940 ΙΙΙ
807 2884 908 2943 suit
932 2887 988 2941 in
1016 2887 1208 2941 eadem
1234 2886 1507 2957 opinione,
1539 2886 1634 2959 qui
1660 2886 1713 2940 in
1740 2885 2001 2941 decretali
2025 2886 2133 2941 ista
2162 2887 2471 2960 respondet,

469 2975 618 3049 quod
646 2976 921 3047 ingressus
949 2974 1141 3038 tenuit,
1174 2973 1220 3037 si
1250 2973 1462 3030 malitia
1488 2973 1775 3046 supplebat
1799 2980 2042 3041 aetatem,
2075 2974 2218 3031 sicut
2247 2976 2298 3029 in
2328 2976 2479 3030 anti·

469 3079 578 3137 qua
603 3063 863 3121 decretali
890 3069 1070 3135 patet;
1103 3062 1196 3117 sed
1225 3060 1383 3117 hodie
1406 3076 1508 3118 non
1540 3062 1784 3135 prodest.

479 3178 488 3203 ι
540 3154 610 3208 Et
633 3154 702 3210 ad
727 3152 828 3209 hoc
855 3152 1022 3209 etiam
1050 3151 1336 3216 inducunt,
1372 3151 1516 3223 quod
1544 3149 1901 3223 Raymundus
1922 3155 1979 3207 et
2008 3150 2255 3208 Goffinus
2280 3152 2333 3207 in
2361 3152 2477 3209 suis

468 3241 708 3300 Summis
744 3241 934 3297 dicunt
961 3232 1128 3295 idem.
1172 3238 1441 3294 inducunt
1472 3238 1657 3305 etiam,
1690 3240 1837 3311 quod
1863 3239 2015 3311 pueri
2048 3245 2173 3296 ante
2208 3248 2477 3312 quatuor-

471 3332 648 3388 decim
668 3346 838 3398 annos
862 3344 967 3385 non
993 3327 1193 3384 debent
1217 3324 1448 3395 obligari
1471 3327 1799 3397 jurament0‚
1818 3332 1877 3382 ut
1906 3326 2245 3394 hebetum-23
2275 3338 2475 3402 quaest.

469 3434 508 3476 v
535 3434 656 3491 cap.
687 3416 874 3482 Pueri,
897 3423 952 3473 et
981 3430 1101 3486 cap.
1130 3413 1443 3469 Honestum.
1465 3412 1582 3469 Pari
1618 3413 1785 3483 igitur
1810 3414 2041 3480 ratione,
2062 3430 2162 3471 nec
2191 3424 2320 3470 voto
2348 3421 2478 3472 sunt

469 3507 744 3579 obligandi
765 3504 916 3579 pueri
943 3509 1068 3559 anto
1093 3501 1511 3574 quatuordecim
1538 3516 1738 3557 annum
1764 3502 1833 3559 ad
1854 3501 2476 3575 religionisingressum.

470 3596 670 3652 Dicunt
717 3595 882 3650 etiam
932 3590 1076 3663 quod
1123 3590 1316 3662 religio
1353 3589 1558 3646 dicitur
1583 3605 1616 3646 a
1660 3590 1937 3663 religando
1974 3590 2057 3647 vel
2088 3590 2383 3662 religendo,
2418 3600 2480 3649 nt

467 3683 808 3753 Augustinus
844 3696 902 3738 x.
951 3680 1028 3741 De,
1066 3676 1229 3735 Civit.
1267 3678 1386 3734 Dei.
1434 3676 1588 3742 Unde
1627 3678 1961 3735 concludunt
1999 3684 2143 3752 quod
2189 3680 2343 3754 pueri
2382 3680 2479 3754 qui

470 3784 579 3829 non
611 3774 737 3825 sunt
783 3767 955 3838 ligati,
988 3780 1093 3821 nou
1139 3762 1342 3829 debent
1385 3761 1624 3833 religari,
1660 3770 1717 3818 et
1753 3764 1848 3836 qui
1894 3779 1996 3821 non
2036 3764 2338 3836 elegerunt,
2372 3782 2480 3826 non

472 3855 672 3920 debent
713 3853 974 3933 reeligero
1018 3860 1113 3929 'per
1159 3850 1437 3925 roligionis
1483 3849 1811 3924 ingressum.
1846 3848 1927 3910 Ex
1974 3849 2177 3925 quibus
2226 3852 2480 3916 omnibus
