<?xml version="1.0" encoding="UTF-8"?>
<!DOCTYPE html PUBLIC "-//W3C//DTD XHTML 1.0 Transitional//EN"
    "http://www.w3.org/TR/xhtml1/DTD/xhtml1-transitional.dtd">
<html xmlns="http://www.w3.org/1999/xhtml" xml:lang="en" lang="en">
 <head>
  <title>
</title>
<meta http-equiv="Content-Type" content="text/html;charset=utf-8" />
  <meta name='ocr-system' content='tesseract 3.04.00' />
  <meta name='ocr-capabilities' content='ocr_page ocr_carea ocr_par ocr_line ocrx_word'/>
</head>
<body>
  <div class='ocr_page' id='page_1' title='image "./sthomaquinatisd01thomgoog_0445.png"; bbox 0 0 2784 4392; ppageno 0'>
   <div class='ocr_carea' id='block_1_1' title="bbox 687 235 2303 359">
    <p class='ocr_par' dir='ltr' id='par_1_1' title="bbox 687 235 2303 359">
     <span class='ocr_line' id='line_1_1' title="bbox 687 235 2303 359; baseline 0.007 -31"><span class='ocrx_word' id='word_1_1' title='bbox 687 235 819 329; x_wconf 61' lang='lat' dir='ltr'><strong>xvi.</strong></span> <span class='ocrx_word' id='word_1_2' title='bbox 849 296 930 315; x_wconf 89' lang='lat'>—</span> <span class='ocrx_word' id='word_1_3' title='bbox 954 274 1030 355; x_wconf 60' lang='grc' dir='ltr'>ω</span> <span class='ocrx_word' id='word_1_4' title='bbox 1072 276 1484 331; x_wconf 61' lang='lat' dir='ltr'><strong>pneumatum</strong></span> <span class='ocrx_word' id='word_1_5' title='bbox 1526 280 1551 331; x_wconf 87' lang='lat'>1</span> <span class='ocrx_word' id='word_1_6' title='bbox 1590 239 1903 359; x_wconf 61' lang='lat' dir='ltr'><strong>nitrosum</strong></span> <span class='ocrx_word' id='word_1_7' title='bbox 2183 276 2303 342; x_wconf 84' lang='grc'><strong>433</strong></span> 
     </span>
    </p>
   </div>
   <div class='ocr_carea' id='block_1_2' title="bbox 285 386 2300 749">
    <p class='ocr_par' dir='ltr' id='par_1_2' title="bbox 285 386 2300 749">
     <span class='ocr_line' id='line_1_2' title="bbox 287 386 2300 478; baseline 0.01 -25"><span class='ocrx_word' id='word_1_8' title='bbox 287 386 414 467; x_wconf 76' lang='lat' dir='ltr'><strong>lica,</strong></span> <span class='ocrx_word' id='word_1_9' title='bbox 456 396 514 459; x_wconf 90' lang='lat' dir='ltr'><strong>id</strong></span> <span class='ocrx_word' id='word_1_10' title='bbox 561 404 646 457; x_wconf 81' lang='lat' dir='ltr'><strong>est</strong></span> <span class='ocrx_word' id='word_1_11' title='bbox 686 398 1028 469; x_wconf 84' lang='lat' dir='ltr'><strong>universalis,</strong></span> <span class='ocrx_word' id='word_1_12' title='bbox 1075 408 1136 459; x_wconf 92' lang='lat' dir='ltr'><strong>ut</strong></span> <span class='ocrx_word' id='word_1_13' title='bbox 1179 400 1400 461; x_wconf 83' lang='lat' dir='ltr'><strong>Boetius</strong></span> <span class='ocrx_word' id='word_1_14' title='bbox 1441 404 1577 463; x_wconf 89' lang='lat' dir='ltr'><strong>dicit</strong></span> <span class='ocrx_word' id='word_1_15' title='bbox 1616 404 1673 465; x_wconf 90' lang='lat' dir='ltr'><strong>in</strong></span> <span class='ocrx_word' id='word_1_16' title='bbox 1701 406 1797 469; x_wconf 87' lang='lat' dir='ltr'><strong>lib.</strong></span> <span class='ocrx_word' id='word_1_17' title='bbox 1842 408 1922 467; x_wconf 80' lang='lat' dir='ltr'><strong>De</strong></span> <span class='ocrx_word' id='word_1_18' title='bbox 1966 410 2151 478; x_wconf 68' lang='lat' dir='ltr'><strong>Tria„</strong></span> <span class='ocrx_word' id='word_1_19' title='bbox 2182 421 2300 474; x_wconf 83' lang='lat' dir='ltr'><strong>tum</strong></span> 
     </span>
     <span class='ocr_line' id='line_1_3' title="bbox 288 489 2299 577; baseline 0.01 -34"><span class='ocrx_word' id='word_1_20' title='bbox 288 495 511 561; x_wconf 86' lang='lat' dir='ltr'><strong>propter</strong></span> <span class='ocrx_word' id='word_1_21' title='bbox 553 489 940 547; x_wconf 85' lang='lat' dir='ltr'><strong>universalium</strong></span> <span class='ocrx_word' id='word_1_22' title='bbox 982 497 1257 565; x_wconf 76' lang='lat' dir='ltr'><strong>praecepta</strong></span> <span class='ocrx_word' id='word_1_23' title='bbox 1300 492 1631 565; x_wconf 83' lang='lat' dir='ltr'><strong>regularum,</strong></span> <span class='ocrx_word' id='word_1_24' title='bbox 1675 502 1793 553; x_wconf 90' lang='lat' dir='ltr'><strong>tum</strong></span> <span class='ocrx_word' id='word_1_25' title='bbox 1835 506 2125 573; x_wconf 87' lang='lat' dir='ltr'><strong>propterea</strong></span> <span class='ocrx_word' id='word_1_26' title='bbox 2167 506 2299 577; x_wconf 80' lang='lat' dir='ltr'><strong>quia</strong></span> 
     </span>
     <span class='ocr_line' id='line_1_4' title="bbox 287 576 2298 654; baseline 0.008 -19"><span class='ocrx_word' id='word_1_27' title='bbox 287 577 406 649; x_wconf 81' lang='lat' dir='ltr'><strong>ejus</strong></span> <span class='ocrx_word' id='word_1_28' title='bbox 445 576 626 637; x_wconf 87' lang='lat' dir='ltr'><strong>cultus</strong></span> <span class='ocrx_word' id='word_1_29' title='bbox 664 596 760 653; x_wconf 90' lang='lat' dir='ltr'><strong>per</strong></span> <span class='ocrx_word' id='word_1_30' title='bbox 801 594 990 638; x_wconf 83' lang='lat' dir='ltr'><strong>omnes</strong></span> <span class='ocrx_word' id='word_1_31' title='bbox 1035 596 1172 654; x_wconf 85' lang='lat' dir='ltr'><strong>pene</strong></span> <span class='ocrx_word' id='word_1_32' title='bbox 1201 580 1387 639; x_wconf 86' lang='lat' dir='ltr'><strong>mundi</strong></span> <span class='ocrx_word' id='word_1_33' title='bbox 1420 584 1681 641; x_wconf 87' lang='lat' dir='ltr'><strong>terminos</strong></span> <span class='ocrx_word' id='word_1_34' title='bbox 1709 588 1984 645; x_wconf 80' lang='lat' dir='ltr'><strong>emanavit</strong></span> <span class='ocrx_word' id='word_1_35' title='bbox 2015 607 2030 645; x_wconf 75' lang='grc' dir='ltr'><em>τ</em></span> <span class='ocrx_word' id='word_1_36' title='bbox 2073 591 2298 653; x_wconf 83' lang='lat' dir='ltr'><strong>haereti·</strong></span> 
     </span>
     <span class='ocr_line' id='line_1_5' title="bbox 285 665 2139 749; baseline 0.01 -30"><span class='ocrx_word' id='word_1_37' title='bbox 285 678 474 725; x_wconf 85' lang='lat' dir='ltr'><strong>corum</strong></span> <span class='ocrx_word' id='word_1_38' title='bbox 504 682 632 728; x_wconf 82' lang='lat' dir='ltr'><strong>vero</strong></span> <span class='ocrx_word' id='word_1_39' title='bbox 657 683 869 727; x_wconf 87' lang='lat' dir='ltr'><strong>errores</strong></span> <span class='ocrx_word' id='word_1_40' title='bbox 895 665 998 727; x_wconf 87' lang='lat' dir='ltr'><strong>sub</strong></span> <span class='ocrx_word' id='word_1_41' title='bbox 1024 668 1193 729; x_wconf 87' lang='lat' dir='ltr'><strong>certis</strong></span> <span class='ocrx_word' id='word_1_42' title='bbox 1225 675 1493 731; x_wconf 85' lang='lat' dir='ltr'><strong>terrarum</strong></span> <span class='ocrx_word' id='word_1_43' title='bbox 1522 674 1734 749; x_wconf 82' lang='lat' dir='ltr'>angulis</span> <span class='ocrx_word' id='word_1_44' title='bbox 1764 676 2139 738; x_wconf 86' lang='lat' dir='ltr'><strong>includuntur.</strong></span> 
     </span>
    </p>
   </div>
   <div class='ocr_carea' id='block_1_3' title="bbox 460 872 2113 1048">
    <p class='ocr_par' dir='ltr' id='par_1_3' title="bbox 460 872 2113 1048">
     <span class='ocr_line' id='line_1_6' title="bbox 460 872 2113 970; baseline 0.01 -33"><span class='ocrx_word' id='word_1_45' title='bbox 460 873 555 938; x_wconf 80' lang='lat' dir='ltr'><strong>De</strong></span> <span class='ocrx_word' id='word_1_46' title='bbox 574 872 986 957; x_wconf 72' lang='lat' dir='ltr'><strong>reprobatione</strong></span> <span class='ocrx_word' id='word_1_47' title='bbox 1017 892 1312 955; x_wconf 77' lang='lat' dir='ltr'><strong>errorum,</strong></span> <span class='ocrx_word' id='word_1_48' title='bbox 1345 884 1472 943; x_wconf 78' lang='lat' dir='ltr'><strong>tam</strong></span> <span class='ocrx_word' id='word_1_49' title='bbox 1492 878 1905 953; x_wconf 61' lang='lat' dir='ltr'><strong>haereticorum</strong></span> <span class='ocrx_word' id='word_1_50' title='bbox 1930 902 2113 970; x_wconf 74' lang='lat' dir='ltr'><strong>quam</strong></span> 
     </span>
     <span class='ocr_line' id='line_1_7' title="bbox 1022 966 1549 1048; baseline 0.011 -20"><span class='ocrx_word' id='word_1_51' title='bbox 1022 966 1549 1048; x_wconf 68' lang='lat' dir='ltr'><strong>philosophorum.</strong></span> 
     </span>
    </p>
   </div>
   <div class='ocr_carea' id='block_1_4' title="bbox 207 1112 2365 3956">
    <p class='ocr_par' dir='ltr' id='par_1_4' title="bbox 207 1112 2365 3956">
     <span class='ocr_line' id='line_1_8' title="bbox 353 1112 2291 1206; baseline 0.013 -36"><span class='ocrx_word' id='word_1_52' title='bbox 353 1112 488 1187; x_wconf 83' lang='lat' dir='ltr'><strong>Quia</strong></span> <span class='ocrx_word' id='word_1_53' title='bbox 510 1113 578 1171; x_wconf 88' lang='lat' dir='ltr'><strong>de</strong></span> <span class='ocrx_word' id='word_1_54' title='bbox 599 1112 704 1173; x_wconf 84' lang='lat' dir='ltr'><strong>fide</strong></span> <span class='ocrx_word' id='word_1_55' title='bbox 725 1123 934 1175; x_wconf 80' lang='lat' dir='ltr'><strong>sanctae</strong></span> <span class='ocrx_word' id='word_1_56' title='bbox 955 1116 1242 1177; x_wconf 73' lang='lat' dir='ltr'><strong>Trinitatis</strong></span> <span class='ocrx_word' id='word_1_57' title='bbox 1265 1119 1724 1197; x_wconf 81' lang='lat' dir='ltr'><strong>considerandum</strong></span> <span class='ocrx_word' id='word_1_58' title='bbox 1746 1130 1847 1195; x_wconf 78' lang='lat' dir='ltr'><strong>est,</strong></span> <span class='ocrx_word' id='word_1_59' title='bbox 1874 1128 2051 1201; x_wconf 83' lang='lat' dir='ltr'><strong>primo</strong></span> <span class='ocrx_word' id='word_1_60' title='bbox 2074 1141 2291 1206; x_wconf 87' lang='lat' dir='ltr'><strong>oportet</strong></span> 
     </span>
     <span class='ocr_line' id='line_1_9' title="bbox 280 1204 2291 1285; baseline 0.012 -26"><span class='ocrx_word' id='word_1_61' title='bbox 280 1204 421 1259; x_wconf 88' lang='lat' dir='ltr'><strong>scire</strong></span> <span class='ocrx_word' id='word_1_62' title='bbox 463 1204 608 1277; x_wconf 91' lang='lat' dir='ltr'><strong>quod</strong></span> <span class='ocrx_word' id='word_1_63' title='bbox 653 1204 854 1278; x_wconf 78' lang='lat' dir='ltr'>duplex</span> <span class='ocrx_word' id='word_1_64' title='bbox 896 1212 980 1263; x_wconf 85' lang='lat' dir='ltr'><strong>est</strong></span> <span class='ocrx_word' id='word_1_65' title='bbox 1009 1213 1166 1265; x_wconf 84' lang='lat' dir='ltr'><strong>actus</strong></span> <span class='ocrx_word' id='word_1_66' title='bbox 1195 1206 1342 1276; x_wconf 83' lang='lat' dir='ltr'><strong>fidei,</strong></span> <span class='ocrx_word' id='word_1_67' title='bbox 1387 1210 1601 1269; x_wconf 86' lang='lat' dir='ltr'><strong>scilicet</strong></span> <span class='ocrx_word' id='word_1_68' title='bbox 1646 1210 1811 1273; x_wconf 88' lang='lat' dir='ltr'><strong>corde</strong></span> <span class='ocrx_word' id='word_1_69' title='bbox 1838 1219 2063 1278; x_wconf 82' lang='lat' dir='ltr'><strong>credere</strong></span> <span class='ocrx_word' id='word_1_70' title='bbox 2100 1230 2157 1279; x_wconf 90' lang='lat' dir='ltr'><strong>et</strong></span> <span class='ocrx_word' id='word_1_71' title='bbox 2195 1241 2291 1285; x_wconf 86' lang='lat' dir='ltr'><strong>ore</strong></span> 
     </span>
     <span class='ocr_line' id='line_1_10' title="bbox 279 1290 2287 1384; baseline 0.013 -38"><span class='ocrx_word' id='word_1_72' title='bbox 279 1290 542 1363; x_wconf 85' lang='lat' dir='ltr'><strong>profiteri,</strong></span> <span class='ocrx_word' id='word_1_73' title='bbox 583 1291 882 1351; x_wconf 87' lang='lat' dir='ltr'><strong>secundum</strong></span> <span class='ocrx_word' id='word_1_74' title='bbox 911 1293 1042 1351; x_wconf 86' lang='lat' dir='ltr'><strong>illud</strong></span> <span class='ocrx_word' id='word_1_75' title='bbox 1069 1296 1252 1363; x_wconf 66' lang='lat' dir='ltr'><strong>Rom„</strong></span> <span class='ocrx_word' id='word_1_76' title='bbox 1283 1312 1342 1363; x_wconf 80' lang='lat' dir='ltr'><strong>x,</strong></span> <span class='ocrx_word' id='word_1_77' title='bbox 1377 1299 1445 1355; x_wconf 67' lang='lat' dir='ltr'><strong>to</strong></span> <span class='ocrx_word' id='word_1_78' title='bbox 1488 1316 1504 1355; x_wconf 76' lang='lat' dir='ltr'>z</span> <span class='ocrx_word' id='word_1_79' title='bbox 1538 1298 1709 1359; x_wconf 80' lang='lat' dir='ltr'><strong><em>Corde</em></strong></span> <span class='ocrx_word' id='word_1_80' title='bbox 1734 1304 1979 1365; x_wconf 80' lang='lat' dir='ltr'><strong>creditur</strong></span> <span class='ocrx_word' id='word_1_81' title='bbox 2018 1310 2092 1367; x_wconf 78' lang='lat' dir='ltr'><strong>ad</strong></span> <span class='ocrx_word' id='word_1_82' title='bbox 2108 1312 2287 1384; x_wconf 75' lang='lat' dir='ltr'><strong>justi-</strong></span> 
     </span>
     <span class='ocr_line' id='line_1_11' title="bbox 281 1378 2283 1465; baseline 0.014 -31"><span class='ocrx_word' id='word_1_83' title='bbox 281 1378 431 1445; x_wconf 80' lang='lat' dir='ltr'><strong>tiam,</strong></span> <span class='ocrx_word' id='word_1_84' title='bbox 477 1396 568 1435; x_wconf 82' lang='lat' dir='ltr'><strong>ore</strong></span> <span class='ocrx_word' id='word_1_85' title='bbox 603 1386 784 1437; x_wconf 81' lang='lat' dir='ltr'><strong>autem</strong></span> <span class='ocrx_word' id='word_1_86' title='bbox 811 1380 1062 1455; x_wconf 78' lang='lat' dir='ltr'><strong>consessio</strong></span> <span class='ocrx_word' id='word_1_87' title='bbox 1101 1383 1168 1454; x_wconf 73' lang='lat' dir='ltr'><strong>fit</strong></span> <span class='ocrx_word' id='word_1_88' title='bbox 1211 1384 1284 1442; x_wconf 84' lang='lat' dir='ltr'><strong>acl</strong></span> <span class='ocrx_word' id='word_1_89' title='bbox 1319 1386 1564 1445; x_wconf 73' lang='lat' dir='ltr'><strong>salutem.</strong></span> <span class='ocrx_word' id='word_1_90' title='bbox 1610 1390 1853 1465; x_wconf 83' lang='lat' dir='ltr'><strong>Uterque</strong></span> <span class='ocrx_word' id='word_1_91' title='bbox 1894 1404 2078 1455; x_wconf 83' lang='lat' dir='ltr'><strong>autem</strong></span> <span class='ocrx_word' id='word_1_92' title='bbox 2126 1410 2283 1463; x_wconf 79' lang='lat' dir='ltr'><strong>actus</strong></span> 
     </span>
     <span class='ocr_line' id='line_1_12' title="bbox 278 1467 2285 1547; baseline 0.013 -26"><span class='ocrx_word' id='word_1_93' title='bbox 278 1467 482 1542; x_wconf 83' lang='lat' dir='ltr'><strong>aliquid</strong></span> <span class='ocrx_word' id='word_1_94' title='bbox 516 1469 746 1543; x_wconf 82' lang='lat' dir='ltr'><strong>requirit</strong></span> <span class='ocrx_word' id='word_1_95' title='bbox 767 1469 836 1525; x_wconf 84' lang='lat' dir='ltr'><strong>ad</strong></span> <span class='ocrx_word' id='word_1_96' title='bbox 859 1470 943 1527; x_wconf 85' lang='lat' dir='ltr'><strong>sui</strong></span> <span class='ocrx_word' id='word_1_97' title='bbox 975 1468 1384 1541; x_wconf 76' lang='lat' dir='ltr'><strong>perfectionem.</strong></span> <span class='ocrx_word' id='word_1_98' title='bbox 1409 1476 1550 1531; x_wconf 83' lang='lat' dir='ltr'><strong>Nam</strong></span> <span class='ocrx_word' id='word_1_99' title='bbox 1577 1475 1803 1535; x_wconf 86' lang='lat' dir='ltr'><strong>interior</strong></span> <span class='ocrx_word' id='word_1_100' title='bbox 1826 1490 1983 1539; x_wconf 84' lang='lat' dir='ltr'><strong>actus</strong></span> <span class='ocrx_word' id='word_1_101' title='bbox 2008 1485 2133 1545; x_wconf 85' lang='lat' dir='ltr'><strong>fidei</strong></span> <span class='ocrx_word' id='word_1_102' title='bbox 2164 1493 2285 1547; x_wconf 70' lang='lat' dir='ltr'><strong>exi-</strong></span> 
     </span>
     <span class='ocr_line' id='line_1_13' title="bbox 275 1552 2285 1645; baseline 0.014 -38"><span class='ocrx_word' id='word_1_103' title='bbox 275 1554 358 1627; x_wconf 82' lang='lat' dir='ltr'><strong>git</strong></span> <span class='ocrx_word' id='word_1_104' title='bbox 401 1554 720 1611; x_wconf 84' lang='lat' dir='ltr'><strong>firmitatem</strong></span> <span class='ocrx_word' id='word_1_105' title='bbox 765 1552 972 1627; x_wconf 84' lang='lat' dir='ltr'><strong>absque</strong></span> <span class='ocrx_word' id='word_1_106' title='bbox 1009 1556 1157 1611; x_wconf 88' lang='lat' dir='ltr'><strong>omni</strong></span> <span class='ocrx_word' id='word_1_107' title='bbox 1201 1556 1563 1629; x_wconf 74' lang='lat' dir='ltr'><strong>dubitatione,</strong></span> <span class='ocrx_word' id='word_1_108' title='bbox 1596 1578 1722 1635; x_wconf 77' lang='lat' dir='ltr'><strong>quae</strong></span> <span class='ocrx_word' id='word_1_109' title='bbox 1764 1565 1993 1627; x_wconf 82' lang='lat' dir='ltr'><strong>firmitas</strong></span> <span class='ocrx_word' id='word_1_110' title='bbox 2035 1579 2285 1645; x_wconf 83' lang='lat' dir='ltr'><strong>provenit</strong></span> 
     </span>
     <span class='ocr_line' id='line_1_14' title="bbox 207 1632 2285 1724; baseline 0.014 -29"><span class='ocrx_word' id='word_1_111' title='bbox 207 1632 212 1637; x_wconf 79' lang='grc'><strong>’</strong></span> <span class='ocrx_word' id='word_1_112' title='bbox 275 1659 342 1707; x_wconf 82' lang='lat' dir='ltr'><strong>ex</strong></span> <span class='ocrx_word' id='word_1_113' title='bbox 374 1641 762 1699; x_wconf 79' lang='lat' dir='ltr'><strong>infallibilitate</strong></span> <span class='ocrx_word' id='word_1_114' title='bbox 791 1642 992 1701; x_wconf 79' lang='lat' dir='ltr'><strong>divinae</strong></span> <span class='ocrx_word' id='word_1_115' title='bbox 1016 1644 1266 1703; x_wconf 84' lang='lat' dir='ltr'><strong>veritatis</strong></span> <span class='ocrx_word' id='word_1_116' title='bbox 1290 1648 1378 1703; x_wconf 89' lang='lat' dir='ltr'><strong>cui</strong></span> <span class='ocrx_word' id='word_1_117' title='bbox 1423 1648 1561 1706; x_wconf 84' lang='lat' dir='ltr'><strong>fides</strong></span> <span class='ocrx_word' id='word_1_118' title='bbox 1588 1650 1862 1711; x_wconf 87' lang='lat' dir='ltr'><strong>innititur.-</strong></span> <span class='ocrx_word' id='word_1_119' title='bbox 1902 1658 2057 1717; x_wconf 85' lang='lat' dir='ltr'><strong>Unde</strong></span> <span class='ocrx_word' id='word_1_120' title='bbox 2082 1664 2285 1724; x_wconf 84' lang='lat' dir='ltr'><strong>dicitur</strong></span> 
     </span>
     <span class='ocr_line' id='line_1_15' title="bbox 272 1730 2282 1814; baseline 0.014 -28"><span class='ocrx_word' id='word_1_121' title='bbox 272 1733 413 1800; x_wconf 68' lang='lat' dir='ltr'><strong>Jac„</strong></span> <span class='ocrx_word' id='word_1_122' title='bbox 456 1748 496 1799; x_wconf 89' lang='lat'><strong>1,</strong></span> <span class='ocrx_word' id='word_1_123' title='bbox 542 1734 574 1789; x_wconf 88' lang='grc'><strong>6</strong></span> <span class='ocrx_word' id='word_1_124' title='bbox 617 1748 632 1789; x_wconf 78' lang='lat'>2</span> <span class='ocrx_word' id='word_1_125' title='bbox 671 1730 914 1793; x_wconf 79' lang='lat' dir='ltr'><strong>Postulet</strong></span> <span class='ocrx_word' id='word_1_126' title='bbox 940 1738 1115 1789; x_wconf 79' lang='lat' dir='ltr'><strong>autem</strong></span> <span class='ocrx_word' id='word_1_127' title='bbox 1153 1733 1213 1789; x_wconf 84' lang='lat' dir='ltr'><strong>in</strong></span> <span class='ocrx_word' id='word_1_128' title='bbox 1251 1734 1356 1807; x_wconf 76' lang='lat' dir='ltr'><strong>fide</strong></span> <span class='ocrx_word' id='word_1_129' title='bbox 1402 1736 1539 1795; x_wconf 81' lang='lat' dir='ltr'><strong>nihil</strong></span> <span class='ocrx_word' id='word_1_130' title='bbox 1572 1737 1843 1798; x_wconf 72' lang='lat' dir='ltr'><strong>hoesitam.</strong></span> <span class='ocrx_word' id='word_1_131' title='bbox 1878 1746 1983 1803; x_wconf 88' lang='lat' dir='ltr'><strong>Sed</strong></span> <span class='ocrx_word' id='word_1_132' title='bbox 2010 1751 2282 1814; x_wconf 82' lang='lat' dir='ltr'><strong>confessio</strong></span> 
     </span>
     <span class='ocr_line' id='line_1_16' title="bbox 275 1820 2279 1904; baseline 0.014 -29"><span class='ocrx_word' id='word_1_133' title='bbox 275 1820 400 1877; x_wconf 86' lang='lat' dir='ltr'><strong>fidei</strong></span> <span class='ocrx_word' id='word_1_134' title='bbox 441 1820 604 1877; x_wconf 84' lang='lat' dir='ltr'><strong>debet</strong></span> <span class='ocrx_word' id='word_1_135' title='bbox 645 1837 766 1878; x_wconf 86' lang='lat' dir='ltr'><strong>esse</strong></span> <span class='ocrx_word' id='word_1_136' title='bbox 807 1822 1055 1895; x_wconf 81' lang='lat' dir='ltr'><strong>simplex,</strong></span> <span class='ocrx_word' id='word_1_137' title='bbox 1109 1823 1164 1879; x_wconf 88' lang='lat' dir='ltr'><strong>id</strong></span> <span class='ocrx_word' id='word_1_138' title='bbox 1205 1829 1290 1881; x_wconf 85' lang='lat' dir='ltr'><strong>est</strong></span> <span class='ocrx_word' id='word_1_139' title='bbox 1329 1825 1539 1899; x_wconf 87' lang='lat' dir='ltr'><strong>absque</strong></span> <span class='ocrx_word' id='word_1_140' title='bbox 1566 1828 1935 1904; x_wconf 73' lang='lat' dir='ltr'><strong>simulatione,</strong></span> <span class='ocrx_word' id='word_1_141' title='bbox 1980 1843 2279 1903; x_wconf 82' lang='lat' dir='ltr'><strong>secundum</strong></span> 
     </span>
     <span class='ocr_line' id='line_1_17' title="bbox 273 1909 2281 1991; baseline 0.011 -24"><span class='ocrx_word' id='word_1_142' title='bbox 273 1909 404 1967; x_wconf 81' lang='lat' dir='ltr'><strong>ittud</strong></span> <span class='ocrx_word' id='word_1_143' title='bbox 445 1910 566 1967; x_wconf 86' lang='lat' dir='ltr'><strong>lad</strong></span> <span class='ocrx_word' id='word_1_144' title='bbox 612 1910 874 1977; x_wconf 89' lang='lat' dir='ltr'><strong>Timoth.,</strong></span> <span class='ocrx_word' id='word_1_145' title='bbox 908 1926 948 1978; x_wconf 87' lang='lat'><strong>1,</strong></span> <span class='ocrx_word' id='word_1_146' title='bbox 995 1912 1028 1964; x_wconf 82' lang='lat'>5</span> <span class='ocrx_word' id='word_1_147' title='bbox 1061 1923 1087 1965; x_wconf 72' lang='grc' dir='ltr'><strong><em>τ</em></strong></span> <span class='ocrx_word' id='word_1_148' title='bbox 1120 1910 1284 1969; x_wconf 74' lang='lat' dir='ltr'><strong>Finis</strong></span> <span class='ocrx_word' id='word_1_149' title='bbox 1304 1915 1567 1989; x_wconf 79' lang='lat' dir='ltr'><strong>praecepti</strong></span> <span class='ocrx_word' id='word_1_150' title='bbox 1612 1925 1691 1976; x_wconf 79' lang='lat' dir='ltr'><strong>est</strong></span> <span class='ocrx_word' id='word_1_151' title='bbox 1734 1921 1975 1983; x_wconf 73' lang='lat' dir='ltr'><strong>charitas</strong></span> <span class='ocrx_word' id='word_1_152' title='bbox 2020 1928 2083 1985; x_wconf 76' lang='lat' dir='ltr'><strong>de</strong></span> <span class='ocrx_word' id='word_1_153' title='bbox 2126 1934 2281 1991; x_wconf 77' lang='lat' dir='ltr'><strong>eorde</strong></span> 
     </span>
     <span class='ocr_line' id='line_1_18' title="bbox 270 1998 2279 2081; baseline 0.014 -28"><span class='ocrx_word' id='word_1_154' title='bbox 270 2015 430 2071; x_wconf 83' lang='lat' dir='ltr'><strong>puro,</strong></span> <span class='ocrx_word' id='word_1_155' title='bbox 458 2006 511 2057; x_wconf 83' lang='lat' dir='ltr'><strong>et</strong></span> <span class='ocrx_word' id='word_1_156' title='bbox 537 1998 858 2057; x_wconf 78' lang='lat' dir='ltr'><strong>conscientia</strong></span> <span class='ocrx_word' id='word_1_157' title='bbox 883 1998 1042 2067; x_wconf 79' lang='lat' dir='ltr'><strong>bona,</strong></span> <span class='ocrx_word' id='word_1_158' title='bbox 1069 2006 1122 2059; x_wconf 82' lang='lat' dir='ltr'><strong>et</strong></span> <span class='ocrx_word' id='word_1_159' title='bbox 1146 2000 1252 2075; x_wconf 79' lang='lat' dir='ltr'><strong>fide</strong></span> <span class='ocrx_word' id='word_1_160' title='bbox 1279 2020 1387 2059; x_wconf 79' lang='lat' dir='ltr'><strong>non</strong></span> <span class='ocrx_word' id='word_1_161' title='bbox 1411 2004 1565 2077; x_wconf 80' lang='lat' dir='ltr'><strong>ficta.</strong></span> <span class='ocrx_word' id='word_1_162' title='bbox 1592 2008 1767 2067; x_wconf 88' lang='lat' dir='ltr'><strong>Debet</strong></span> <span class='ocrx_word' id='word_1_163' title='bbox 1792 2013 1959 2071; x_wconf 84' lang='lat' dir='ltr'><strong>etiam</strong></span> <span class='ocrx_word' id='word_1_164' title='bbox 1986 2032 2107 2077; x_wconf 82' lang='lat' dir='ltr'><strong>esse</strong></span> <span class='ocrx_word' id='word_1_165' title='bbox 2139 2023 2279 2081; x_wconf 80' lang='lat' dir='ltr'><strong>eim·</strong></span> 
     </span>
     <span class='ocr_line' id='line_1_19' title="bbox 271 2088 2277 2172; baseline 0.015 -31"><span class='ocrx_word' id='word_1_166' title='bbox 271 2088 412 2161; x_wconf 82' lang='lat' dir='ltr'><strong>plex,</strong></span> <span class='ocrx_word' id='word_1_167' title='bbox 475 2089 530 2146; x_wconf 92' lang='lat' dir='ltr'><strong>id</strong></span> <span class='ocrx_word' id='word_1_168' title='bbox 573 2098 656 2145; x_wconf 83' lang='lat' dir='ltr'><strong>est</strong></span> <span class='ocrx_word' id='word_1_169' title='bbox 702 2088 910 2161; x_wconf 82' lang='lat' dir='ltr'><strong>absque</strong></span> <span class='ocrx_word' id='word_1_170' title='bbox 952 2092 1156 2149; x_wconf 86' lang='lat' dir='ltr'><strong>erroris</strong></span> <span class='ocrx_word' id='word_1_171' title='bbox 1193 2094 1575 2163; x_wconf 82' lang='lat' dir='ltr'><strong>permixtione,</strong></span> <span class='ocrx_word' id='word_1_172' title='bbox 1622 2102 1923 2161; x_wconf 83' lang='lat' dir='ltr'><strong>secundum</strong></span> <span class='ocrx_word' id='word_1_173' title='bbox 1967 2106 2099 2165; x_wconf 83' lang='lat' dir='ltr'><strong>illud</strong></span> <span class='ocrx_word' id='word_1_174' title='bbox 2140 2112 2162 2167; x_wconf 89' lang='lat'>1</span> <span class='ocrx_word' id='word_1_175' title='bbox 2208 2115 2277 2172; x_wconf 84' lang='lat' dir='ltr'><strong>ad</strong></span> 
     </span>
     <span class='ocr_line' id='line_1_20' title="bbox 271 2175 2275 2259; baseline 0.013 -26"><span class='ocrx_word' id='word_1_176' title='bbox 271 2175 482 2241; x_wconf 67' lang='lat' dir='ltr'><strong>Thess„</strong></span> <span class='ocrx_word' id='word_1_177' title='bbox 515 2192 580 2243; x_wconf 82' lang='grc' dir='ltr'><strong>ιι,</strong></span> <span class='ocrx_word' id='word_1_178' title='bbox 607 2181 639 2233; x_wconf 86' lang='grc'><strong>3</strong></span> <span class='ocrx_word' id='word_1_179' title='bbox 674 2193 686 2231; x_wconf 89' lang='lat'><strong>:</strong></span> <span class='ocrx_word' id='word_1_180' title='bbox 715 2176 1042 2234; x_wconf 77' lang='lat' dir='ltr'><strong>Exhortatio</strong></span> <span class='ocrx_word' id='word_1_181' title='bbox 1071 2186 1254 2235; x_wconf 77' lang='lat' dir='ltr'><strong>nostra</strong></span> <span class='ocrx_word' id='word_1_182' title='bbox 1283 2198 1391 2239; x_wconf 75' lang='lat' dir='ltr'><strong>non</strong></span> <span class='ocrx_word' id='word_1_183' title='bbox 1421 2182 1531 2255; x_wconf 76' lang='lat' dir='ltr'><strong>suit</strong></span> <span class='ocrx_word' id='word_1_184' title='bbox 1554 2184 1618 2241; x_wconf 75' lang='lat' dir='ltr'><strong>de</strong></span> <span class='ocrx_word' id='word_1_185' title='bbox 1650 2204 1857 2247; x_wconf 79' lang='lat' dir='ltr'><strong>errore.</strong></span> <span class='ocrx_word' id='word_1_186' title='bbox 1901 2195 2073 2255; x_wconf 79' lang='lat' dir='ltr'><strong>Debet</strong></span> <span class='ocrx_word' id='word_1_187' title='bbox 2108 2202 2275 2259; x_wconf 85' lang='lat' dir='ltr'><strong>etiam</strong></span> 
     </span>
     <span class='ocr_line' id='line_1_21' title="bbox 269 2264 2325 2359; baseline 0.013 -36"><span class='ocrx_word' id='word_1_188' title='bbox 269 2281 388 2323; x_wconf 80' lang='lat' dir='ltr'><strong>esse</strong></span> <span class='ocrx_word' id='word_1_189' title='bbox 417 2265 624 2337; x_wconf 86' lang='lat' dir='ltr'><strong>absque</strong></span> <span class='ocrx_word' id='word_1_190' title='bbox 651 2264 974 2333; x_wconf 84' lang='lat' dir='ltr'><strong>variatione,</strong></span> <span class='ocrx_word' id='word_1_191' title='bbox 1015 2266 1060 2323; x_wconf 84' lang='grc' dir='ltr'><strong>Π</strong></span> <span class='ocrx_word' id='word_1_192' title='bbox 1101 2269 1170 2324; x_wconf 83' lang='lat' dir='ltr'><strong>ad</strong></span> <span class='ocrx_word' id='word_1_193' title='bbox 1200 2270 1348 2339; x_wconf 67' lang='lat' dir='ltr'><strong>Cor„</strong></span> <span class='ocrx_word' id='word_1_194' title='bbox 1382 2287 1421 2339; x_wconf 82' lang='grc' dir='ltr'><strong>ι,</strong></span> <span class='ocrx_word' id='word_1_195' title='bbox 1457 2273 1522 2329; x_wconf 79' lang='grc'><strong>48</strong></span> <span class='ocrx_word' id='word_1_196' title='bbox 1558 2291 1573 2329; x_wconf 86' lang='lat'>:</span> <span class='ocrx_word' id='word_1_197' title='bbox 1615 2274 1796 2333; x_wconf 81' lang='lat' dir='ltr'><strong>Sermo</strong></span> <span class='ocrx_word' id='word_1_198' title='bbox 1836 2290 2012 2339; x_wconf 73' lang='lat' dir='ltr'><strong>noster</strong></span> <span class='ocrx_word' id='word_1_199' title='bbox 2046 2288 2139 2357; x_wconf 77' lang='lat' dir='ltr'><strong>qui</strong></span> <span class='ocrx_word' id='word_1_200' title='bbox 2164 2289 2275 2359; x_wconf 77' lang='lat' dir='ltr'><strong>fuit</strong></span> <span class='ocrx_word' id='word_1_201' title='bbox 2320 2350 2325 2353; x_wconf 82' lang='grc'><strong>,</strong></span> 
     </span>
     <span class='ocr_line' id='line_1_22' title="bbox 267 2352 2273 2446; baseline 0.013 -35"><span class='ocrx_word' id='word_1_202' title='bbox 267 2354 410 2427; x_wconf 70' lang='lat' dir='ltr'><strong>opud</strong></span> <span class='ocrx_word' id='word_1_203' title='bbox 443 2370 554 2421; x_wconf 77' lang='lat' dir='ltr'><strong>vos,</strong></span> <span class='ocrx_word' id='word_1_204' title='bbox 589 2370 700 2411; x_wconf 71' lang='lat' dir='ltr'><strong>non</strong></span> <span class='ocrx_word' id='word_1_205' title='bbox 731 2352 848 2428; x_wconf 77' lang='lat' dir='ltr'><strong>fuit</strong></span> <span class='ocrx_word' id='word_1_206' title='bbox 885 2354 943 2410; x_wconf 80' lang='lat' dir='ltr'><strong>in</strong></span> <span class='ocrx_word' id='word_1_207' title='bbox 979 2354 1070 2411; x_wconf 81' lang='lat' dir='ltr'><strong>illo</strong></span> <span class='ocrx_word' id='word_1_208' title='bbox 1109 2364 1186 2413; x_wconf 77' lang='lat' dir='ltr'><strong>est</strong></span> <span class='ocrx_word' id='word_1_209' title='bbox 1223 2365 1274 2416; x_wconf 81' lang='lat' dir='ltr'><strong>et</strong></span> <span class='ocrx_word' id='word_1_210' title='bbox 1313 2375 1439 2417; x_wconf 77' lang='lat' dir='ltr'><strong>non.</strong></span> <span class='ocrx_word' id='word_1_211' title='bbox 1472 2362 1748 2433; x_wconf 83' lang='lat' dir='ltr'><strong>Quantum</strong></span> <span class='ocrx_word' id='word_1_212' title='bbox 1776 2383 1906 2439; x_wconf 80' lang='lat' dir='ltr'><strong>ergo</strong></span> <span class='ocrx_word' id='word_1_213' title='bbox 1932 2370 2001 2429; x_wconf 84' lang='lat' dir='ltr'><strong>ad</strong></span> <span class='ocrx_word' id='word_1_214' title='bbox 2038 2378 2273 2446; x_wconf 82' lang='lat' dir='ltr'><strong>primum</strong></span> 
     </span>
     <span class='ocr_line' id='line_1_23' title="bbox 267 2440 2271 2525; baseline 0.014 -28"><span class='ocrx_word' id='word_1_215' title='bbox 267 2449 452 2499; x_wconf 76' lang='lat' dir='ltr'><strong>actum</strong></span> <span class='ocrx_word' id='word_1_216' title='bbox 501 2440 627 2499; x_wconf 83' lang='lat' dir='ltr'><strong>iidei</strong></span> <span class='ocrx_word' id='word_1_217' title='bbox 673 2442 806 2507; x_wconf 81' lang='lat' dir='ltr'><strong>dicit</strong></span> <span class='ocrx_word' id='word_1_218' title='bbox 851 2458 866 2499; x_wconf 69' lang='grc' dir='ltr'><strong><em>ε</em></strong></span> <span class='ocrx_word' id='word_1_219' title='bbox 911 2441 1182 2501; x_wconf 76' lang='lat' dir='ltr'><strong>Firmiter</strong></span> <span class='ocrx_word' id='word_1_220' title='bbox 1218 2444 1509 2517; x_wconf 66' lang='lat' dir='ltr'><strong>‹zv-adimam</strong></span> <span class='ocrx_word' id='word_1_221' title='bbox 1558 2460 1825 2523; x_wconf 85' lang='lat' dir='ltr'><strong>quantum</strong></span> <span class='ocrx_word' id='word_1_222' title='bbox 1864 2457 1935 2513; x_wconf 87' lang='lat' dir='ltr'><strong>ad</strong></span> <span class='ocrx_word' id='word_1_223' title='bbox 1970 2466 2271 2525; x_wconf 78' lang='lat' dir='ltr'><strong>secundum</strong></span> 
     </span>
     <span class='ocr_line' id='line_1_24' title="bbox 267 2528 2267 2625; baseline 0.011 -38"><span class='ocrx_word' id='word_1_224' title='bbox 267 2531 401 2587; x_wconf 87' lang='lat' dir='ltr'><strong>dicit</strong></span> <span class='ocrx_word' id='word_1_225' title='bbox 431 2548 446 2587; x_wconf 77' lang='lat' dir='ltr'><em>z</em></span> <span class='ocrx_word' id='word_1_226' title='bbox 489 2528 818 2605; x_wconf 77' lang='lat' dir='ltr'><strong>Simpliciter</strong></span> <span class='ocrx_word' id='word_1_227' title='bbox 859 2532 1188 2603; x_wconf 77' lang='lat' dir='ltr'><strong>confitemur.</strong></span> <span class='ocrx_word' id='word_1_228' title='bbox 1231 2534 1433 2591; x_wconf 85' lang='lat' dir='ltr'><strong>Ultimo</strong></span> <span class='ocrx_word' id='word_1_229' title='bbox 1468 2547 1651 2597; x_wconf 86' lang='lat' dir='ltr'><strong>autem</strong></span> <span class='ocrx_word' id='word_1_230' title='bbox 1680 2542 2135 2607; x_wconf 81' lang='lat' dir='ltr'><strong>considerandum</strong></span> <span class='ocrx_word' id='word_1_231' title='bbox 2162 2563 2267 2625; x_wconf 73' lang='lat' dir='ltr'><strong>est,</strong></span> 
     </span>
     <span class='ocr_line' id='line_1_25' title="bbox 267 2618 2269 2709; baseline 0.011 -33"><span class='ocrx_word' id='word_1_232' title='bbox 267 2620 410 2696; x_wconf 84' lang='lat' dir='ltr'><strong>quod</strong></span> <span class='ocrx_word' id='word_1_233' title='bbox 432 2619 555 2677; x_wconf 86' lang='lat' dir='ltr'><strong>fidei</strong></span> <span class='ocrx_word' id='word_1_234' title='bbox 583 2618 897 2679; x_wconf 72' lang='lat' dir='ltr'><strong>christianae</strong></span> <span class='ocrx_word' id='word_1_235' title='bbox 911 2620 1128 2678; x_wconf 80' lang='lat' dir='ltr'><strong>articuli</strong></span> <span class='ocrx_word' id='word_1_236' title='bbox 1151 2637 1180 2679; x_wconf 87' lang='lat' dir='ltr'><strong>a</strong></span> <span class='ocrx_word' id='word_1_237' title='bbox 1207 2622 1537 2695; x_wconf 84' lang='lat' dir='ltr'><strong>quibusdam</strong></span> <span class='ocrx_word' id='word_1_238' title='bbox 1560 2624 1867 2703; x_wconf 81' lang='lat' dir='ltr'><strong>duodecim,</strong></span> <span class='ocrx_word' id='word_1_239' title='bbox 1894 2638 2269 2709; x_wconf 81' lang='lat' dir='ltr'><strong>aquibusdam</strong></span> 
     </span>
     <span class='ocr_line' id='line_1_26' title="bbox 266 2709 2269 2807; baseline 0.007 -43"><span class='ocrx_word' id='word_1_240' title='bbox 266 2709 682 2784; x_wconf 85' lang='lat' dir='ltr'><strong>quatuordecim</strong></span> <span class='ocrx_word' id='word_1_241' title='bbox 709 2716 1117 2782; x_wconf 86' lang='lat' dir='ltr'><strong>computantur.</strong></span> <span class='ocrx_word' id='word_1_242' title='bbox 1161 2712 1475 2771; x_wconf 86' lang='lat' dir='ltr'><strong>Secundum</strong></span> <span class='ocrx_word' id='word_1_243' title='bbox 1510 2715 1631 2773; x_wconf 85' lang='lat' dir='ltr'><strong>illos</strong></span> <span class='ocrx_word' id='word_1_244' title='bbox 1656 2718 1749 2791; x_wconf 88' lang='lat' dir='ltr'><strong>qui</strong></span> <span class='ocrx_word' id='word_1_245' title='bbox 1778 2731 2097 2797; x_wconf 75' lang='lat' dir='ltr'><strong>com-putant</strong></span> <span class='ocrx_word' id='word_1_246' title='bbox 2126 2748 2269 2807; x_wconf 71' lang='lat' dir='ltr'><strong>qua..</strong></span> 
     </span>
     <span class='ocr_line' id='line_1_27' title="bbox 267 2796 2365 2887; baseline 0.014 -34"><span class='ocrx_word' id='word_1_247' title='bbox 267 2796 592 2864; x_wconf 89' lang='lat' dir='ltr'><strong>tuordecim,</strong></span> <span class='ocrx_word' id='word_1_248' title='bbox 615 2805 828 2871; x_wconf 78' lang='lat' dir='ltr'><strong>septem</strong></span> <span class='ocrx_word' id='word_1_249' title='bbox 859 2799 1074 2855; x_wconf 78' lang='lat' dir='ltr'><strong>articuli</strong></span> <span class='ocrx_word' id='word_1_250' title='bbox 1103 2801 1379 2873; x_wconf 87' lang='lat' dir='ltr'><strong>pertinent</strong></span> <span class='ocrx_word' id='word_1_251' title='bbox 1404 2803 1475 2859; x_wconf 85' lang='lat' dir='ltr'><strong>ad</strong></span> <span class='ocrx_word' id='word_1_252' title='bbox 1504 2804 1867 2879; x_wconf 83' lang='lat' dir='ltr'><strong>divinitatem,</strong></span> <span class='ocrx_word' id='word_1_253' title='bbox 1900 2824 2109 2887; x_wconf 82' lang='lat' dir='ltr'><strong>septem·</strong></span> <span class='ocrx_word' id='word_1_254' title='bbox 2138 2837 2269 2881; x_wconf 83' lang='lat' dir='ltr'><strong>vero</strong></span> <span class='ocrx_word' id='word_1_255' title='bbox 2353 2815 2365 2849; x_wconf 80' lang='grc'><strong>’·</strong></span> 
     </span>
     <span class='ocr_line' id='line_1_28' title="bbox 266 2884 2269 2973; baseline 0.014 -32"><span class='ocrx_word' id='word_1_256' title='bbox 266 2886 334 2941; x_wconf 89' lang='lat' dir='ltr'><strong>ad</strong></span> <span class='ocrx_word' id='word_1_257' title='bbox 364 2884 777 2941; x_wconf 81' lang='lat' dir='ltr'><strong>humanitatem.</strong></span> <span class='ocrx_word' id='word_1_258' title='bbox 807 2885 892 2941; x_wconf 87' lang='lat' dir='ltr'><strong>Illi</strong></span> <span class='ocrx_word' id='word_1_259' title='bbox 920 2893 1102 2945; x_wconf 85' lang='lat' dir='ltr'><strong>autem</strong></span> <span class='ocrx_word' id='word_1_260' title='bbox 1127 2890 1221 2965; x_wconf 89' lang='lat' dir='ltr'><strong>qui</strong></span> <span class='ocrx_word' id='word_1_261' title='bbox 1247 2888 1320 2949; x_wconf 75' lang='lat' dir='ltr'><strong>ud</strong></span> <span class='ocrx_word' id='word_1_262' title='bbox 1349 2890 1693 2951; x_wconf 87' lang='lat' dir='ltr'><strong>divinitatem</strong></span> <span class='ocrx_word' id='word_1_263' title='bbox 1720 2901 2011 2973; x_wconf 83' lang='lat' dir='ltr'><strong>pertinent,</strong></span> <span class='ocrx_word' id='word_1_264' title='bbox 2034 2908 2123 2966; x_wconf 82' lang='lat' dir='ltr'><strong>-sic</strong></span> <span class='ocrx_word' id='word_1_265' title='bbox 2150 2912 2269 2969; x_wconf 77' lang='lat' dir='ltr'><strong>die·</strong></span> 
     </span>
     <span class='ocr_line' id='line_1_29' title="bbox 267 2973 2265 3073; baseline 0.015 -44"><span class='ocrx_word' id='word_1_266' title='bbox 267 2973 587 3048; x_wconf 82' lang='lat' dir='ltr'><strong>tinguuntur</strong></span> <span class='ocrx_word' id='word_1_267' title='bbox 632 2979 692 3028; x_wconf 90' lang='lat' dir='ltr'><strong>ut</strong></span> <span class='ocrx_word' id='word_1_268' title='bbox 733 2988 874 3029; x_wconf 82' lang='lat' dir='ltr'><strong>unus</strong></span> <span class='ocrx_word' id='word_1_269' title='bbox 909 2974 982 3031; x_wconf 85' lang='lat' dir='ltr'><strong>sit</strong></span> <span class='ocrx_word' id='word_1_270' title='bbox 1009 2976 1273 3035; x_wconf 74' lang='lat' dir='ltr'><strong>articulus</strong></span> <span class='ocrx_word' id='word_1_271' title='bbox 1301 2980 1369 3035; x_wconf 86' lang='lat' dir='ltr'><strong>de</strong></span> <span class='ocrx_word' id='word_1_272' title='bbox 1395 2980 1601 3041; x_wconf 75' lang='lat' dir='ltr'><strong>divinae</strong></span> <span class='ocrx_word' id='word_1_273' title='bbox 1632 2989 1885 3049; x_wconf 76' lang='lat' dir='ltr'><strong>essentiae</strong></span> <span class='ocrx_word' id='word_1_274' title='bbox 1914 2995 2143 3068; x_wconf 85' lang='lat' dir='ltr'><strong>unitate,</strong></span> <span class='ocrx_word' id='word_1_275' title='bbox 2170 3004 2265 3073; x_wconf 83' lang='lat' dir='ltr'><strong>qui</strong></span> 
     </span>
     <span class='ocr_line' id='line_1_30' title="bbox 264 3060 2269 3145; baseline 0.012 -29"><span class='ocrx_word' id='word_1_276' title='bbox 264 3062 507 3137; x_wconf 85' lang='lat' dir='ltr'><strong>tangitur</strong></span> <span class='ocrx_word' id='word_1_277' title='bbox 533 3061 590 3117; x_wconf 89' lang='lat' dir='ltr'><strong>in</strong></span> <span class='ocrx_word' id='word_1_278' title='bbox 613 3060 870 3135; x_wconf 82' lang='lat' dir='ltr'><strong>Symbolo</strong></span> <span class='ocrx_word' id='word_1_279' title='bbox 901 3077 1028 3119; x_wconf 91' lang='lat' dir='ltr'><strong>cum</strong></span> <span class='ocrx_word' id='word_1_280' title='bbox 1056 3063 1257 3119; x_wconf 86' lang='lat' dir='ltr'><strong>dicitur</strong></span> <span class='ocrx_word' id='word_1_281' title='bbox 1291 3082 1304 3120; x_wconf 75' lang='grc' dir='ltr'><strong><em>ε</em></strong></span> <span class='ocrx_word' id='word_1_282' title='bbox 1335 3085 1360 3117; x_wconf 80' lang='grc' dir='ltr'><strong>α</strong></span> <span class='ocrx_word' id='word_1_283' title='bbox 1389 3068 1565 3125; x_wconf 86' lang='lat' dir='ltr'><strong>Credo</strong></span> <span class='ocrx_word' id='word_1_284' title='bbox 1594 3072 1650 3127; x_wconf 87' lang='lat' dir='ltr'><strong>in</strong></span> <span class='ocrx_word' id='word_1_285' title='bbox 1680 3090 1845 3131; x_wconf 88' lang='lat' dir='ltr'><strong>unum</strong></span> <span class='ocrx_word' id='word_1_286' title='bbox 1878 3079 2071 3139; x_wconf 88' lang='lat' dir='ltr'><strong>Deum.</strong></span> <span class='ocrx_word' id='word_1_287' title='bbox 2107 3106 2133 3139; x_wconf 65' lang='lat' dir='ltr'><strong>a</strong></span> <span class='ocrx_word' id='word_1_288' title='bbox 2164 3086 2269 3145; x_wconf 80' lang='lat' dir='ltr'><strong>Se-</strong></span> 
     </span>
     <span class='ocr_line' id='line_1_31' title="bbox 263 3150 2266 3233; baseline 0.009 -26"><span class='ocrx_word' id='word_1_289' title='bbox 263 3152 502 3209; x_wconf 90' lang='lat' dir='ltr'><strong>cundum</strong></span> <span class='ocrx_word' id='word_1_290' title='bbox 527 3159 611 3207; x_wconf 87' lang='lat' dir='ltr'><strong>est</strong></span> <span class='ocrx_word' id='word_1_291' title='bbox 629 3150 697 3207; x_wconf 84' lang='lat' dir='ltr'><strong>de</strong></span> <span class='ocrx_word' id='word_1_292' title='bbox 724 3165 954 3223; x_wconf 85' lang='lat' dir='ltr'><strong>persona</strong></span> <span class='ocrx_word' id='word_1_293' title='bbox 979 3152 1173 3218; x_wconf 80' lang='lat' dir='ltr'><strong>Patris,</strong></span> <span class='ocrx_word' id='word_1_294' title='bbox 1201 3152 1295 3225; x_wconf 87' lang='lat' dir='ltr'><strong>qui</strong></span> <span class='ocrx_word' id='word_1_295' title='bbox 1323 3156 1565 3229; x_wconf 76' lang='lat' dir='ltr'><strong>tangitur</strong></span> <span class='ocrx_word' id='word_1_296' title='bbox 1584 3175 1709 3217; x_wconf 86' lang='lat' dir='ltr'><strong>cum</strong></span> <span class='ocrx_word' id='word_1_297' title='bbox 1732 3162 1972 3225; x_wconf 80' lang='lat' dir='ltr'><strong>dicitur:-</strong></span> <span class='ocrx_word' id='word_1_298' title='bbox 1996 3190 2023 3223; x_wconf 76' lang='grc' dir='ltr'><strong><em>α</em></strong></span> <span class='ocrx_word' id='word_1_299' title='bbox 2052 3173 2266 3233; x_wconf 74' lang='lat' dir='ltr'><strong>Patrem</strong></span> 
     </span>
     <span class='ocr_line' id='line_1_32' title="bbox 264 3235 2267 3329; baseline 0.013 -34"><span class='ocrx_word' id='word_1_300' title='bbox 264 3241 712 3315; x_wconf 79' lang='lat' dir='ltr'><strong>omnipotentem.</strong></span> <span class='ocrx_word' id='word_1_301' title='bbox 759 3258 787 3291; x_wconf 72' lang='lat' dir='ltr'><strong>a</strong></span> <span class='ocrx_word' id='word_1_302' title='bbox 819 3238 1035 3295; x_wconf 88' lang='lat' dir='ltr'><strong>Tertius</strong></span> <span class='ocrx_word' id='word_1_303' title='bbox 1075 3235 1160 3297; x_wconf 79' lang='lat' dir='ltr'><strong>est</strong></span> <span class='ocrx_word' id='word_1_304' title='bbox 1197 3248 1254 3299; x_wconf 88' lang='lat' dir='ltr'><strong>et</strong></span> <span class='ocrx_word' id='word_1_305' title='bbox 1297 3260 1529 3315; x_wconf 81' lang='lat' dir='ltr'><strong>persona</strong></span> <span class='ocrx_word' id='word_1_306' title='bbox 1558 3247 1697 3317; x_wconf 76' lang='lat' dir='ltr'><strong>Filii,</strong></span> <span class='ocrx_word' id='word_1_307' title='bbox 1730 3252 1826 3325; x_wconf 86' lang='lat' dir='ltr'><strong>qui</strong></span> <span class='ocrx_word' id='word_1_308' title='bbox 1856 3258 2097 3329; x_wconf 73' lang='lat' dir='ltr'><strong>tangitur</strong></span> <span class='ocrx_word' id='word_1_309' title='bbox 2140 3278 2267 3321; x_wconf 85' lang='lat' dir='ltr'><strong>cum</strong></span> 
     </span>
     <span class='ocr_line' id='line_1_33' title="bbox 261 3327 2271 3412; baseline 0.012 -30"><span class='ocrx_word' id='word_1_310' title='bbox 261 3328 464 3385; x_wconf 86' lang='lat' dir='ltr'><strong>dicitur</strong></span> <span class='ocrx_word' id='word_1_311' title='bbox 509 3345 524 3383; x_wconf 75' lang='grc' dir='ltr'><strong><em>ε</em></strong></span> <span class='ocrx_word' id='word_1_312' title='bbox 558 3349 586 3383; x_wconf 74' lang='grc' dir='ltr'><strong>α</strong></span> <span class='ocrx_word' id='word_1_313' title='bbox 627 3327 696 3385; x_wconf 86' lang='lat' dir='ltr'><strong>Et</strong></span> <span class='ocrx_word' id='word_1_314' title='bbox 733 3327 788 3383; x_wconf 89' lang='lat' dir='ltr'><strong>in</strong></span> <span class='ocrx_word' id='word_1_315' title='bbox 815 3328 999 3385; x_wconf 74' lang='lat' dir='ltr'><strong>Iesum</strong></span> <span class='ocrx_word' id='word_1_316' title='bbox 1025 3329 1300 3387; x_wconf 83' lang='lat' dir='ltr'><strong>Christum</strong></span> <span class='ocrx_word' id='word_1_317' title='bbox 1339 3333 1536 3392; x_wconf 83' lang='lat' dir='ltr'><strong>Filium</strong></span> <span class='ocrx_word' id='word_1_318' title='bbox 1566 3337 1704 3409; x_wconf 80' lang='lat' dir='ltr'><strong>ejus.</strong></span> <span class='ocrx_word' id='word_1_319' title='bbox 1748 3360 1776 3393; x_wconf 67' lang='lat' dir='ltr'><strong>n</strong></span> <span class='ocrx_word' id='word_1_320' title='bbox 1816 3342 2063 3412; x_wconf 76' lang='lat' dir='ltr'><strong>Quartus</strong></span> <span class='ocrx_word' id='word_1_321' title='bbox 2084 3360 2171 3410; x_wconf 80' lang='lat' dir='ltr'><strong>est</strong></span> <span class='ocrx_word' id='word_1_322' title='bbox 2198 3354 2271 3411; x_wconf 78' lang='lat' dir='ltr'><strong>de</strong></span> 
     </span>
     <span class='ocr_line' id='line_1_34' title="bbox 262 3418 2269 3512; baseline 0.012 -38"><span class='ocrx_word' id='word_1_323' title='bbox 262 3432 494 3493; x_wconf 72' lang='lat' dir='ltr'><strong>persona</strong></span> <span class='ocrx_word' id='word_1_324' title='bbox 517 3418 755 3491; x_wconf 86' lang='lat' dir='ltr'><strong>Spiritus</strong></span> <span class='ocrx_word' id='word_1_325' title='bbox 777 3418 974 3487; x_wconf 74' lang='lat' dir='ltr'><strong>sancti,</strong></span> <span class='ocrx_word' id='word_1_326' title='bbox 1011 3419 1106 3491; x_wconf 87' lang='lat' dir='ltr'><strong>qui</strong></span> <span class='ocrx_word' id='word_1_327' title='bbox 1137 3422 1380 3493; x_wconf 83' lang='lat' dir='ltr'><strong>tangitur</strong></span> <span class='ocrx_word' id='word_1_328' title='bbox 1402 3439 1529 3479; x_wconf 81' lang='lat' dir='ltr'><strong>cum</strong></span> <span class='ocrx_word' id='word_1_329' title='bbox 1558 3425 1759 3485; x_wconf 83' lang='lat' dir='ltr'><strong>dicitur</strong></span> <span class='ocrx_word' id='word_1_330' title='bbox 1796 3447 1811 3487; x_wconf 77' lang='lat' dir='ltr'><em>z</em></span> <span class='ocrx_word' id='word_1_331' title='bbox 1844 3452 1871 3487; x_wconf 72' lang='lat' dir='ltr'><strong>c</strong></span> <span class='ocrx_word' id='word_1_332' title='bbox 1913 3434 1980 3493; x_wconf 84' lang='lat' dir='ltr'><strong>Et</strong></span> <span class='ocrx_word' id='word_1_333' title='bbox 2010 3437 2063 3493; x_wconf 82' lang='lat' dir='ltr'><strong>in</strong></span> <span class='ocrx_word' id='word_1_334' title='bbox 2090 3440 2269 3512; x_wconf 75' lang='lat' dir='ltr'><strong>Spiri-</strong></span> 
     </span>
     <span class='ocr_line' id='line_1_35' title="bbox 263 3506 2281 3591; baseline 0.013 -26"><span class='ocrx_word' id='word_1_335' title='bbox 263 3515 380 3565; x_wconf 83' lang='lat' dir='ltr'><strong>tum</strong></span> <span class='ocrx_word' id='word_1_336' title='bbox 403 3514 672 3565; x_wconf 85' lang='lat' dir='ltr'><strong>sanctum.</strong></span> <span class='ocrx_word' id='word_1_337' title='bbox 705 3526 732 3561; x_wconf 68' lang='lat' dir='ltr'><strong>a</strong></span> <span class='ocrx_word' id='word_1_338' title='bbox 767 3506 1002 3577; x_wconf 75' lang='lat' dir='ltr'><strong>Quintus</strong></span> <span class='ocrx_word' id='word_1_339' title='bbox 1023 3514 1110 3565; x_wconf 85' lang='lat' dir='ltr'><strong>est</strong></span> <span class='ocrx_word' id='word_1_340' title='bbox 1135 3508 1208 3565; x_wconf 85' lang='lat' dir='ltr'><strong>de</strong></span> <span class='ocrx_word' id='word_1_341' title='bbox 1233 3512 1431 3569; x_wconf 75' lang='lat' dir='ltr'><strong>effectu</strong></span> <span class='ocrx_word' id='word_1_342' title='bbox 1456 3530 1568 3587; x_wconf 85' lang='lat' dir='ltr'><strong>quo</strong></span> <span class='ocrx_word' id='word_1_343' title='bbox 1596 3530 1629 3574; x_wconf 79' lang='lat' dir='ltr'><strong>a</strong></span> <span class='ocrx_word' id='word_1_344' title='bbox 1654 3518 1767 3575; x_wconf 91' lang='lat' dir='ltr'><strong>Deo</strong></span> <span class='ocrx_word' id='word_1_345' title='bbox 1790 3536 2042 3581; x_wconf 81' lang='lat' dir='ltr'><strong>creamur</strong></span> <span class='ocrx_word' id='word_1_346' title='bbox 2068 3526 2123 3585; x_wconf 85' lang='lat' dir='ltr'><strong>in</strong></span> <span class='ocrx_word' id='word_1_347' title='bbox 2146 3520 2281 3591; x_wconf 78' lang='lat' dir='ltr'><strong>esso=</strong></span> 
     </span>
     <span class='ocr_line' id='line_1_36' title="bbox 261 3596 2273 3675; baseline 0.009 -21"><span class='ocrx_word' id='word_1_348' title='bbox 261 3606 496 3663; x_wconf 68' lang='lat' dir='ltr'><strong>naturae,</strong></span> <span class='ocrx_word' id='word_1_349' title='bbox 528 3596 622 3669; x_wconf 89' lang='lat' dir='ltr'><strong>qui</strong></span> <span class='ocrx_word' id='word_1_350' title='bbox 663 3596 905 3667; x_wconf 80' lang='lat' dir='ltr'><strong>tangitur</strong></span> <span class='ocrx_word' id='word_1_351' title='bbox 931 3612 1056 3653; x_wconf 88' lang='lat' dir='ltr'><strong>cum</strong></span> <span class='ocrx_word' id='word_1_352' title='bbox 1085 3596 1289 3655; x_wconf 89' lang='lat' dir='ltr'><strong>dicitur</strong></span> <span class='ocrx_word' id='word_1_353' title='bbox 1317 3617 1330 3658; x_wconf 74' lang='lat'>2</span> <span class='ocrx_word' id='word_1_354' title='bbox 1369 3621 1399 3655; x_wconf 73' lang='grc' dir='ltr'><strong>α</strong></span> <span class='ocrx_word' id='word_1_355' title='bbox 1432 3603 1750 3663; x_wconf 85' lang='lat' dir='ltr'><strong>Creatorem</strong></span> <span class='ocrx_word' id='word_1_356' title='bbox 1780 3610 1903 3667; x_wconf 85' lang='lat' dir='ltr'><strong>coeli</strong></span> <span class='ocrx_word' id='word_1_357' title='bbox 1930 3622 1985 3670; x_wconf 84' lang='lat' dir='ltr'><strong>et</strong></span> <span class='ocrx_word' id='word_1_358' title='bbox 2016 3621 2195 3675; x_wconf 76' lang='lat' dir='ltr'><strong>terrae.</strong></span> <span class='ocrx_word' id='word_1_359' title='bbox 2236 3638 2273 3674; x_wconf 12' lang='lat' dir='ltr'><strong>»a</strong></span> 
     </span>
     <span class='ocr_line' id='line_1_37' title="bbox 259 3686 2267 3777; baseline 0.007 -33"><span class='ocrx_word' id='word_1_360' title='bbox 259 3688 456 3745; x_wconf 80' lang='lat' dir='ltr'><strong>Sextus</strong></span> <span class='ocrx_word' id='word_1_361' title='bbox 483 3691 566 3743; x_wconf 86' lang='lat' dir='ltr'><strong>est</strong></span> <span class='ocrx_word' id='word_1_362' title='bbox 593 3686 664 3741; x_wconf 88' lang='lat' dir='ltr'><strong>de</strong></span> <span class='ocrx_word' id='word_1_363' title='bbox 697 3686 888 3741; x_wconf 80' lang='lat' dir='ltr'><strong>effectu</strong></span> <span class='ocrx_word' id='word_1_364' title='bbox 922 3686 1020 3744; x_wconf 90' lang='lat' dir='ltr'><strong>Dei</strong></span> <span class='ocrx_word' id='word_1_365' title='bbox 1045 3689 1344 3745; x_wconf 79' lang='lat' dir='ltr'><strong>secundum</strong></span> <span class='ocrx_word' id='word_1_366' title='bbox 1367 3691 1516 3765; x_wconf 85' lang='lat' dir='ltr'><strong>quod</strong></span> <span class='ocrx_word' id='word_1_367' title='bbox 1546 3696 1875 3755; x_wconf 82' lang='lat' dir='ltr'><strong>revertimur</strong></span> <span class='ocrx_word' id='word_1_368' title='bbox 1902 3701 1957 3759; x_wconf 84' lang='lat' dir='ltr'><strong>in</strong></span> <span class='ocrx_word' id='word_1_369' title='bbox 1982 3718 2103 3761; x_wconf 70' lang='lat' dir='ltr'><strong>esee</strong></span> <span class='ocrx_word' id='word_1_370' title='bbox 2134 3722 2267 3777; x_wconf 76' lang='lat' dir='ltr'><strong>gra..-</strong></span> 
     </span>
     <span class='ocr_line' id='line_1_38' title="bbox 262 3772 2263 3867; baseline 0.011 -36"><span class='ocrx_word' id='word_1_371' title='bbox 262 3778 372 3845; x_wconf 63' lang='lat' dir='ltr'><strong>tiae,</strong></span> <span class='ocrx_word' id='word_1_372' title='bbox 405 3776 504 3851; x_wconf 86' lang='lat' dir='ltr'><strong>qui</strong></span> <span class='ocrx_word' id='word_1_373' title='bbox 532 3772 774 3848; x_wconf 80' lang='lat' dir='ltr'><strong>tangitur</strong></span> <span class='ocrx_word' id='word_1_374' title='bbox 795 3789 920 3833; x_wconf 82' lang='lat' dir='ltr'><strong>eum</strong></span> <span class='ocrx_word' id='word_1_375' title='bbox 945 3775 1146 3835; x_wconf 83' lang='lat' dir='ltr'><strong>dicitur</strong></span> <span class='ocrx_word' id='word_1_376' title='bbox 1185 3795 1200 3835; x_wconf 71' lang='grc' dir='ltr'><strong>ι</strong></span> <span class='ocrx_word' id='word_1_377' title='bbox 1245 3796 1272 3833; x_wconf 72' lang='grc' dir='ltr'>κ</span> <span class='ocrx_word' id='word_1_378' title='bbox 1299 3779 1559 3837; x_wconf 82' lang='lat' dir='ltr'><strong>Sanctam</strong></span> <span class='ocrx_word' id='word_1_379' title='bbox 1590 3783 1890 3845; x_wconf 70' lang='lat' dir='ltr'><strong>Ecclesiam</strong></span> <span class='ocrx_word' id='word_1_380' title='bbox 1916 3791 2263 3867; x_wconf 58' lang='lat' dir='ltr'><strong>cathenam,-</strong></span> 
     </span>
     <span class='ocr_line' id='line_1_39' title="bbox 261 3863 2265 3956; baseline 0.012 -36"><span class='ocrx_word' id='word_1_381' title='bbox 261 3871 571 3923; x_wconf 87' lang='lat' dir='ltr'><strong>sanctorum</strong></span> <span class='ocrx_word' id='word_1_382' title='bbox 613 3863 1068 3933; x_wconf 87' lang='lat' dir='ltr'><strong>communionem,</strong></span> <span class='ocrx_word' id='word_1_383' title='bbox 1115 3874 1171 3923; x_wconf 87' lang='lat' dir='ltr'><strong>et</strong></span> <span class='ocrx_word' id='word_1_384' title='bbox 1213 3867 1587 3925; x_wconf 82' lang='lat' dir='ltr'><strong>remissionem</strong></span> <span class='ocrx_word' id='word_1_385' title='bbox 1627 3883 1995 3945; x_wconf 87' lang='lat' dir='ltr'><strong>peccatorum.</strong></span> <span class='ocrx_word' id='word_1_386' title='bbox 2045 3902 2089 3943; x_wconf 74' lang='lat'><strong>‚»</strong></span> <span class='ocrx_word' id='word_1_387' title='bbox 2125 3883 2265 3956; x_wconf 84' lang='lat' dir='ltr'><strong>Quia</strong></span> 
     </span>
    </p>
   </div>
   <div class='ocr_carea' id='block_1_5' title="bbox 759 3984 1771 4041">
    <p class='ocr_par' dir='ltr' id='par_1_5' title="bbox 759 3984 1771 4041">
     <span class='ocr_line' id='line_1_40' title="bbox 759 3984 1771 4041; baseline 0.008 -10"><span class='ocrx_word' id='word_1_388' title='bbox 759 3984 810 4033; x_wconf 84' lang='lat' dir='ltr'><strong>S.</strong></span> <span class='ocrx_word' id='word_1_389' title='bbox 833 3984 984 4036; x_wconf 66' lang='lat' dir='ltr'><strong>Tuon.</strong></span> <span class='ocrx_word' id='word_1_390' title='bbox 1013 3987 1096 4041; x_wconf 79' lang='lat' dir='ltr'><strong>Ao.</strong></span> <span class='ocrx_word' id='word_1_391' title='bbox 1129 3984 1394 4036; x_wconf 69' lang='lat' dir='ltr'><strong>Oruscuu.</strong></span> <span class='ocrx_word' id='word_1_392' title='bbox 1427 4006 1471 4023; x_wconf 84' lang='lat'><strong>-</strong></span> <span class='ocrx_word' id='word_1_393' title='bbox 1518 3984 1594 4036; x_wconf 83' lang='lat' dir='ltr'><strong>ut.</strong></span> <span class='ocrx_word' id='word_1_394' title='bbox 1626 4011 1683 4025; x_wconf 89' lang='lat'><strong>-—</strong></span> <span class='ocrx_word' id='word_1_395' title='bbox 1708 3990 1771 4039; x_wconf 75' lang='lat'><strong>28</strong></span> 
     </span>
    </p>
   </div>
  </div>
 </body>
</html>
