2784 4392
519 292 656 343 xm.
685 305 768 325 -
793 292 1032 339 consen
1071 292 1256 339 narn.
1299 292 1453 343 nom.
1498 293 1580 339 ste
1618 290 1865 341 means.
1908 291 2116 340 nume.
2242 279 2327 343 39

317 410 424 471 hoc
453 410 720 469 inducunt
760 395 817 467 in
843 408 948 468 hoc
987 409 1214 483 Spiritui
1252 416 1445 467 sancto
1490 412 2027 484 cooperante8,'dum
2068 415 2331 485 satagunt

318 501 375 557 id
403 500 702 566 ministerio
727 501 986 557 exteriori
1026 501 1276 567 suadere,
1305 501 1374 557 ad
1414 500 1558 573 quod
1584 500 1819 572 Spiritus
1860 507 2083 557 sanctus
2103 502 2331 575 instigat

319 591 568 658 inter-ine,
599 590 742 647 unde
783 597 840 647 et
884 589 1178 663 Apostolus
1215 590 1350 646 dicit
1393 590 1420 646 I
1452 590 1523 645 ad
1564 590 1808 646 Corinth.
1839 607 1924 655 ιη,
1954 595 2023 647 9:
2053 592 2155 647 Dei
2188 590 2327 647 enim

321 680 590 752 adjutores
615 696 816 747 sumu-3,
842 680 1162 746 forinsecuS,
1195 679 1405 735 scilicet
1429 680 1808 735 ministrando·
1840 678 1947 737 Sed
1984 680 2115 752 qnia
2143 696 2325 754 quan-

322 778 438 825 tum
467 771 539 840 ad¹
573 786 666 827 eos
713 770 806 842 qui
853 770 1157 842 pubertatis
1199 783 1372 825 annos
1404 768 1691 836 excedunt,
1742 770 2079 827 contrarium
2130 786 2321 843 sapere

320 859 586 915 nefarium
612 867 716 929 est,
749 866 920 915 restat
951 858 1427 925 considerandum,
1468 865 1649 915 utrum
1678 860 1831 931 pueri
1862 860 1944 914 vel
1974 859 2169 934 puellae
2198 868 2325 917 ante

322 948 625 1020 pubertatis
654 963 824 1004 annos
864 948 1164 1021 completos
1200 948 1419 1005 valeant
1448 964 1507 1003 se
1531 941 1961 1021 voto‘religionis
1999 952 2324 1021 astringere.

391 1038 492 1095 Ubi
521 1045 738 1112 oportet
763 1037 1100 1109 distinguere
1123 1037 1322 1110 duplex
1351 1053 1473 1095 esse
1495 1046 1705 1105 votum,
1734 1055 1904 1093 unum
1934 1038 2156 1111 quidem
2182 1040 2323 1094 sim-

321 1128 464 1201 plex,
497 1127 645 1183 aliud
681 1133 868 1184 autem
902 1126 1165 1183 solemne.
1195 1126 1436 1200 Simplex
1464 1127 1685 1200 quidem
1713 1137 1903 1185 votum
1936 1129 1992 1184 in
2038 1128 2152 1183 sola
2192 1143 2323 1199 pro-

322 1220 577 1277 missione
599 1221 868 1289 consistit,
900 1220 1140 1277 solemne
1170 1225 1353 1275 autem
1394 1226 1585 1276 votum
1614 1234 1738 1276 cum
1776 1218 2136 1292 promissione
2160 1217 2327 1273 babet

321 1308 645 1365 exteriorem
673 1307 1080 1373 exhibitionem,
1114 1306 1244 1363 dum
1287 1305 1499 1363 scilicet
1536 1306 1699 1363 homo
1738 1306 2026 1363 actualiter
2066 1320 2129 1360 se
2165 1306 2327 1363 offert

321 1396 453 1463 Deo,
482 1396 566 1451 vel
607 1412 704 1471 per
755 1394 960 1453 ordinis
1001 1395 1144 1453 sacri
1193 1397 1611 1468 susceptionem,
1656 1395 1742 1452 vel
1782 1411 1880 1468 per
1932 1393 2325 1467 professionem

322 1492 487 1541 certae
528 1486 806 1557 religionis
845 1487 900 1541 in
937 1502 1104 1543 manu
1140 1486 1376 1559 praelati,
1416 1486 1617 1559 quibus
1662 1486 1875 1542 duobus
1917 1485 2095 1541 modis
2136 1492 2325 1541 votum

321 1574 695 1642 solemnizant,
728 1575 814 1631 vel
853 1576 1022 1631 etiam
1067 1592 1164 1647 per
1215 1576 1615 1649 susceptionem
1661 1574 1882 1631 habitus
1932 1573 2321 1646 professorum,

323 1680 448 1737 quae
491 1672 574 1720 est
603 1665 854 1737 quaedam
884 1664 1300 1737 interpretativa
1325 1664 1607 1735 professi0.
1639 1664 1937 1736 Utriusque
1982 1670 2167 1717 autem
2206 1662 2325 1718 voti

323 1754 472 1809 circa
507 1754 913 1809 matrimonium
958 1762 1044 1811 est
1089 1755 1338 1811 diversus
1379 1754 1623 1810 effectus·
1659 1754 1801 1809 Nam
1845 1760 2037 1809 votum
2084 1751 2327 1810 solemne

322 1842 552 1913 impedit
573 1830 978 1900 matrimonium
1002 1842 1431 1901 contrahendum
1460 1851 1515 1899 et
1544 1842 1753 1899 dirimit
1774 1844 1891 1915 jam
1934 1847 2279 1899 contractum
2307 1857 2323 1899 z

323 1940 510 1987 votum
539 1937 720 1988 autem
745 1932 974 2006 simplex
1020 1941 1076 1989 et
1107 1933 1154 1988 si
1183 1932 1614 1989 contrabendum
1662 1932 1945 2006 impediat,
1978 1936 2323 1988 contractum

323 2028 502 2077 tamen
540 2038 648 2077 non
683 2020 911 2077 dirimit.
943 2022 1040 2078 Est
1064 2029 1250 2079 autem
1290 2028 1346 2079 et
1387 2022 1696 2079 contrarius
1722 2026 1779 2079 et
1806 2021 2059 2080 diversus
2096 2022 2324 2079 effectus

321 2110 604 2183 utriusque
629 2110 740 2166 voti
769 2111 918 2167 eirca
941 2110 1280 2182 religionem.

389 2200 530 2257 Nam
551 2208 742 2257 votum
764 2200 1006 2256 solemne
1029 2201 1174 2274 quod
1213 2201 1274 2256 fit
1308 2216 1407 2273 per
1446 2216 1758 2275 expressam
1794 2206 1894 2257 aut
1934 2204 2323 2274 praesumptam

319 2287 730 2361 professionem,
774 2290 890 2361 jam
943 2290 1270 2346 monachum
1305 2289 1458 2358 facit,
1513 2290 1599 2349 vel
1653 2291 2045 2363 cujuscumque
2096 2289 2323 2345 alterius

322 2377 526 2432 ordinis
567 2377 810 2433 fratrem.
843 2378 1042 2435 Votum
1088 2394 1219 2435 vero
1259 2380 1491 2451 simplex
1531 2379 1769 2435 nondum
1816 2378 2141 2436 monachum
2166 2378 2319 2447 facit,

322 2482 446 2521 cum
479 2467 656 2523 adhuc
681 2467 948 2529 Dominus
980 2484 1164 2523 rerum
1199 2483 1424 2524 suarum
1454 2476 1751 2533 remaneat,
1776 2474 1831 2523 et
1872 2468 2051 2524 adhuc
2090 2469 2138 2523 si
2184 2484 2323 2525 con·

321 2555 504 2612 trahat
529 2556 698 2627 possit
727 2572 846 2613 esse
867 2558 1116 2613 maritus
1144 2556 1284 2628 Quia
1306 2558 1475 2629 igitur
1502 2556 1732 2629 simplex
1761 2561 1951 2612 votum
1980 2556 2231 2612 consistit
2260 2557 2319 2611 iu

323 2646 436 2701 sola
459 2646 815 2718 promissione
843 2647 956 2702 Deo
981 2646 1146 2715 sacta,
1176 2662 1300 2721 quae
1322 2664 1388 2703 ex
1418 2646 1675 2704 interiore
1700 2647 1899 2702 mentis
1926 2643 2319 2701 deliberatione

321 2735 585 2807 procedit,
627 2742 816 2792 votum
857 2736 1087 2809 simplex
1118 2752 1184 2793 ex
1220 2740 1345 2809 jure
1393 2737 1581 2793 divino
1622 2735 1921 2793 efficaciam
1958 2734 2143 2801 habet,
2171 2735 2319 2808 quod

323 2824 469 2879 nullo
510 2824 743 2880 humano
767 2826 892 2896 jure
937 2818 1052 2881 tolli
1083 2832 1281 2897 potest.
1305 2826 1477 2899 Hujus
1506 2834 1690 2883 autem
1720 2827 1836 2881 voti
1861 2824 2104 2881 efficacia
2134 2824 2321 2897 dupli-

324 2913 459 2968 citer
484 2913 597 2968 tolli
630 2920 827 2985 potest.
857 2914 974 2971 Uno
1003 2915 1222 2987 quidem
1250 2916 1433 2983 mod0‚
1466 2931 1563 2987 per
1597 2915 1870 2971 defectum
1912 2912 2323 2970 deliberationis

322 3017 446 3075 quae
470 3002 810 3073 promissioni
846 3002 1165 3059 firmitatem
1196 3012 1423 3077 praestat
1452 3021 1465 3060 z
1498 3012 1553 3060 et
1578 3004 1699 3060 ideo
1740 3004 2068 3060 furiosorum
2094 3011 2149 3059 et
2178 3002 2323 3059 alio-

320 3108 441 3148 rum
469 3093 767 3148 amentium
792 3099 919 3149 vota
943 3093 1054 3151 vim
1080 3093 1429 3165 obligationis
1456 3109 1563 3149 non
1586 3094 1805 3161 habent,
1822 3102 1881 3149 ut
1904 3093 2136 3149 habetur
2162 3102 2319 3149 extra

319 3182 388 3237 de
411 3181 620 3251 regula,
645 3187 701 3237 et
732 3188 1014 3238 transeunt
1045 3183 1113 3238 ad
1142 3184 1481 3255 religionem.
1508 3183 1660 3239 Sicut
1686 3188 1841 3238 tenor
1864 3189 1919 3237 et
1953 3183 2145 3238 eadem
2174 3182 2317 3237 ratio

319 3279 403 3326 est
427 3270 496 3323 de
521 3272 702 3340 pueris
728 3272 821 3343 qui
849 3287 952 3327 non
979 3278 1106 3328 sunt
1135 3272 1244 3327 doli
1279 3288 1529 3345 capaces,
1558 3288 1661 3328 nec
1687 3272 1889 3327 habent
1936 3272 2182 3327 debitum
2223 3284 2321 3326 ra-

320 3357 488 3413 tionis
513 3361 794 3431 usum,qui
821 3361 877 3417 in
905 3362 1232 3434 quibusdam
1255 3363 1605 3437 anticipatur,
1627 3362 1681 3417 in
1710 3361 2035 3434 quibusdam
2065 3360 2321 3415 tardatur

318 3445 618 3502 secundum
636 3446 904 3504 diversam
928 3450 1338 3521 dispositionem
1369 3459 1581 3509 naturae
1600 3468 1613 3520 ;
1629 3453 1771 3507 unde
1791 3451 1857 3507 ad
1883 3449 1989 3505 hoc
2012 3464 2115 3504 non
2140 3453 2319 3519 potest

318 3542 532 3593 certum
565 3541 778 3606 tempus
818 3540 1046 3608 praefigi.
1073 3538 1194 3593 Alio
1233 3539 1392 3594 modo
1431 3540 1725 3611 impeditur
1771 3538 2013 3593 efficacia
2056 3535 2320 3610 simplicis

318 3626 450 3692 voti,
480 3625 525 3679 si
556 3624 756 3697 aliquis
785 3626 897 3681 Deo
931 3632 1146 3695 voveat,
1175 3628 1262 3698 qui
1306 3642 1413 3683 non
1441 3637 1524 3683 est
1564 3630 1799 3701 propriae
1824 3628 2128 3699 potestatiS,
2158 3638 2313 3701 puta,

319 3716 364 3785 si
393 3730 582 3771 servus
610 3722 836 3771 voveret
855 3730 914 3770 se
939 3713 1254 3786 religionem
1275 3716 1496 3783 intrare,
1522 3716 1745 3773 haberet
1770 3716 1991 3790 quidem
2016 3717 2317 3775 efficaciam

320 3808 581 3875 quantum
607 3804 674 3858 ad
703 3804 897 3876 ipsum,
928 3804 1020 3877 qui
1052 3820 1208 3859 usum
1233 3804 1461 3862 rationis
1484 3804 1665 3875 habet,
1690 3806 1734 3861 si
1760 3804 2021 3861 Dominus
2049 3808 2165 3879 ejus
2191 3822 2318 3879 per:-
2391 3880 2395 3882 ‚

323 3892 582 3951 mitteret.
607 3893 662 3951 Si
691 3900 874 3953 tamen
903 3895 1166 3954 Dominus
1190 3894 1293 3953 hoc
1317 3900 1505 3955 votum
1528 3902 1709 3958 ratum
1737 3910 1847 3955 non
1872 3895 2090 3969 habeat,
2108 3896 2317 3971 absque
