2784 4392
402 230 521 291 234
879 252 930 296 s.
975 250 1210 297 THOMAE
1248 251 1580 302 Aoumxns
1620 250 1934 297 croscum

404 379 587 422 sorum
611 366 922 440 collegium,
940 369 987 425 si
1015 370 1184 443 aliqui
1215 385 1280 426 ex
1304 367 1493 426 eorum
1521 384 1748 425 numero
1769 367 1960 440 gravia
1989 369 2156 424 etiam
2182 373 2418 441 peccata

406 457 787 527 committunt3
829 458 965 516 alias
993 459 1156 514 simili
1189 460 1348 515 modo
1378 465 1434 514 et
1462 458 1845 532 Apostolorum
1869 456 2158 528 collegium
2191 459 2419 528 vitupe-

406 545 577 601 rabile
605 545 707 602 suit
732 553 951 619 propter
982 547 1083 604 hoc
1111 549 1255 620 quod
1281 549 1481 604 dicitur
1500 549 1681 612 Joan.‚
1701 563 1779 613 vr,
1808 548 1867 601 Ἡ
1898 546 2119 605 :Nonne
2138 545 2413 601 duodecim

408 651 495 690 vos
532 633 679 707 eleqi,
721 642 771 693 et
798 651 939 692 unus
976 653 1041 690 ex
1082 637 1221 692 vobis
1247 636 1487 692 diabolus
1515 637 1634 692 est?
1660 635 1816 692 Unde
1857 635 2026 691 etiam
2054 637 2212 692 Cant.
2255 651 2320 704 11,
2354 639 2410 700 2,

410 722 612 779 dicitur
657 740 671 779 ε
720 723 868 781 Sicut
906 723 1079 795 filium
1124 725 1271 782 iuter
1322 725 1525 797 spinas,
1565 725 1643 780 sic
1686 723 1858 780 amica
1898 739 2011 779 mea
2051 723 2198 780 inter
2241 723 2414 794 filias.

412 813 607 869 Glossa
635 813 886 884 Gregorii
915 829 928 868 :
964 833 989 866 «
1022 815 1135 869 Nec
1164 813 1291 870 mali
1320 814 1438 870 sino
1463 811 1637 881 boniS,
1670 827 1770 868 nec
1798 812 1923 868 boni
1955 813 2071 868 sine
2105 811 2264 868 malis
2290 827 2418 868 esse

413 909 639 972 possunt
659 917 672 970 ;
695 921 720 952 ιο
743 902 839 957 sed
860 907 1044 958 tamen
1064 902 1131 958 de
1151 903 1235 958 his
1253 902 1359 958 dici
1388 907 1587 974 potest,
1609 901 1755 972 quod
1781 899 1982 956 dicitur
2003 901 2025 956 1
2043 901 2201 957 Joan.
2221 916 2283 968 ιι,
2305 903 2371 958 42
2393 917 2410 955 z

412 989 503 1044 Ea:
528 988 677 1044 nobis
698 989 1043 1060 prodierunt,
1068 991 1157 1048 sed
1178 1009 1243 1048 ω)
1266 991 1414 1048 nobis
1433 1007 1538 1047 non
1560 994 1738 1046 erant.

394 1086 399 1091 “
485 1077 671 1134 Tertio
720 1079 1021 1136 extendunt
1067 1081 1442 1152 religiosorum
1491 1079 1634 1135 mala
1675 1077 1974 1134 secundum
2021 1077 2411 1152 quantitatem,

416 1165 669 1222 videlicet
687 1181 874 1223 eorum
896 1177 1121 1240 peccata
1147 1167 1288 1224 levia
1319 1167 1464 1224 ultra
1488 1168 1706 1224 modum
1729 1167 2096 1240 aggravando.
2123 1169 2242 1224 Non
2267 1169 2412 1223 enim

415 1262 597 1328 potest
633 1256 793 1312 homo
822 1257 877 1311 in
914 1255 1015 1312 hoc
1042 1255 1243 1311 mundo
1280 1256 1399 1311 sine
1439 1263 1664 1329 peccato
1702 1259 1906 1326 vivere,
1939 1259 2238 1314 secundum
2279 1257 2412 1312 illud

416 1345 624 1426 IJoan.
657 1362 695 1411 ι,
730 1350 761 1401 8
804 1361 817 1399 :
851 1344 910 1400 Si
936 1345 1227 1400 dixerimus
1274 1344 1522 1416 quoniam
1565 1353 1828 1417 peccatum
1865 1363 1971 1402 non
2005 1347 2268 1412 habemus,
2309 1346 2416 1418 ipsi

418 1448 512 1488 nos
546 1432 863 1488 reducimus
894 1433 999 1490 Sed
1051 1440 1230 1489 tamen
1275 1439 1501 1505 peccata
1543 1433 1702 1501 levia,
1736 1449 1860 1506 quae
1905 1433 2069 1489 etiam
2100 1437 2152 1489 in
2183 1434 2414 1506 quibus-

419 1537 653 1594 cumque
696 1522 951 1595 perfectis
990 1520 1355 1592 inveniuntur,
1395 1524 1550 1596 quasi
1595 1525 1783 1594 gravia
1829 1533 2176 1595 exaggerant,
2223 1529 2416 1578 contra

420 1610 554 1667 illud
606 1613 763 1669 Prov.
807 1627 974 1680 xxrv,
1020 1615 1087 1667 ⁴5
1135 1628 1146 1666 z
1191 1613 1275 1670 Ne
1316 1613 1590 1668 insidieris
1635 1619 1682 1667 et
1726 1628 1934 1684 quaeras
1983 1612 2305 1683 impietatem
2356 1612 2416 1666 in

420 1699 568 1756 domo
598 1699 759 1772 justi.
798 1701 867 1767 Et
910 1700 980 1756 ad
1028 1701 1127 1756 hoe
1160 1702 1393 1772 pertinet
1436 1701 1579 1774 quod
1611 1701 1891 1772 religiosos
1935 1695 2415 1772 pseudoapostolos

424 1803 543 1842 esse
567 1787 755 1844 dicunt
783 1787 870 1844 his
897 1789 1085 1858 signis,
1115 1790 1257 1861 quod
1289 1798 1542 1862 quaerunt
1580 1788 1920 1861 opulentiora
1945 1778 2176 1860 hospitia
2204 1789 2256 1842 in
2289 1790 2416 1861 qui-

423 1869 525 1930 b'us
562 1874 756 1930 melius
807 1881 1183 1947 procurentur,
1217 1877 1361 1946 quod
1408 1882 1704 1949 procurant
1746 1875 1920 1932 aliena
1967 1877 2204 1946 negotia,
2236 1883 2294 1930 ut
2337 1877 2417 1932 sic

426 1968 738 2018 mereantur
760 1962 1015 2035 hospitia,
1044 1963 1187 2035 quod
1218 1965 1435 2036 rapiunt
1459 1965 1599 2020 bona
1630 1964 1950 2035 temporalia
1979 1965 2192 2020 illorum
2221 1965 2418 2038 quibus

427 2051 745 2122 praedicant,
790 2059 845 2106 et
886 2051 995 2107 alia
1034 2051 1361 2123 hujusmodi,
1410 2069 1534 2126 quae
1581 2053 1682 2108 etsi
1739 2052 1788 2107 in
1832 2053 2026 2108 vitium
2064 2062 2276 2121 sonent,
2310 2071 2418 2109 non

384 2135 387 2138 ⁴
428 2145 607 2196 tamen
632 2146 758 2194 sunt
789 2147 899 2195 tam
926 2141 1133 2210 gravia,
1155 2147 1325 2211 utpro
1345 2141 1424 2197 eis
1451 2141 1559 2197 dici
1587 2141 1795 2214 possint
1817 2147 2130 2212 peccatores
2158 2157 2281 2214 quae
2303 2143 2419 2198 haec

430 2227 794 2295 committunt,
825 2229 1022 2285 nedum
1051 2236 1111 2283 ut
1138 2243 1233 2300 pro
1270 2230 1351 2285 eis
1378 2231 1586 2302 possint
1624 2231 1728 2285 dici
1773 2229 2244 2301 pseudoapostoli3
2279 2231 2420 2286 unde

430 2331 591 2388 super
618 2316 752 2373 illud
776 2317 958 2374 Galat.
984 2333 1027 2373 ιι
1057 2335 1069 2370 :
1096 2317 1209 2374 Nos
1236 2324 1438 2373 natura
1457 2318 1655 2384 Judaei,
1683 2325 1733 2374 et
1761 2333 1868 2372 non
1895 2334 1960 2372 cx
1979 2317 2217 2388 yentibus
2235 2335 2419 2390 pecca-

430 2411 589 2471 tores,
611 2405 746 2462 dicit
768 2406 963 2463 Glossa
1008 2425 1019 2460 :
1052 2427 1076 2459 α
1112 2408 1225 2462 Hoc
1248 2422 1444 2463 nomen
1475 2424 1577 2462 non
1625 2414 1707 2462 est
1750 2407 2012 2462 usitatum
2047 2405 2100 2461 i'n
2141 2407 2420 2478 Scriptura

430 2494 499 2550 de
526 2495 633 2552 illis
660 2496 773 2568 qui,
806 2511 929 2551 cum
949 2497 1097 2568 juste
1122 2503 1175 2550 et
1201 2495 1544 2551 laudabiliter
1574 2494 1776 2559 vivant,
1811 2509 1916 2549 non
1945 2501 2124 2548 tamen
2152 2500 2278 2548 sunt
2306 2494 2423 2549 sine

432 2591 673 2653 peccato,
711 2604 735 2635 n
761 2584 829 2640 Et
852 2586 932 2640 sic
956 2585 1037 2640 eis
1060 2585 1313 2639 convenit
1337 2583 1481 2656 quod
1517 2582 1716 2638 dicitur
1739 2582 1932 2637 Matth.
1966 2597 2067 2648 vn,
2098 2581 2240 2654 quod
2267 2582 2422 2637 scili-

429 2681 518 2727 cet
558 2672 745 2728 vident
785 2665 1048 2728 festucam
1091 2674 1145 2727 in
1192 2672 1347 2728 oculo
1377 2669 1562 2727 fratris
1607 2671 1689 2725 sui
1719 2681 1774 2726 et
1807 2670 2016 2726 trabem
2042 2670 2097 2725 in
2125 2669 2281 2726 oculo
2325 2687 2423 2726 suo

432 2775 535 2812 non
569 2758 775 2824 vident,
798 2759 885 2814 ubi
913 2761 1047 2815 dicit
1068 2760 1297 2816 Glossa:
1334 2781 1358 2812 α
1384 2759 1536 2816 Multi
1571 2759 1826 2832 praesenti
1873 2758 2188 2830 manribuS,
2218 2759 2424 2815 leviora

431 2847 487 2901 in
510 2847 684 2902 -l'ratre
716 2847 923 2902 malunt
968 2849 1279 2919 vituperare
1318 2857 1372 2905 et
1424 2849 1702 2916 damnare,
1735 2863 1897 2921 quam
1942 2847 2232 2902 emendare
2281 2847 2434 2920 pleni·

432 2935 575 3002 odic,
609 2943 664 2991 et
691 2935 915 3001 invidia,
954 2943 1010 2992 et
1038 2937 1267 2994 malitia.
1299 2959 1323 2989 ³>
1350 2938 1579 3010 Implent
1609 2938 1772 2994 etiam
1802 2936 1945 3009 quod
1978 2936 2199 3004 dicitur,
2227 2937 2422 2992 Matlh.

431 3041 605 3092 xxrn,
632 3027 700 3082 24
735 3042 747 3080 ε
789 3024 1031 3080 Colantes
1074 3026 1311 3092 culicem,
1352 3027 1602 3082 camelum
1647 3033 1818 3081 autem
1859 3025 2160 3104 ylutieutes,
2201 3025 2425 3080 minima

432 3115 804 3184 religiosorum
869 3122 1094 3187 peccata
1148 3114 1479 3170 mordaciter
1539 3122 1854 3184 arguente3‚
1917 3129 2016 3170 sua
2069 3113 2260 3185 gravia
2317 3130 2425 3170 non

429 3209 702 3260 curanteS.

1151 3380 1432 3448 CAPUT
1508 3379 1696 3444 XXI.

494 3513 783 3588 SecundO,
816 3513 1000 3576 dubia
1028 3513 1359 3585 asserendO,
1392 3509 1551 3590 quod
1571 3510 1798 3572 scilicet
1823 3509 2098 3590 religiosi
2120 3511 2390 3587 favorem

610 3603 822 3665 mundi
847 3607 1128 3683 quaerunt
1156 3607 1211 3664 et
1238 3618 1412 3663 suam
1435 3600 1718 3679 ylorz‘am,
1749 3603 1804 3662 et
1827 3617 1945 3662 non
1980 3598 2237 3663 Christi.

462 3737 653 3816 'Nunc
675 3736 967 3792 videndum
1010 3743 1113 3800 est,
1145 3733 1416 3805 quomodo
1459 3732 1623 3788 dubia
1667 3739 1916 3789 asserunt
1957 3733 2013 3787 in
2048 3729 2429 3802 religiosorum

428 3823 728 3880 infamiam.
747 3823 922 3879 Dubia
948 3829 1132 3878 autem
1161 3823 1395 3878 maxime
1423 3827 1548 3878 sunt
1569 3821 1770 3890 futura,
1791 3831 1845 3878 et
1875 3822 2038 3879 etiam
2054 3819 2273 3879 occulta
2298 3835 2430 3876 cor·-
