2784 4392
479 309 596 372 122
953 331 1006 376 8.
1050 330 1284 376 THOMAE
1325 333 1654 382 AQUINA‘HS
1696 333 2011 377 opuchLA

478 446 530 501 Si
561 446 846 503 consilium
876 454 977 514 est,
1009 447 1188 505 nullus
1228 455 1443 504 tenetur
1470 449 1535 505 ad
1574 448 1929 505 laborandum
1957 447 2228 514 manibus,
2261 448 2363 504 nisi
2395 449 2487 522 qui

479 536 544 589 ad
585 535 688 591 hoc
723 543 850 592 voto
893 554 951 593 se
985 537 1272 606 astrinxit3
1307 555 1434 610 ergo
1484 537 1720 609 religiosi
1764 538 1856 610 qui
1901 553 1966 592 ex
2011 537 2199 608 regula
2244 553 2343 593 sua
2382 554 2487 592 non

478 623 678 681 habent
709 626 854 700 quod
887 626 1120 682 debeant
1149 627 1401 682 manibus
1430 627 1697 693 laborare,
1732 627 1799 682 ad
1827 627 2066 682 laborem
2092 641 2352 681 manuum
2383 643 2489 682 non

482 722 754 770 tenentur.
793 716 848 771 Si
885 722 1067 772 autem
1115 724 1197 772 est
1237 717 1289 771 in
1326 724 1620 790 praecept0‚
1655 732 1779 771 cum
1818 717 1883 772 ad
1916 724 2191 787 praecepta
2221 715 2406 770 divina
2436 721 2492 769 et

481 803 779 874 apostolica
809 803 1096 876 aequaliter
1137 812 1423 861 teneantur
1456 805 1692 875 religiosi
1730 810 1784 859 et
1816 803 2125 868 saeculareS,
2171 817 2276 858 non
2314 803 2491 873 magis

482 891 548 946 ad
577 891 815 947 laborem
856 909 1111 948 manuum
1140 902 1393 949 tenentur
1434 892 1690 964 religiosi,
1721 907 1885 964 quam
1925 891 2235 948 saeculareS.
2267 891 2409 962 Ergo
2443 892 2491 945 si

484 979 680 1034 licebat
710 979 868 1034 alicui
901 983 1019 1036 sine
1049 981 1233 1038 labore
1276 999 1533 1038 manuum
1560 982 1742 1038 vivere
1771 981 1988 1054 quando
2018 981 2072 1036 in
2117 980 2317 1037 saeculo
2349 987 2487 1047 erat,

482 1067 627 1122 idem
659 1068 841 1122 licebit
871 1071 1087 1141 quando
1117 1072 1170 1126 in
1196 1070 1454 1143 religiono
1480 1071 1663 1143 aliqua
1689 1071 1812 1125 erit.

555 1158 708 1212 Item.
756 1159 1019 1230 Tempore
1065 1160 1154 1214 illo
1212 1177 1318 1232 quo
1363 1160 1501 1214 dixit
1545 1159 1835 1232 Apostolus
1876 1160 1940 1230 (11
1982 1158 2171 1213 Thess,
2218 1173 2306 1224 ιιι,
2354 1159 2437 1226 lo)
2476 1175 2489 1212 ε

485 1245 590 1310 Qui
631 1263 732 1301 nou
760 1247 869 1302 vult
905 1247 1170 1313 laborare,
1201 1265 1306 1303 non
1333 1249 1632 1313 vizanducet,
1659 1263 1766 1303 non
1792 1254 1947 1303 erant
1972 1246 2211 1318 religiosi
2243 1263 2272 1302 a
2311 1263 2494 1302 saecu-

487 1334 688 1390 laribus
738 1335 1002 1401 distincti,
1062 1339 1202 1392 unde
1251 1337 1397 1392 istud
1444 1344 1776 1410 praeceptum
1840 1336 2199 1390 communiter
2243 1335 2495 1391 omnibus

486 1423 806 1479 Christianis
837 1426 1173 1498 propositum
1213 1432 1296 1480 est
1335 1443 1346 1480 :
1385 1427 1532 1498 quod
1563 1427 1727 1480 etiam
1753 1431 1907 1497 patet
1937 1441 2005 1479 cx
2046 1423 2150 1480 hoc
2174 1425 2319 1496 quod
2350 1424 2495 1479 dici-

489 1519 576 1566 tur
605 1513 651 1567 11
695 1512 883 1569 Thess·
936 1531 1020 1579 ιιι,
1059 1518 1089 1569 6
1134 1514 1517 1572 :subtrahatis
1554 1531 1640 1570 vos
1678 1514 1740 1569 ab
1786 1513 1930 1569 omni
1971 1511 2151 1590 frutra
2194 1513 2495 1569 ambulante

485 1600 812 1658 inordinate.
863 1602 1064 1658 Omnes
1115 1604 1260 1659 enim
1301 1603 1594 1660 Christiani
1635 1612 1765 1659 tunc
1806 1603 2007 1657 fratres
2054 1600 2491 1674 appellabantur,

487 1698 548 1744 ut
584 1699 731 1762 patet
773 1691 815 1745 Ι.
861 1692 928 1747 ad
960 1693 1083 1747 Cor.
1115 1709 1217 1758 vn,
1257 1694 1322 1750 ⁴2
1365 1711 1378 1748 z
1424 1692 1628 1764 Siquis
1667 1692 1848 1764 frater
1875 1689 2026 1746 habet
2054 1707 2272 1746 uxorem
2300 1690 2494 1761 infide-

488 1779 605 1842 lem,
637 1787 765 1845 etc„
797 1779 994 1836 Glossa
1036 1798 1049 1835 ε
1089 1802 1114 1832 α
1162 1783 1216 1837 Si
1248 1784 1369 1854 quis
1398 1782 1590 1837 [idelis.
1637 1801 1662 1834 n
1708 1782 1762 1837 Si
1807 1796 1935 1852 ergo
1965 1779 2203 1851 religiosi
2244 1785 2497 1834 tenentur

490 1864 735 1922 laborare
755 1869 1004 1923 manibus
1030 1879 1250 1942 propter
1271 1870 1361 1926 illa
1386 1870 1630 1942 Apostoli
1655 1869 1836 1934 verba,
1865 1869 1981 1941 pari
2008 1868 2218 1926 ratione
2242 1875 2495 1924 tenentur

490 1970 676 2010 omnes
705 1957 1012 2022 saeculareS,
1043 1965 1098 2012 et
1126 1959 1374 2013 sic-redit
1406 1958 1549 2012 idem
1578 1958 1721 2028 quod
1746 1957 1914 2030 prius,

560 2044 716 2098 Item.
767 2047 1098 2116 Augustinus
1128 2046 1260 2101 dicit
1301 2047 1352 2100 in
1400 2045 1535 2100 libro
1575 2046 1653 2101 De
1680 2062 1835 2117 opere
1871 2046 2243 2101 ’nonachorum
2287 2063 2305 2101 .·
2339 2067 2362 2098 α
2414 2045 2494 2101 11Ιί

493 2134 582 2204 qui
628 2132 818 2188 saltem
860 2133 1132 2190 habebant
1179 2135 1382 2207 aliquid
1429 2136 1480 2188 in
1528 2134 1747 2202 saeculo,
1795 2143 1902 2208 quo
1933 2134 2091 2191 facile
2124 2135 2239 2191 sine
2279 2135 2496 2207 opificio

493 2227 858 2279 sustentarent
903 2222 1044 2278 hanc
1082 2226 1269 2288 vitam,
1322 2225 1467 2295 quod
1514 2211 1762 2280 conversi
1805 2225 1871 2280 ad
1910 2226 2082 2280 Deum
2125 2223 2495 2296 indigentibus

492 2310 759 2381 dispertiti
791 2321 934 2378 sunt,
969 2319 1024 2367 et
1051 2313 1321 2368 credenda
1351 2321 1435 2368 est
1471 2329 1660 2370 >eorum
1691 2313 1996 2378 infirmitaS,
2035 2319 2088 2367 et
2119 2311 2358 2368 ferenda.
2391 2314 2495 2368 So-

495 2399 604 2453 lent
627 2401 769 2454 enim
789 2402 925 2458 tales
950 2409 1171 2473 operum
1193 2403 1557 2475 corporalium
1580 2404 1819 2460 laborem
1841 2403 2108 2458 sustinere
2130 2419 2233 2456 non
2259 2417 2437 2474 posse.
2466 2422 2493 2454 »

494 2490 635 2561 Ergo
673 2490 748 2545 illi
781 2492 873 2563 qui
905 2492 959 2547 in
1001 2491 1200 2548 soeculo
1248 2493 1315 2547 de
1346 2492 1530 2548 labore
1561 2508 1818 2548 manuum
1859 2502 1961 2546 non
1993 2491 2262 2557 vixerunt,
2312 2507 2411 2545 nec
2440 2492 2495 2545 in

494 2579 751 2651 religione
772 2582 838 2636 ad
872 2581 1111 2637 laborem
1138 2597 1391 2636 manuum
1418 2588 1545 2635 sunt
1574 2580 1821 2650 cogendi.
2538 2579 2545 2584 ’

563 2670 716 2723 item.
757 2670 814 2722 ln
841 2671 1031 2724 eodem
1071 2668 1206 2723 libro
1243 2669 1579 2738 Augustinus
1608 2669 1833 2739 loquens
1864 2668 1931 2722 dc
1960 2667 2143 2740 aliquo
2168 2668 2358 2734 divite,
2402 2668 2496 2741 qui

493 2757 631 2810 bona
662 2771 760 2816 sua
794 2755 954 2810 alicui
984 2755 1315 2810 monasterio
1348 2751 1557 2822 tribuit,
1590 2756 1895 2828 dicitquod
1926 2777 1951 2808 (ι
1986 2756 2122 2812 bene
2162 2756 2293 2812 facit
2320 2757 2497 2811 mnni-

493 2842 593 2896 bus
622 2841 933 2911 laborando,
969 2850 1026 2897 ut
1057 2843 1177 2898 aliis
1201 2844 1507 2914 exemplum
1534 2844 1626 2898 det
1655 2862 1667 2898 ε
1701 2844 1843 2924 quod
1872 2845 2093 2916 quidem
2115 2844 2162 2903 si
2198 2845 2351 2912 nolit,
2385 2847 2498 2900 sci-

495 2931 620 2986 licet
653 2929 899 2986 laborare
939 2932 1204 2998 manibus,
1248 2933 1370 3004 quis
1407 2949 1530 2989 eum
1570 2935 1769 2993 audeat
1798 2935 2033 3007 cogere?
2061 2936 2175 2990 Nec
2200 2936 2403 3001 differt,
2435 2944 2498 2992 ut

493 3020 566 3075 ibi
592 3021 706 3093 ipse
736 3020 1029 3093 subjungit,
1071 3023 1185 3076 sive
1225 3022 1553 3078 monasterio
1583 3024 1813 3091 dederit,
1848 3024 1961 3078 sive
1992 3023 2320 3094 ubicumque
2350 3025 2501 3078 divi-

491 3109 643 3176 serit,
673 3125 794 3164 cum
817 3111 1055 3166 omnium
1076 3109 1506 3167 Christianorum
1526 3113 1599 3168 sit
1627 3129 1730 3170 una
1757 3128 1843 3168 res
1868 3110 2101 3184 publica.
2135 3130 2159 3162 >2
2184 3111 2324 3180 Ergo
2351 3111 2499 3168 idem

493 3201 635 3276 quod
670 3201 864 3273 prius.v

562 3293 718 3346 Item.
757 3289 815 3344 ld
855 3290 998 3362 quod
1030 3305 1134 3344 non
1168 3289 1485 3361 praecipitur
1521 3289 1622 3343 nisi
1672 3288 1773 3344 sub
1807 3287 2118 3343 conditione
2155 3293 2211 3342 et
2254 3287 2307 3342 in
2339 3305 2492 3357 casu,

491 3395 596 3436 non
623 3379 827 3450 obligat
849 3378 949 3434 nisi
979 3378 1286 3433 conditione
1308 3377 1399 3432 illa
1425 3376 1710 3445 existente,
1739 3385 1794 3432 et
1826 3377 1879 3432 in
1905 3391 2034 3432 casu
2063 3375 2173 3432 illo.
2212 3378 2316 3433 Sed
2345 3378 2497 3434 labor

490 3486 746 3530 manuum
777 3484 1053 3542 nunquam
1092 3466 1364 3523 invenitur
1405 3467 1473 3522 ab
1506 3465 1762 3538 Apostolo
1803 3466 2103 3540 imperatus
2132 3468 2233 3522 nisi
2280 3469 2331 3521 in
2363 3483 2493 3522 casu

491 3560 708 3632 quando
732 3559 941 3614 scilicet
974 3565 1070 3632 per
1098 3557 1197 3614 hoc
1228 3558 1472 3612 vitantur
1506 3556 1689 3630 aliqua
1716 3565 1958 3628 peccata,
1990 3557 2175 3613 volens
2214 3557 2361 3628 prius
2391 3555 2494 3611 lio-

490 3650 664 3703 mines
690 3648 939 3703 manibus
976 3648 1239 3712 laborare,
1275 3663 1438 3719 quam
1477 3647 1531 3707 in
1558 3646 1649 3701 illa
1680 3654 1903 3720 peccata
1938 3646 2199 3702 incidere.
2234 3646 2372 3716 Ergo
2400 3647 2490 3717 qui

490 3741 716 3806 possunt
744 3737 992 3791 manibus
1013 3751 1117 3790 non
1144 3736 1445 3793 laborando
1463 3735 1593 3792 talin
1621 3736 1814 3803 vitare,
1830 3751 1942 3791 non
1969 3740 2221 3792 tenemur
2247 3733 2495 3790 manibus

492 3823 759 3877 laborare.
799 3824 971 3878 Media
1003 3831 1154 3895 patet
1178 3839 1277 3896 per
1306 3824 1427 3890 hoc,
1456 3824 1605 3895 quod
1635 3823 1930 3895 Apostolus
1955 3839 2065 3878 non
2101 3823 2202 3880 nisi
2235 3823 2291 3877 in
2320 3821 2501 3876 tribus

491 3910 626 3968 locis
660 3901 931 3964 invenitur
966 3910 1209 3967 laborem
1247 3927 1507 3968 manuum
1530 3912 1871 3984 imposuisse.
1906 3912 1971 3969 ad
1999 3911 2196 3985 EpheS.
2238 3926 2315 3980 lv,
2362 3914 2429 3969 28
2475 3927 2491 3967 ι
