2784 4392
485 273 612 340 144·
755 343 762 349 ⁶
959 287 1294 335 8811011111
1329 287 1663 340 Acamans
1700 287 2015 338 croscum

487 405 785 466 secundum
812 404 1055 479 regulam
1081 421 1248 480 quam
1277 404 1633 478 Philosophus
1660 405 1853 464 docet
1840 406 1963 464 ml.
1994 405 2089 465 lib.
2115 406 2294 466 Echio.
2282 447 2321 476 .‚
2349 409 2511 481 quod

489 515 515 550 α
549 497 848 556 maximum
894 497 1096 554 bonurn
1141 498 1286 554 sicut
1315 491 1551 552 felicitas
1580 501 2031 554 connumeratum
2069 495 2295 553 minimo
2324 496 2517 554 bono-

489 603 612 646 rum
637 593 721 646 est
745 584 1074 658 eligibilius:
1103 603 1128 638 »
1153 583 1299 646 unde
1339 583 1445 644 etsi
1481 583 1751 656 sapientia
1780 599 1905 656 ques
1929 585 2071 642 inter
2096 585 2333 642 maxima
2358 586 2514 646 bona

487 681 857 750 computatur,
903 677 1326 732 connumeretur
1372 687 1498 730 cum
1542 670 1769 740 divitiis,
1817 687 1942 744 quoe
1972 678 2117 730 ..sunt
2161 673 2231 729 de
2260 674 2513 730 minimis

487 762 663 831 bonis,
695 771 780 821 est
807 760 1115 834 eligibilior.
1145 759 1253 822 Sed
1282 760 1585 818 secundum
1610 759 1751 818 hanc
1779 759 2043 831 regulam,
2077 761 2376 820 maximum
2399 762 2511 818 bo-

489 869 618 914 num
645 859 1098 911 connumeratum
1125 850 1282 912 alteri
1326 849 1565 912 maximo
1608 848 1769 916 bone,
1797 862 1882 905 est
1920 848 2229 920 eligibilius,
2259 867 2425 924 quam
2451 853 2509 908 si

489 948 911 1006 connumeretur
958 940 1184 998 minimo
1235 939 1394 1006 bono,
1430 937 1515 993 vel
1547 954 1642 1010 per
1683 954 1743 994 se
1780 937 1957 1010 ipsum
1988 939 2309 1010 accipiatur,
2360 939 2511 998 unde

489 1030 758 1102 sapientia
782 1045 906 1092 cum
933 1029 1266 1101 porrectione
1290 1027 1624 1100 evangelica,
1658 1027 1860 1099 quaein
1887 1034 2209 1098 paupertate
2226 1029 2505 1096 consistit,

491 1134 616 1192 quaa
639 1125 722 1180 est
751 1119 818 1176 de
865 1118 1118 1176 maximis
1145 1118 1322 1186 bonis,
1369 1125 1453 1174 est
1482 1114 1772 1188 eligibilior
1812 1129 1977 1190 quam
2020 1115 2288 1190 sapientia
2319 1134 2415 1188 per
2441 1135 2509 1176 80

491 1215 738 1280 accepta,
770 1206 856 1264 vel
886 1206 1156 1279 sapientia
1180 1221 1306 1264 cum
1329 1205 1563 1264 divitiis.

563 1297 644 1353 Aa
672 1295 800 1354 illud
819 1283 963 1372 quod
990 1295 1152 1358 tertio
1183 1295 1457 1365 objicitur,
1484 1300 1703 1366 propter
1732 1290 1973 1364 inopiam
2008 1291 2165 1350 multi
2196 1294 2503 1366 per-ierunt,

493 1384 790 1443 dicendum
842 1384 986 1458 quod
1033 1383 1275 1457 loquitur
1305 1382 1372 1440 de
1417 1383 1599 1455 inopia
1627 1379 2013 1454 involuntaria,
2042 1397 2167 1455 quoe
2202 1381 2367 1440 habet
2402 1403 2511 1440 ne-

495 1475 756 1532 cessitate
783 1472 1115 1531 desiderium
1141 1470 1459 1530 divitiarum
1483 1485 1773 1538 annexum,
1798 1470 1941 1526 unde
1967 1465 2041 1528 ibi
2071 1472 2317 1544 sequitur
2352 1490 2365 1528 :
2396 1473 2508 1539 Qui

503 1565 704 1637 qaeoerit
749 1561 1083 1636 locupletari,
1109 1560 1307 1622 Glossa
1337 1577 1352 1618 ε
1389 1581 1416 1616 α
1449 1561 1504 1616 in
1545 1558 1768 1627 mundo,
1800 1577 1826 1612 »
1856 1559 2056 1620 avertit
2082 1560 2287 1618 oculum
2323 1578 2507 1630 saum,

498 1653 696 1710 Glossa
730 1669 742 1708 :
773 1671 798 1706 α
834 1651 1148 1708 interiorem
1177 1665 1208 1706 a
1231 1650 1429 1708 timore
1458 1649 1577 1705 Dei.
1604 1667 1631 1702 »

564 1740 649 1798 Ad
679 1739 810 1796 illud
841 1739 986 1812 quod
1011 1745 1208 1811 quarto
1233 1737 1511 1809 objicitur,
1544 1735 1853 1808 dicendum,
1882 1737 2028 1810 quod
2058 1737 2253 1796 Glossa
2277 1737 2371 1796 illa
2400 1741 2505 1796 de-

495 1833 748 1883 truncate
790 1827 1147 1897 proponitur,
1197 1832 1270 1880 et·
1299 1833 1494 1888 contra
1536 1825 1895 1883 intentionem
1942 1827 2297 1896 GlossatoriS,
2354 1831 2505 1902 quod

494 1922 669 1989 patet,
703 1913 834 1985 quia
860 1912 1237 1984 post'inducta
1260 1914 1428 1974 verba
1454 1912 1801 1985 subjungitur
1835 1915 1891 1971 in
1920 1915 2116 1974 Glossa
2146 1933 2160 1972 ε
2194 1937 2221 1970 α
2254 1918 2373 1975 Νο11
2401 1919 2507 1975 1100

496 2005 620 2064 ideo
649 2003 788 2062 dixit
811 2001 942 2075 quin
971 2001 1164 2061 melius
1189 2009 1335 2062 esset
1366 2003 1500 2060 dare
1524 2002 1726 2071 omnia,
1754 2003 1853 2060 sed
1888 2003 2119 2063 infirmis
2147 2009 2323 2074 timet,
2353 2009 2511 2080 quod-

493 2093 576 2152 810
601 2091 733 2147 dare
758 2094 960 2156 monet,
995 2095 1056 2144 ut
1085 2091 1387 2162 egestatem
1417 2105 1527 2145 non
1551 2091 1849 2162 patiantur.
1884 2099 1909 2144 i>

567 2178 650 2236 Ad
681 2178 936 2251 quintum
961 2177 1270 2247 dicendum,
1301 2179 1449 2252 quod
1488 2177 1593 2236 hoc
1620 2180 1766 2251 quod
1796 2179 2015 2247 dieitur,
2048 2181 2193 2253 quod
2224 2201 2249 2236 α
2283 2189 2509 2254 egestas

499 2269 802 2327 amicitiam
835 2266 1092 2335 declinat,
1128 2287 1154 2322 11
1187 2267 1601 2340 intelligendum
1630 2274 1714 2325 est
1750 2269 1819 2324 de
1853 2274 2097 2340 egestate
2130 2279 2349 2341 coacta,
2377 2290 2507 2345 quaa

497 2357 662 2416 habet
691 2357 1022 2416 desiderium
1055 2357 1373 2414 divitiarum
1414 2373 1703 2424 annexum,
1737 2357 1883 2428 quod
1918 2364 2068 2429 patet
2094 2375 2191 2431 per
2230 2359 2331 2416 1100
2356 2361 2504 2434 quod
2562 2356 2580 2372 ⁶

496 2447 650 2513 dicit,
679 2465 706 2500 a
741 2446 870 2504 dum
899 2447 1132 2505 saturari
1173 2448 1390 2520 quaerit.
1425 2467 1450 2498 n
1481 2447 1755 2506 Saturitas
1782 2446 1927 2502 enim
1968 2447 2179 2518 copiam
2205 2451 2505 2520 quamdam

499 2537 780 2608 importat,
827 2552 992 2611 quam
1034 2543 1284 2609 quaerunt
1314 2536 1407 2608 qui
1436 2551 1544 2592 non
1583 2542 1711 2592 811111
1737 2533 1967 2592 modicis
2006 2537 2269 2605 0011101111,
2300 2553 2507 2594 secun-

499 2625 630 2684 dum
654 2624 785 2680 illud
812 2625 835 2680 1
861 2624 929 2680 ad
958 2624 1200 2682 Timoth.
1229 2639 1306 2688 w,
1335 2628 1366 2680 8
1403 2640 1415 2678 :
1446 2622 1713 2680 Habentes
1740 2623 2015 2688 alimenta,
2050 2632 2102 2681 et
2136 2625 2325 2698 quibus
2354 2635 2506 2700 10911-

499 2729 644 2777 mur,
671 2712 755 2770 his
777 2712 1011 2770 contenti
1029 2713 1216 2777 simus,
1232 2712 1375 2767 unde
1402 2711 1683 2784 subjungit
1712 2713 1978 2770 rationem
2009 2713 2184 2772 :Nam
2208 2716 2302 2788 qui
2319 2719 2506 2774 volunt

501 2801 690 2856 divites
715 2801 843 2872 fieri
887 2800 1130 2858 incidunt
1160 2801 1220 2856 in
1261 2799 1608 2858 tentationem
1650 2809 1699 2858 et
1737 2802 1798 2858 in
1836 2803 2078 2874 laqueum
2106 2803 2323 2870 diaboli,
2374 2809 2507 2880 quia

501 2888 833 2946 desiderium
858 2889 1139 2962 praedictae
1175 2888 1348 2962 copiae
1375 2905 1406 2946 a
1444 2889 1663 2962 justitia
1699 2890 2013 2964 frequenter
2036 2892 2311 2949 declinare
2348 2894 2501 2953 facit.

571 2977 656 3034 Ad
679 2983 893 3034 sextum
920 2976 1231 3045 dicendum,
1259 2977 1403 3050 quod
1436 2977 1569 3036 illud
1607 2980 1751 3050 quod
1780 2979 2150 3052 dicitur·quod
2183 2984 2505 3054 temporalia

503 3080 608 3125 11011
635 3074 761 3124 sunt
795 3065 1016 3124 omnino
1043 3065 1368 3139 abjicienda,
1403 3066 1819 3139 intelligendum
1858 3075 1961 3134 est,
2005 3069 2138 3140 quin
2168 3070 2248 3125 eis
2284 3079 2507 3130 utamur

462 3152 467 3156 ’
504 3157 573 3211 ad
599 3153 1053 3212 sustentationem
1077 3155 1207 3213 vitae
1235 3155 1288 3212 in
1312 3155 1455 3225 cibo,
1483 3163 1539 3213 et
1570 3165 1719 3229 potu,
1753 3162 1809 3212 et
1833 3156 2055 3225 vestitu,
2082 3158 2229 3230 quod
2260 3166 2412 3231 patet
2438 3179 2505 3218 ex

503 3246 607 3302 hoc
635 3243 779 3319 quod
803 3242 1006 3300 dicitur
1037 3259 1050 3298 :
1077 3243 1338 3301 Habentes
1361 3245 1637 3311 alimenta,
1663 3252 1714 3302 et
1745 3243 1934 3316 quibus
1968 3251 2230 3318 teqamur,
2261 3247 2343 3302 his
2376 3265 2509 3306 con·-

440 3381 445 3388 .
504 3333 638 3394 tenti
675 3332 860 3396 simas,
886 3346 993 3388 non
1024 3335 1206 3386 tamen
1239 3331 1494 3404 intelligit
1524 3334 1654 3404 quin
1699 3333 1860 3390 homo
1886 3333 2059 3406 possit
2088 3333 2332 3392 omnium
2360 3345 2511 3394 tem-

505 3421 772 3498 poralium
802 3435 993 3478 euram
1017 3435 1048 3478 a
1077 3435 1138 3476 se
1162 3419 1421 3491 abjicere.

574 3509 658 3567 Ad
688 3508 818 3566 illud
844 3509 990 3583 quod
1019 3510 1253 3582 septimo
1282 3507 1539 3581 objicitur
1567 3507 1879 3576 dicendum,
1912 3508 2057 3581 quod
2089 3509 2143 3566 in
2165 3511 2329 3569 rebus
2361 3519 2513 3570 tem-

506 3598 783 3671 poralibus
821 3599 1076 3672 quaedam
1110 3603 1257 3665 sunt,
1291 3611 1416 3668 quae
1444 3604 1575 3652 sunt
1617 3596 1925 3654 necessaria
1956 3598 2025 3654 ad
2054 3603 2507 3662 sustentationem

505 3684 634 3739 vitae
650 3683 1090 3756 praesentialiter,
1106 3684 1248 3739 sicut
1269 3683 1439 3737 vestis
1456 3697 1562 3754 qua
1582 3682 1795 3750 induor,
1816 3684 2041 3740 etcibus
2066 3693 2119 3741 et
2138 3696 2295 3760 potus
2310 3691 2510 3762 quibus

507 3770 586 3828 uti
611 3771 784 3827 debeo
825 3773 894 3828 ad
923 3787 1185 3845 praesens.
1226 3771 1305 3828 De
1349 3770 1663 3841 hujusmodi
1701 3777 1884 3828 autem
1932 3773 1977 3828 si
2008 3779 2219 3831 tantum
2249 3787 2509 3852 suppetat

505 3855 637 3928 mihi
664 3857 812 3942 qaod
835 3864 894 3919 et
917 3859 1010 3921 alii
1033 3859 1288 3928 sufficiat,
1321 3857 1497 3922 debeo
1525 3858 1793 3934 indigenti
1814 3861 2123 3937 providere,
2155 3869 2210 3920 et
2239 3863 2378 3926 alias
2399 3868 2509 3938 11011
