2784 4392
507 358 643 413 x1v.
673 377 754 396 -
779 359 1021 416 eon-rna
1059 362 1278 415 mnne.
1321 361 1429 416 mu
1468 363 1647 418 cunr.
1689 364 1769 416 m·
1798 331 2017 417 'numm
2152 343 2273 416 159

255 495 366 540 non
388 487 618 556 possunt
643 482 712 542 de
739 479 931 569 labore
955 482 1174 562 proprio
1213 486 1423 546 victum
1462 487 1767 562 acquirere,
1791 485 1878 545 vel
1916 485 2135 546 aliunde
2162 487 2269 547 ha-

254 573 404 642 bere,
427 589 594 648 quam
616 573 754 631 tales
775 577 871 648 qui
897 576 1118 634 aliunde
1143 577 1344 636 habere
1364 585 1611 652 possunt.
1634 579 1777 651 Ergo
1802 579 2066 652 quamdiu
2096 579 2270 652 magis

255 661 565 734 indigentes
593 663 967 734 inveniuntur,
1001 663 1204 724 talibus
1227 683 1334 724 non
1359 675 1488 725 sunt
1514 667 1732 726 dandae.

325 750 484 806 Item..
537 751 682 808 Dare
725 752 1132 829 eleemosynam
1173 761 1259 811 est
1311 762 1467 812 actus
1514 753 1925 814 misericordiae.
1961 751 2103 829 Ergo
2161 751 2269 811 illis

255 837 434 896 solum
455 847 585 898 sunt
609 839 972 916 eleemosynae
995 843 1212 913 dandae,
1243 843 1336 917 qui
1375 849 1503 901 sunt
1544 823 1905 901 miserabiles·
1936 843 2043 902 Sed
2068 843 2147 900 illi
2172 844 2268 918 qui

150 953 158 958 ’
255 925 564 987 voluntarie
594 931 935 989 mendicitati
966 947 1026 990 se
1053 939 1349 1008 exponunt,
1381 949 1491 991 non
1530 940 1659 990 sunt
1691 930 2023 1008 hujusmodi,
2056 932 2153 990 sed
2190 929 2270 988 illi

255 1017 552 1092 solum-qui
593 1021 650 1076 in
679 1026 886 1078 statum
929 1022 1302 1081 mendicitatis
1343 1023 1709 1081 involuntarie
1750 1022 2017 1091 incidunt,
2049 1023 2180 1096 quia
2210 1027 2273 1076 ut

257 1107 393 1164 dicit
427 1106 786 1182 Philosophus
818 1109 873 1166 in
914 1111 988 1167 111
1023 1107 1208 1170 Ethic.
1243 1129 1256 1168 t
1289 1133 1315 1166 α
1348 1110 1803 1182 lnvoluntarium,
1834 1110 2271 1170 misericordiam

257 1203 498 1254 meretur
533 1205 590 1254 et
635 1199 1056 1270 ignoscentiam.
1091 1220 1118 1256 >2
1157 1201 1301 1274 Ergo
1331 1201 1611 1276 praedictis
1656 1199 1991 1276 pauperibus
2029 1200 2273 1258 eleemo-

256 1302 410 1360 synae
437 1303 546 1344 non
576 1296 703 1345 sunt
726 1287 943 1347 dandae.
2026 1330 2033 1338 ·

321 1377 486 1434 Item.
507 1378 850 1449 Augustinus
883 1377 1040 1457 dicit·
1061 1379 1116 1436 in
1145 1375 1272 1438 IDe
1299 1379 1473 1438 doctr.
1500 1377 1691 1440 christ.
1719 1394 1742 1440 ε
1774 1401 1801 1435 α
1834 1377 1971 1438 Cum
1994 1367 2272 1438 'omnibus

254 1463 515 1538 prodesse
542 1481 652 1525 non
676 1472 874 1542 possis,
900 1468 988 1526 his
1013 1471 1300 1542 potissime
1342 1470 1735 1529 consulendum
1770 1478 1874 1539 est,
1906 1469 2003 1544 qui
2044 1484 2143 1543 pro
2185 1469 2271 1526 lo·-

253 1569 445 1612 corum
495 1561 552 1614 et
611 1563 938 1630 temporum,
985 1557 1072 1616 vel
1119 1559 1491 1631 quarumlibet
1535 1575 1719 1616 rerum
1771 1557 2271 1632 opportunitatibus

254 1644 610 1703 constrictius
663 1645 762 1701 tibi
813 1649 973 1719 quasi
1028 1647 1268 1718 quadam
1310 1655 1463 1705 sorte
1506 1649 1834 1720 junguntur.
1873 1647 1981 1704 Sed
2030 1645 2273 1703 maxime

253 1735 543 1792 constricti
571 1734 828 1792 videntur
856 1735 1248 1806 consanguinei
1274 1742 1332 1792 et
1359 1736 1545 1801 vicini,
1580 1740 1635 1792 et
1662 1734 1754 1792 alii
1781 1734 2101 1791 familiares.
2126 1735 2271 1806 Ergo

251 1822 384 1882 aliis
414 1824 694 1880 extraneis
723 1823 1086 1898 eleemosynae
1119 1841 1228 1882 non
1251 1832 1378 1882 sunt
1408 1824 1623 1892 dandae,
1653 1825 1916 1904 quamdiu
1940 1824 2079 1882 tales
2119 1823 2271 1880 indi-

252 1919 448 1984 gentes
473 1912 843 1982 inveniuntur‚
879 1909 1080 1986 quihus
1107 1913 1318 1986 possint
1346 1913 1488 1970 dari.
1523 1931 1550 1966 2>
1576 1909 1673 1970 His
1694 1914 1863 1985 igitur
1886 1911 2039 1982 visiS,
2062 1927 2130 1969 ne
2158 1911 2269 1972 ista

253 2001 456 2074 positio
497 2001 714 2058 novella
740 2001 1028 2069 videatur,
1075 2017 1316 2059 errorem
1360 2002 1686 2076 praedictum
1725 2002 2075 2075 ostendemus
2125 2010 2271 2059 tem-

255 2106 391 2162 pore
413 2089 712 2163 primitivae
729 2091 990 2150 Ecclesia
1011 2092 1300 2164 incepisse.
1316 2091 1529 2148 Dicitur
1552 2092 1772 2150 enimin
1793 2090 2175 2148 lllcanJoan.
2194 2096 2227 2148 9
2251 2107 2265 2148 ε

257 2198 286 2233 α
317 2179 372 2236 Is
415 2181 509 2252 qui
547 2186 700 2237 amat
740 2181 1036 2259 primatum
1079 2197 1270 2256 gerere
1308 2183 1364 2238 in
1405 2182 1507 2250 eis,
1544 2181 1905 2255 DyotrepheS,
1929 2197 2046 2238 non
2072 2179 2269 2252 recipit

253 2281 373 2326 nos.
407 2287 438 2321 n
467 2269 536 2324 Et
565 2268 706 2326 infra
738 2285 752 2324 t
781 2288 810 2324 α
839 2270 910 2325 Et
934 2269 1092 2343 quasi
1116 2269 1168 2326 ei
1197 2271 1306 2328 ista
1329 2285 1437 2326 non
1466 2269 1761 2339 sufficiant,
1795 2285 1975 2344 neque
1998 2269 2113 2343 ipse
2140 2285 2269 2326 sus·-

253 2357 391 2430 cipit
415 2357 634 2427 fratres,
663 2377 689 2410 >2
714 2357 948 2415 Glossa:
981 2377 1008 2411 α
1038 2358 1367 2430 indigentes.
1402 2377 1428 2410 »
1463 2378 1489 2412 α
1522 2357 1629 2416 Eos
1664 2357 1761 2431 qui
1784 2359 2090 2431 suscipiunt
2132 2374 2266 2434 pro-

250 2447 424 2504 hibet.
461 2465 489 2500 i>
528 2447 728 2504 Glossa
773 2465 786 2503 ε
821 2467 850 2502 «
879 2447 964 2504 Ne
1005 2447 1328 2520 impendant
1369 2463 1561 2504 curam
1607 2445 1985 2516 humanitatis,
2018 2467 2046 2501 >2
2090 2454 2145 2504 et
2196 2448 2268 2503 de

257 2555 286 2590 α
315 2535 563 2594 Ecclesia
597 2537 782 2610 ejecit,
817 2557 846 2590 a
883 2537 1078 2594 Glossa
1122 2552 1136 2592 :
1181 2556 1208 2590 α
1252 2535 1322 2592 de
1363 2537 1485 2593 loco
1529 2535 1621 2592 ubi
1664 2537 2101 2604 conveniunt„et
2156 2537 2266 2594 alia

255 2621 452 2681 Gla-ssa
491 2623 628 2680 dicit
677 2623 924 2681 ibidem:
955 2645 980 2677 α
1023 2623 1377 2682 perseverare
1428 2623 1595 2680 debes
1642 2624 1698 2679 in
1746 2623 2111 2697 eleemosyna,
2136 2624 2267 2696 quia

255 2711 550 2768 utilitatem
583 2718 794 2769 tantum
814 2711 870 2768 in
897 2729 962 2770 ea
986 2712 1250 2785 intelligo,
1283 2711 1431 2787 quod
1470 2727 1579 2788 non
1598 2711 1781 2770 solum
1812 2713 1931 2780 tibi,
1958 2713 2055 2769 sed
2102 2711 2267 2769 etiam

255 2802 358 2858 toti
411 2801 674 2859 Ecclesiae
719 2803 1080 2874 scripsissem,
1123 2803 1193 2859 de
1229 2803 1705 2880 commendatione
1742 2803 2127 2876 eleemosynae,
2154 2801 2264 2868 *sed
2324 2795 2335 2805 '

252 2891 394 2948 hanc
413 2893 744 2949 necessitate
761 2892 966 2960 dimisi,
983 2893 1114 2966 quia
1137 2892 1480 2967 Dyotrephes
1500 2907 1606 2948 non
1624 2897 1782 2948 curat
1803 2897 2043 2948 nostram
2065 2897 2267 2948 aucto-

252 2980 498 3038 ritatem.
527 3000 556 3033 »
574 2978 918 3054 Dyotrephes
945 2979 1310 3038 haeresiarcha
1337 2981 1485 3038 illius
1516 2981 1795 3054 temporiS‚
1822 2995 1963 3038 nova
1990 2979 2259 3048 docend0‚

252 3069 554 3142 primatum
583 3069 689 3126 sibi
717 3077 974 3142 usurpat3
1004 3069 1344 3142 haectautem
1367 3067 1486 3142 ejus
1534 3076 1655 3126 erat
1694 3068 1951 3126 haeretica
1990 3069 2261 3137 doctrina.

253 3159 400 3232 quod
447 3159 772 3232 prohibebat
818 3175 888 3216 no
939 3159 1344 3232 impenderetur
1400 3175 1533 3216 cura
1578 3157 1955 3225 humanitatis,
2004 3157 2263 3214 fratribus

252 3248 574 3320 peregrinis,
601 3246 796 3305 alienis
823 3265 856 3306 a
879 3247 1044 3305 rebus
1067 3246 1320 3322 propriis,
1348 3256 1411 3305 ut
1438 3264 1535 3322 per
1564 3255 1774 3305 textum
1795 3253 1855 3304 et
1879 3246 2131 3302 Glossam
2153 3243 2264 3300 ibi-

254 3337 378 3392 dem
411 3344 586 3409 patet.
619 3337 719 3393 Hic
761 3339 926 3394 etiam
965 3353 1116 3394 error
1161 3338 1218 3393 in
1254 3337 1551 3409 vigilantio
1593 3326 1851 3402 surrexit,'
1904 3341 1963 3389 ut
2011 3338 2163 3407 patet
2206 3332 2264 3389 in

251 3427 484 3498 epistola
523 3427 838 3501 Hieronymi
873 3428 946 3484 ad
993 3429 1278 3500 Riparium
1317 3433 1376 3482 et
1414 3427 1758 3484 Desiderium
1786 3432 1979 3482 contra
2016 3421 2284 3502 vigilan--

255 3516 410 3584 tium,
437 3515 530 3574 ubi
547 3518 628 3572 sio
653 3517 858 3572 dicitur
885 3535 898 3572 z
930 3535 956 3570 σι
985 3519 1276 3581 Praeterea,
1304 3514 1511 3572 eisdem
1543 3515 1609 3571 ad
1633 3531 1721 3570 me
1744 3514 1977 3570 relatum
2004 3520 2087 3569 est
2111 3513 2263 3584 epis·

253 3605 400 3675 tolie,
423 3605 570 3676 quod
593 3615 786 3664 eontra
817 3607 1204 3664 auctoritatem
1233 3604 1481 3676 Apostoli
1505 3603 1683 3670 Pauli,
1712 3603 1821 3658 imo
1848 3601 2013 3668 Petri,
2040 3600 2263 3659 Ioannis

250 3701 310 3748 et
327 3694 538 3761 Jacobi,
567 3695 659 3767 qui
687 3695 908 3752 dextras
928 3693 1198 3752 dederunt
1222 3693 1391 3750 Paulo
1418 3699 1477 3750 et
1508 3691 1772 3748 Barnabae
1800 3690 2260 3747 communicatio*-

251 3780 356 3848 nis‚
399 3791 456 3838 et
499 3792 876 3856 praeceperunt
921 3783 1004 3839 eis
1041 3790 1100 3838 ut
1138 3797 1439 3855 pauperum
1480 3795 1751 3838 memores
1780 3785 1942 3847 esset,
1978 3787 2038 3836 tu
2068 3778 2260 3853 probi·-

244 3872 384 3928 beas
424 3873 860 3947 Hierosolymam
896 3873 954 3930 in
984 3885 1114 3932 usus
1139 3879 1458 3932 sanctorum
1483 3871 1673 3946 aliqua
1710 3869 2259 3945 sumptuumsolatia

253 3959 440 4034 dirigi.
474 3981 500 4016 i>

8 168 20 179 ,
2158 157 2161 164 .
