2784 4392
486 297 569 358 72
966 314 1016 358 s.
1062 312 1293 358 'rnotffl
1333 311 1660 366 Aommrts
1710 309 2019 356 croscum

488 434 934 502 provocarentur.
974 429 1129 486 Unde
1171 427 1369 486 Paulus
1399 428 1420 482 1
1458 427 1580 482 Cor.
1614 440 1714 490 vu,
1747 424 1800 494 7,
1833 420 2122 479 consilium
2167 421 2236 479 de
2260 422 2512 494 virgini-

491 525 604 574 tate
648 534 971 591 proponenS,
999 518 1138 574 dixit
1168 533 1180 571 ε
1218 515 1343 574 Volo
1380 531 1557 570 omnes
1597 512 1828 569 homines
1874 527 1978 568 csse
2013 510 2156 568 sicut
2199 510 2459 583 meipsum
2485 527 2506 568 .·

488 608 583 662 sed
626 606 932 664 observatio
963 606 1125 678 hujus
1168 605 1312 678 quod
1345 603 1536 660 dicunt
1577 602 1861 668 consilum,
1891 600 2120 668 scilicet,
2157 599 2435 656 abstinere
2468 617 2504 659 a

489 695 751 762 docend0,
786 697 853 752 ad
880 694 1166 768 Apostolos
1206 710 1313 751 non
1356 691 1683 766 pertinebat,
1711 706 1836 746 cum
1866 689 1967 763 ipsi
2012 689 2079 745 ad
2111 689 2418 745 docendum
2445 692 2502 746 in

490 785 803 841 universum
828 784 1015 840 orbem
1044 784 1393 839 mitterentur
1429 799 1441 836 :
1469 795 1576 836 non
1599 795 1728 852 ergo
1763 779 2034 835 abstinere
2061 794 2091 833 a
2120 776 2366 834 docendo
2396 779 2506 836 sub

489 873 717 929 consilio
746 872 914 930 cadit.
941 874 1053 930 Nec
1097 877 1277 944 potest
1314 871 1422 926 dici
1467 869 1610 943 quod
1649 868 1749 924 sub
1777 867 2002 924 consilio
2036 866 2199 922 cadat
2224 867 2504 925 abstinere

491 962 560 1016 ab
590 961 691 1026 his,
720 976 845 1033 quae
869 960 937 1016 ad
971 951 1371 1016 solemnitatem
1403 958 1630 1014 docendi
1657 957 1931 1030 pertinent
1961 973 1974 1009 :
2011 957 2138 1028 quia
2169 971 2236 1012 ea
2273 971 2398 1028 quae
2429 957 2500 1012 ad

491 1050 894 1105 solemnitatem
930 1049 1160 1105 docendi
1190 1049 1482 1122 pertinent,
1511 1061 1619 1101 non
1659 1045 1792 1101 liunt
1829 1059 1997 1101 causa
2023 1043 2321 1110 relationis»,
2357 1043 2496 1102 alias

492 1138 634 1191 enim
660 1145 842 1192 essent
869 1136 937 1192 ab
961 1136 1211 1192 omnibus
1239 1136 1482 1201 vitanda,
1513 1135 1640 1206 quia
1671 1132 1900 1206 quilibet
1946 1138 2161 1188 tenetur
2204 1131 2498 1189 elationem

491 1226 683 1291 vitare,
713 1225 809 1281 sed
836 1231 962 1280 sunt
995 1224 1244 1280 ordinata
1274 1224 1342 1279 ad
1369 1225 1750 1279 auctoritatem
1781 1221 1940 1276 officii
1973 1220 2363 1276 ostendendam
2397 1239 2410 1275 ε
2441 1230 2499 1276 et

492 1313 617 1367 ideo
647 1312 791 1368 sicut
828 1311 1148 1384 perfectioni
1188 1311 1600 1387 nihil-deperit,
1631 1311 1675 1364 si
1712 1309 1969 1365 sacerdos
2011 1324 2175 1381 supra
2205 1309 2497 1365 diaconum

489 1401 695 1466 sedeat,
724 1405 779 1456 et
820 1401 1011 1456 sericis
1050 1406 1271 1456 ornetur
1300 1398 1561 1467 vestibus,
1588 1398 1666 1454 ita
1693 1413 1801 1453 non
1847 1397 2029 1453 obstat
2075 1396 2416 1469 perfectioni,
2451 1399 2496 1453 si

490 1491 614 1560 quis
640 1487 1045 1561 magistralibus
1072 1488 1319 1559 insigniis
1346 1495 1555 1553 utatur,
1573 1495 1628 1542 et
1650 1485 1756 1541 hoc
1779 1493 1883 1552 est,
1913 1484 2219 1558 quod'dicit
2243 1487 2496 1557 quaedam

491 1579 684 1635 Glossa
724 1594 887 1652 super
933 1577 1065 1634 illud
1120 1577 1314 1634 Manli.
1358 1592 1535 1644 xxm,
1568 1580 1601 1631 6
1634 1593 1648 1629 ι
1681 1577 1883 1632 Amant
1937 1572 2138 1642 primos
2179 1573 2446 1631 recubitus
2478 1593 2494 1631 z

491 1688 517 1720 α
543 1668 849 1739 Magistros,
883 1666 1082 1740 inquit,
1116 1667 1317 1740 primos
1347 1667 1539 1723 sedere
1567 1679 1674 1720 non
1703 1671 1876 1731 vetat,
1903 1661 1998 1719 sed
2036 1677 2131 1718 eos
2159 1663 2360 1732 arguit,
2396 1666 2493 1736 qui

490 1756 607 1812 haec
634 1755 839 1822 habita,
871 1755 956 1811 vel
990 1771 1097 1811 non
1127 1755 1339 1811 habitat
1364 1760 1649 1827 appetunt.
1683 1773 1707 1805 n
1735 1752 1928 1808 Adhuc
1969 1758 2154 1807 autern
2195 1758 2277 1806 est
2323 1755 2498 1825 magis

490 1843 777 1898 ridiculum
797 1842 995 1909 dicere,
1027 1843 1172 1914 quod
1203 1844 1325 1898 etsi
1364 1843 1639 1898 abstinere
1665 1857 1698 1898 a
1727 1840 1969 1897 docendo
1998 1839 2102 1896 sub
2123 1841 2350 1896 consilio
2375 1847 2496 1898 'non

490 1931 671 1998 cadat,
706 1930 981 1987 abstinere
1012 1937 1192 1986 tamen
1230 1945 1262 1985 a
1306 1929 1606 1999 magisterii
1651 1929 1866 1983 nomine
1903 1928 2005 1985 sub
2049 1929 2276 1985 consilio
2323 1931 2492 1987 cadit.

490 2020 607 2076 Non
638 2019 781 2074 enim
811 2024 991 2091 potest
1018 2033 1137 2074 esse
1164 2025 1520 2091 praeceptum,
1554 2015 1640 2072 vel
1671 2017 1958 2072 consilium
1993 2017 2062 2073 de
2108 2033 2174 2072 eo
2202 2018 2348 2090 quod
2384 2035 2496 2075 non

490 2116 575 2163 est
626 2108 678 2161 in
721 2107 895 2174 nobis,
935 2106 1033 2161 sed
1070 2106 1123 2161 in
1164 2105 1378 2162 ali0.1n
1427 2105 1582 2174 nobis
1619 2105 1841 2179 quidem
1888 2114 1972 2162 est
2019 2106 2233 2173 docere,
2264 2106 2348 2163 vel
2387 2124 2495 2177 non

492 2196 706 2261 docere,
730 2195 798 2250 de
824 2209 935 2268 quo
963 2209 1122 2250 nesse
1150 2194 1438 2250 consilium
1460 2195 1759 2267 >probatum
1783 2203 1884 2251 est.
1913 2194 2017 2252 Sed
2047 2194 2302 2254 doctores
2327 2205 2496 2269 atque

493 2284 782 2354 magistros
810 2285 1014 2350 vocari,
1046 2298 1155 2339 non
1179 2292 1261 2340 est
1300 2285 1353 2338 in
1388 2284 1562 2349 nobis,
1591 2284 1686 2339 sed
1716 2285 1770 2338 in
1801 2285 1880 2339 eis
1918 2284 2011 2357 qui
2054 2284 2136 2340 sic
2177 2300 2274 2340 nos
2312 2287 2494 2341 nomi-

492 2378 643 2426 nant.
672 2373 789 2429 Non
816 2377 1164 2446 ergopotest
1191 2373 1294 2428 sub
1318 2373 1543 2429 consilio
1573 2373 1787 2438 cadere,
1823 2381 1882 2431 ut
1925 2388 2032 2429 non
2074 2387 2332 2430 vocemur
2371 2389 2496 2430 ma-

492 2461 669 2532 gistri.

560 2549 717 2618 Item,
744 2565 871 2606 cum
898 2549 1117 2606 nomina
1146 2549 1256 2604 sint
1292 2548 1548 2620 imposita
1578 2548 1645 2602 ad
1680 2547 2098 2620 significandum
2145 2563 2251 2614 res,
2285 2548 2497 2604 ridicu-

491 2635 603 2690 lum
632 2643 716 2692 est
744 2637 947 2705 dicere,
966 2637 1113 2708 quod
1141 2651 1337 2692 nomen
1364 2636 1437 2690 sit
1461 2634 1810 2706 prohibitum,
1830 2649 1956 2690 cum
1979 2648 2068 2688 res
2086 2649 2190 2688 non
2220 2635 2293 2689 sit
2317 2635 2498 2692 inter-

490 2723 658 2779 dicta.
690 2724 846 2790 Item,
878 2723 1227 2780 consiliorum
1256 2721 1567 2777 observatio
1593 2722 1832 2778 maxime
1877 2721 1946 2778 ad
1989 2719 2276 2792 Apostolos
2317 2725 2499 2792 perti-

491 2812 630 2877 nuit,
662 2811 862 2884 quibus
890 2810 1253 2866 mediantibus
1282 2811 1349 2866 ad
1381 2810 1518 2866 alios
1544 2810 1810 2882 pervenit.
1843 2809 2086 2880 Magistri
2126 2825 2256 2881 ergo
2297 2826 2496 2872 nomen

491 2898 639 2955 nullo
654 2899 881 2954 consilio
897 2906 981 2954 est
1003 2898 1373 2964 interdictum,
1394 2914 1520 2954 cum
1545 2899 1647 2971 ipsi
1670 2899 1913 2972 Apostoli
1941 2915 1997 2954 se
2013 2900 2159 2971 ipsos
2180 2898 2492 2971 magistrOS,

491 2996 547 3044 et
575 2987 829 3043 doctores
856 2986 1271 3043 nominaverunt
1300 2987 1322 3042 1
1347 2986 1490 3042 Tim.
1515 3002 1577 3054 n,
1605 2989 1640 3042 7
1668 3004 1683 3042 t
1726 2987 2014 3045 Veritatem
2041 2987 2178 3054 dico,
2209 3004 2316 3043 uon
2340 3005 2497 3046 men-

492 3077 621 3142 tior,
651 3074 837 3130 doctor
860 3075 1099 3148 yentium
1126 3074 1186 3129 in
1207 3075 1311 3146 fide
1330 3082 1391 3148 ‚et
1413 3075 1640 3132 veritate
1653 3092 1674 3143 ,·
1697 3077 1744 3132 11
1773 3077 1911 3133 Tim.
1929 3092 1967 3142 1,
1985 3077 2042 3130 Μ
2080 3094 2093 3130 z
2126 3078 2196 3132 1η
2223 3092 2324 3148 quo
2341 3078 2495 3148 posi-

492 3171 577 3221 tus
598 3180 716 3220 sum
739 3181 827 3237 eqo
849 3163 1197 3237 proedicator,
1219 3171 1269 3221 et
1296 3163 1597 3236 Apostolus,
1624 3171 1675 3221 et
1701 3165 1955 3236 maqister
1981 3164 2240 3238 yentium..

560 3253 755 3309 Restat
802 3269 932 3325 ergo
979 3252 1288 3318 dicendum,
1322 3252 1469 3326 quod
1524 3253 1787 3308 Dominus
1841 3252 1978 3309 dixit
2031 3269 2042 3305 :
2079 3252 2261 3313 Nolite
2311 3255 2494 3310 vocari

490 3341 679 3408 Rabbi,
704 3357 811 3398 non
826 3340 1217 3407 sitconsilium,
1244 3341 1339 3397 sed
1368 3348 1725 3413 praeceptum,
1741 3341 1810 3396 ad
1830 3340 1977 3414 quod
1999 3355 2186 3396 omnes
2217 3349 2487 3410 tenentur,

489 3448 591 3489 nec
632 3430 987 3505 prohibentur
1020 3435 1177 3486 actus
1206 3429 1435 3485 docendi
1467 3435 1521 3484 et
1553 3429 1851 3500 magisterii
1890 3445 2103 3496 nomen,
2139 3430 2232 3484 sed
2265 3429 2492 3487 ambitio

491 3521 792 3593 magisterii
834 3537 847 3575 t
888 3519 1029 3576 unde
1075 3535 1199 3575 curn
1242 3517 1522 3589 subjungit
1555 3536 1568 3574 :
1601 3518 1712 3579 Nec
1752 3516 2036 3590 maqistrt‘3
2064 3517 2258 3574 Glossa
2292 3534 2305 3572 ε
2339 3539 2364 3571 α
2395 3535 2494 3576 nec

492 3611 765 3683 appetatis
792 3609 997 3676 vocari,
1034 3624 1188 3664 »nec
1216 3606 1516 3681 quemlibet
1544 3608 1847 3680 appetitum
1886 3607 2184 3673 interdicit,
2212 3607 2308 3662 sed
2343 3607 2497 3663 inor-

492 3699 759 3763 dinatum,
788 3705 849 3752 ut
885 3714 951 3754 ex
993 3696 1189 3755 Glossa
1238 3699 1386 3769 prius
1430 3697 1650 3752 inducta
1693 3701 1939 3768 apparet,
1973 3702 2028 3751 et
2068 3712 2132 3750 ex
2181 3694 2284 3750 hoc
2326 3697 2496 3753 etiarn

492 3785 637 3854 quod
676 3785 744 3840 de
788 3787 1093 3841 inordinato
1136 3787 1380 3858 appetitu
1433 3785 1830 3841 Pharisaeorum
1865 3783 2225 3857 praemiserat,
2257 3784 2448 3841 (licens
2479 3807 2494 3841 z

494 3873 695 3930 Amant
710 3871 917 3945 primos
944 3873 1231 3937 recubitus,
1253 3881 1359 3929 etc.
1389 3874 1574 3929 Potest
1601 3881 1785 3929 tamen
1814 3871 1972 3932 aliter
2016 3870 2267 3944 intelligi,
2294 3877 2499 3931 secun-
