2784 4392
653 276 785 323 x1v.
813 294 893 307 —
919 278 1159 323 comm
1200 280 1421 325 memo.
1470 281 1572 325 nm
1615 282 1788 327 cum.
1831 282 1909 329 m·
1948 284 2164 331 Reme.
2329 268 2407 329 77

396 392 648 466 sequitur
677 392 735 449 in
765 393 1026 465 praedicto
1059 395 1320 468 capitum.
1352 398 1375 449 oi.
1408 396 1479 453 Ut
1509 398 1626 468 ipse
1655 398 2052 455 districtionem
2087 400 2404 455 monasterii
2464 439 2470 444 -

395 486 583 539 teneat
615 483 710 556 qui
735 484 982 556 quotidie
1010 484 1065 539 in
1089 484 1392 540 ministerio
1409 485 1779 541 ecclesiastico
1809 488 2022 559 cogitur
2050 488 2347 545 deservire.
2377 507 2402 541 n

395 570 667 651 A·quibus
695 571 1058 628 observantiis
1100 572 1441 644 regularibus
1479 589 1582 629 non
1612 581 1697 629 est
1725 576 2127 643 inconveniens,
2161 580 2205 632 si
2236 578 2403 650 aliqui

398 660 728 727 abstineant,
763 668 823 716 ut
851 659 1079 716 utilitati
1108 662 1384 715 communi
1432 668 1628 717 vacent
1666 664 1931 731 docende,
1965 665 2109 721 sicut
2151 673 2300 738 patet
2350 668 2402 720 in

397 746 504 802 illis
523 747 617 819 qui
647 748 716 803 ad
747 746 1082 819 praelationis
1113 747 1353 803 officium
1382 756 1752 817 assumuntur,
1786 755 1910 806 cum
1937 752 2102 807 etiam
2132 754 2187 807 in
2218 754 2406 809 claus-

387 838 496 891 'tris
539 844 822 891 manentes
877 836 932 891 in
984 835 1184 891 talibus
1239 838 1566 911 quandoque
1617 838 2076 910 dispensationem
2128 842 2401 913 accipiant

395 932 623 997 propter
670 925 912 997 aliquam
955 940 1198 981 causam.
1244 926 1311 980 Et
1355 934 1619 997 praeterea
1662 928 1827 1000 aliqui
1862 928 2100 999 religiosi
2144 937 2269 984 sunt
2311 930 2404 1001 qui

396 1012 449 1066 in
494 1011 750 1068 claustris
794 1013 909 1067 Suis
946 1022 1250 1078 manenteS,
1286 1014 1685 1069 districtionem
1726 1014 1812 1069 sui
1850 1016 2057 1071 ordinis
2102 1027 2399 1081 servanteS‚

394 1100 719 1156 scholastico
783 1100 1042 1156 insistunt
1092 1100 1288 1168 officio,
1339 1102 1486 1175 quod
1537 1119 1605 1159 ex
1656 1103 1998 1160 institutione
2057 1104 2140 1159 sui
2198 1104 2402 1161 ordinis

395 1190 617 1246 habent.
991 1184 998 1188 ”

463 1279 547 1335 Ad
575 1278 706 1334 illud
751 1278 896 1351 quod
944 1282 1174 1351 septimo
1204 1279 1488 1351 objiciunt,
1535 1280 1844 1348 dicendum,
1878 1283 2023 1355 quod
2064 1282 2153 1338 ille
2194 1299 2254 1338 se
2298 1300 2399 1338 su-

392 1368 735 1442 perextendit
763 1383 928 1445 supra
959 1382 1268 1425 mensuram
1297 1384 1473 1435 suam,
1510 1376 1568 1423 ut
1591 1377 1744 1441 patet
1773 1386 1869 1441 per
1892 1370 2144 1427 Glossam
2170 1372 2393 1435 ibidem,

394 1458 488 1530 qui
510 1460 575 1513 se‘
593 1456 837 1511 extendit
860 1456 1022 1523 ultra,
1051 1474 1214 1530 quam
1241 1460 1290 1512 ei
1320 1458 1671 1513 concedatur.
1706 1458 1841 1513 Illud
1868 1466 2052 1515 autem
2078 1461 2397 1531 intelligitur

393 1562 730 1604 concessum.
763 1545 911 1619 quod
956 1546 1100 1601 nulla
1131 1547 1248 1617 lege
1293 1546 1626 1617 prohibitum
1670 1548 1965 1602 invenitur.
1998 1547 2152 1603 Unde
2176 1550 2220 1603 si
2267 1551 2401 1603 reli-
2449 1582 2453 1585 -

393 1636 580 1705 giosus
609 1634 814 1707 aliquid
857 1633 1041 1697 saciat,
1075 1633 1218 1706 quod
1253 1648 1359 1687 non
1383 1632 1456 1687 sit
1485 1632 1585 1687 sibi
1624 1648 1719 1703 per
1749 1633 1991 1703 regulam
2024 1650 2179 1689 suam
2206 1636 2397 1707 prohi-

394 1722 588 1787 bitum,
631 1736 735 1775 non
782 1722 1191 1793 superextendit
1238 1736 1296 1775 se
1343 1736 1507 1793 supra
1552 1737 1884 1788 mensuram,
1918 1725 2170 1795 quamvis
2194 1724 2261 1778 de
2306 1724 2395 1779 illo

394 1810 720 1865 faciendoin
763 1809 946 1881 regula
979 1810 1124 1865 nulla
1161 1810 1374 1865 <mentio
1418 1810 1533 1873 fiat,
1565 1809 1700 1865 alias
1744 1826 1849 1865 non
1894 1810 2085 1867 liceret
2130 1810 2398 1883 religiosis

394 1898 683 1971 aliquibus,
709 1900 802 1971 qui
829 1898 1031 1954 habent
1071 1898 1286 1969 regulas
1323 1898 1568 1965 latiores,
1599 1914 1876 1955 assumere
1906 1900 2008 1955 sibi
2053 1900 2395 1971 perfectioris

391 1989 520 2043 vitae
561 1988 982 2043 consuetudines
1021 1994 1078 2042 et
1123 1993 1351 2053 statuta,
1386 1988 1532 2059 quod
1584 1996 1669 2043 est
1716 1996 1905 2044 contra
1957 1989 2275 2059 Apostolum
2324 1990 2391 2045 ad

391 2076 623 2150 Philipp·
666 2092 756 2140 111,
808 2076 902 2148 qui
939 2090 1004 2130 ea
1043 2075 1137 2147 qui
1173 2082 1324 2131 retro
1369 2083 1497 2132 sunt
1536 2076 1857 2141 obliviscens,
1904 2076 1974 2131 ad
2008 2094 2069 2132 ea
2108 2094 2224 2149 quse
2268 2085 2395 2135 sunt

387 2165 600 2237 priora,
625 2182 678 2221 se
701 2163 1030 2220 extendebat.
1055 2164 1124 2219 Et
1152 2173 1420 2236 praeterea
1446 2164 1613 2237 aliqui
1642 2164 1879 2235 religiosi
1905 2170 2033 2221 sunt
2058 2168 2151 2236 qui
2181 2166 2393 2221 doctri·-

393 2269 515 2309 nam
541 2270 608 2309 ex
652 2253 1000 2309 institutione
1027 2252 1111 2307 sui
1149 2252 1360 2307 ordinis
1389 2252 1609 2319 habent,
1637 2259 1693 2307 et
1722 2262 1873 2325 patet
1911 2253 2057 2325 quod
2082 2263 2273 2310 contra
2298 2270 2393 2310 eos

389 2342 537 2397 dicta
563 2342 799 2413 objectio
829 2357 936 2397 non
961 2340 1228 2413 procedit.

459 2432 614 2501 Quod
641 2438 826 2487 autem
854 2430 1176 2501 adjungunt,
1203 2429 1348 2501 quod
1391 2429 1450 2484 in
1490 2444 1598 2484 uno
1627 2428 2005 2500 religiosorum
2028 2431 2256 2503 collegio
2284 2432 2393 2487 duo

389 2519 640 2575 doctores
669 2535 787 2575 esse
811 2534 916 2573 non
948 2517 1202 2585 debeant,
1238 2516 1525 2572 manifeste
1550 2526 1736 2587 patere
1762 2524 1939 2588 potest
1970 2518 2214 2588 iniquum
2249 2535 2391 2573 esse.

389 2610 524 2663 Cum
549 2609 693 2663 enim
735 2606 1112 2678 religiosi-non
1140 2607 1252 2662 sint
1281 2607 1463 2661 minus
1499 2601 1749 2668 humiles,
1783 2621 1945 2677 quam
1986 2606 2297 2673 saeculareS,
2332 2617 2394 2664 ut

388 2712 552 2769 supra
597 2696 886 2769 probatum
934 2702 1038 2761 est,
1085 2710 1191 2751 non
1239 2694 1402 2750 debet
1440 2695 1495 2750 in
1537 2694 1781 2749 docendo
1824 2694 2063 2765 religiosi
2091 2696 2243 2767 pejor
2267 2709 2389 2751 esse

389 2786 651 2851 conditiO,
702 2800 870 2858 quam
917 2784 1217 2841 saecularis.
1265 2783 1425 2839 Esset
1476 2792 1661 2839 autem
1712 2784 2011 2838 secundum
2064 2785 2391 2856 positionem

391 2873 729 2945 praedictam,
756 2874 886 2946 quia
918 2889 1026 2927 non
1053 2874 1226 2944 major
1263 2873 1351 2927 via
1379 2879 1590 2943 pateret
1633 2873 1735 2927 toti
1774 2872 1867 2926 uni
1893 2871 2229 2927 multitudini
2259 2873 2385 2927 reli·

391 2963 666 3033 giosorum
703 2962 955 3016 veniendi
997 2962 1064 3017 ad
1108 2962 1503 3032 magisterium,
1527 2977 1691 3033 quam
1718 2962 1807 3016 uni
1838 2961 2109 3027 saeculari,
2137 2962 2229 3033 qui
2274 2961 2395 3016 sin-

389 3050 654 3121 gulariter
675 3066 772 3123 per
795 3066 854 3105 se
879 3050 1064 3105 studet
1079 3052 1173 3121 qui
1203 3050 1463 3120 magister
1484 3049 1598 3105 fieri
1632 3058 1811 3121 potest
1834 3051 1880 3104 si
1908 3050 2093 3105 studio
2123 3050 2392 3120 proficiat.

389 3140 543 3201 Item,
591 3140 890 3195 secundum
933 3140 1074 3194 hanc
1118 3140 1442 3211 positionem
1486 3138 1763 3210 profectus
1808 3139 1973 3192 studii
2022 3140 2077 3191 in
2126 3136 2394 3206 religiosis

387 3228 704 3299 impeditur.
731 3228 883 3285 Sicut
913 3229 1057 3281 enim
1089 3227 1351 3299 pugnanti
1377 3233 1525 3281 esset
1564 3222 2012 3297 impedimentum
2057 3225 2125 3279 ad
2158 3240 2393 3295 pugnam

389 3316 437 3369 si
493 3318 775 3384 praemium
832 3332 1029 3388 pugnae
1074 3316 1122 3369 ei
1175 3315 1607 3380 subtraheretur,
1654 3314 1783 3389 quia
1826 3321 1886 3368 ut
1936 3312 2292 3383 Philosophus
2340 3312 2393 3367 in

389 3417 460 3460 ιιι
489 3402 668 3457 Ethic.
698 3405 832 3457 dicit
860 3421 874 3458 :
905 3425 934 3455 α
961 3404 1263 3459 Fortissimi
1292 3409 1627 3474 pugnatores
1643 3403 1763 3456 esse
1784 3402 2059 3464 videntur,
2086 3400 2227 3471 apud
2250 3414 2392 3472 quos

389 3502 520 3549 sunt
547 3490 722 3545 timidi
751 3491 1078 3555 inhonorati,
1111 3492 1278 3547 fortes
1305 3492 1577 3554 honorati,
1614 3510 1641 3541 n
1672 3492 1750 3545 ita
1774 3486 2017 3543 studenti
2043 3488 2391 3559 essetimpe-

388 3582 694 3638 dimentum
729 3579 798 3635 ad
836 3578 1100 3642 studium,
1131 3580 1178 3633 si
1212 3580 1262 3633 ei
1291 3580 1669 3650 magisterium
1702 3576 2076 3639 subtrahatur,
2125 3578 2268 3648 quod
2312 3584 2397 3632 est

387 3669 730 3729 studentium
784 3666 1088 3741 praemium.
1129 3667 1284 3730 Item,
1338 3666 1441 3721 boc
1478 3672 1824 3737 reputaretur
1872 3666 1927 3719 in
1962 3680 2176 3737 poenam
2222 3666 2395 3737 infligi

389 3758 574 3823 alicui,
605 3758 652 3814 si
682 3759 732 3813 ei
772 3766 1062 3831 postquam
1105 3756 1160 3811 in
1189 3754 1372 3810 studio
1402 3754 1650 3829 profecit,
1686 3754 2057 3823 magisterium
2092 3754 2399 3823 denegare-

390 3852 512 3921 tur„
529 3847 587 3905 Si
619 3860 750 3922 ergo
787 3845 1074 3921 religiosus
1101 3845 1158 3903 in
1205 3841 1521 3915 magisteria-
1562 3842 1944 3917 coasequsndo
1968 3842 2259 3917 plusquam
2301 3839 2397 3899 alii
