2784 4392
593 293 724 339 xxv,
759 308 840 321 —
864 293 1102 339 oon-rm
1143 294 1357 367 meua.
1406 296 1506 341 nm
1548 296 1721 343 cua-r.
1766 296 1843 341 m·
1882 299 2086 343 namo.
2260 282 2341 343 99

281 400 297 411 ’
341 408 490 464 unde
515 414 572 465 et
597 409 622 465 1
647 396 794 465 Patr.
829 424 892 477 ιι,
933 410 1021 478 25,
1054 410 1256 467 dicitur
1285 411 1352 467 do
1375 411 1591 469 Christo
1626 429 1637 467 ε
1666 412 1921 471 Conversi
1944 415 2067 471 estis
2096 416 2166 471 ad
2207 416 2344 473 Pas-

340 505 508 554 torem
542 504 592 557 et
620 498 935 571 Episcopum
977 499 1286 557 animarum
1326 508 1650 558 vostrarum.
1696 503 1810 559 Hoc
1838 510 2019 559 autem
2061 505 2341 579 praseipuo

337 603 527 643 verum
575 593 660 643 est
701 586 769 642 de
793 588 1037 644 Romano
1063 588 1339 655 Pontifice,
1375 590 1483 657 cui,
1519 595 1578 644 ut
1612 589 1849 663 Cyriilus
1889 591 2041 659 dicit,
2079 608 2337 649 ‹nomime›

336 677 455 748 jure
502 675 687 747 divino
725 680 891 747 caput
933 676 1215 745 inclinant,
1267 683 1320 731 et
1368 678 1416 733 ei
1465 685 1726 751 tanquam
1784 680 1889 753 ipsi
1934 680 2165 757 Domino
2207 682 2331 737 Jeau

338 763 551 821 Christo
576 764 856 821 obediunt.
893 782 919 817 »
948 764 1014 821 Ει
1056 766 1475 840 Chrysostomus
1499 766 1633 823 dicit
1662 784 1823 840 super
1848 767 1981 823 iliud
2016 770 2171 827 Joau.
2206 770 2339 827 ulti·-

338 870 426 909 mo
461 872 473 907 ε
503 854 660 909 Pasce
689 870 805 908 oves
833 869 990 920 meas,
1009 854 1062 909 id
1089 863 1190 922 est,
1227 875 1252 909 α
1286 853 1405 911 ioco
1438 856 1539 911 mei
1574 858 1916 929 praepositus,
1944 865 1999 914 et
2023 867 2188 929 caput
2219 868 2337 915 esto

338 942 586 998 fratrum.
642 961 669 994 »
715 942 853 1015 Ergo
897 943 1184 999 ridiculum
1228 952 1312 999 est
1353 945 1536 1000 dicere
1578 952 1633 1000 et
1682 945 2031 1019 blasphemiae
2069 946 2309 1004 vicinum

337 1032 480 1105 quod
525 1031 826 1104 Episcopus
861 1047 966 1089 non
995 1033 1165 1104 possit
1207 1049 1367 1089 usum
1398 1033 1632 1090 clavium
1658 1048 1912 1090 exercere
1954 1036 2009 1094 in
2036 1036 2336 1108 quemlibet

333 1136 448 1175 suae
477 1120 748 1187 dioecesi8‚
777 1120 919 1176 sicut
949 1128 1003 1177 ct
1033 1121 1278 1178 Christus
1305 1129 1507 1193 posset.

403 1210 560 1265 Item.
586 1208 668 1265 Ad
694 1208 794 1265 hoc
816 1210 957 1282 quod
986 1210 1184 1283 aliquis
1209 1212 1380 1283 possit
1412 1208 1693 1267 absolvere
1724 1212 1776 1267 in
1803 1210 1920 1269 foro
1948 1212 2333 1287 poenitentiati,

332 1297 535 1354 sufficit
557 1298 698 1371 quod
741 1296 938 1354 habeat
983 1298 1194 1355 clavem
1233 1306 1286 1355 et
1322 1299 1758 1370 Jurisdictionem
1804 1300 1860 1355 in
1902 1300 2201 1373 quemlibet
2226 1317 2339 1359 suae

333 1387 607 1454 dioecesiS,
645 1403 739 1461 per
766 1402 929 1459 quam
975 1388 1204 1443 materia
1245 1387 1346 1442 sibi
1377 1388 1792 1455 determinatur,
1826 1390 1969 1444 sicut
2008 1389 2063 1443 in
2100 1390 2221 1445 aiiis
2247 1406 2338 1447 sa·-

331 1473 629 1529 cramentis
671 1474 762 1545 qui
804 1471 969 1528 habet
1013 1479 1338 1545 potestatem
1387 1467 1613 1541 ordinis,
1656 1482 1713 1528 et
1763 1476 2049 1529 materiam
2094 1475 2335 1531 debitam

332 1568 514 1635 potest
539 1561 772 1635 operari,
805 1562 849 1617 si
881 1560 1108 1617 formam
1141 1570 1195 1617 et
1233 1561 1588 1620 intentionem
1621 1561 1861 1616 debitam
1894 1562 2149 1618 adhibeat
2185 1580 2197 1617 ε
2231 1564 2335 1619 hoc

332 1652 476 1706 enim
504 1666 716 1722 semper
753 1651 810 1705 in
853 1656 1124 1723 potestate
1154 1652 1272 1721 ejus
1301 1656 1402 1705 est.
1436 1651 1537 1705 Sed
1578 1650 1877 1721 Episcopus
1906 1649 2069 1705 habet
2102 1650 2331 1717 clavem,

331 1756 456 1795 cum
499 1740 570 1795 sit
601 1740 875 1807 sacerdos,
922 1739 1084 1795 habet
1129 1738 1295 1795 etiam
1332 1739 1770 1809 jurisdictionem
1814 1739 1867 1793 in
1898 1737 2335 1811 quemlibetsuae

333 1829 587 1885 dioecesis
630 1828 765 1884 alias
813 1836 994 1900 posset
1041 1843 1133 1883 eos
1180 1829 1351 1883 citare
1400 1836 1455 1883 et
1502 1843 1684 1884 coram
1732 1842 1792 1884 se
1836 1827 2147 1883 convenire.
2193 1828 2334 1899 Ergo

333 1923 514 1989 potest
539 1915 837 1990 quemlibet
878 1932 992 1973 suae
1034 1916 1287 1972 dioecrsis
1329 1916 1447 1988 sine
1475 1916 1707 1987 alicujus
1752 1915 2053 1971 sacerdotis
2090 1917 2334 1989 requisi-

332 2008 481 2063 tione
510 2006 564 2061 in
595 2005 710 2062 foro
734 2004 1071 2078 penitentiali
1100 2004 1402 2061 absolvere.

401 2096 558 2151 Item.
585 2094 714 2151 Ideo
738 2094 1113 2151 sacerdotibus
1132 2094 1499 2149 necessarium
1520 2094 1735 2149 videtur
1756 2093 2122 2149 consessiones
2144 2094 2333 2150 audire

332 2182 671 2240 subditorum
711 2182 840 2257 quia
871 2182 950 2239 eis
985 2189 1389 2239 sacramentum
1431 2177 1788 2239 Eucharistiae
1814 2182 2149 2249 ministrant,
2184 2182 2329 2255 quod

333 2274 404 2329 ab
433 2272 514 2325 his
535 2271 626 2343 qui
658 2277 782 2325 sunt
812 2272 864 2327 in
906 2276 1132 2342 peccato
1159 2269 1376 2325 mortali
1416 2269 1559 2325 sumi
1588 2284 1691 2327 non
1719 2270 1881 2329 debet
1914 2286 1926 2323 ε
1958 2269 2053 2324 sed
2080 2270 2332 2325 similiter

332 2369 675 2418 sacramenta
705 2358 1143 2415 Confirmationis
1171 2364 1226 2413 et
1255 2356 1475 2414 Ordinis
1498 2357 1639 2413 sumi
1669 2373 1775 2413 non
1804 2357 2004 2413 debent
2032 2357 2101 2413 ab
2124 2358 2207 2414 his
2231 2358 2326 2429 qui

331 2457 459 2506 sunt
486 2450 538 2505 in
566 2456 792 2521 peccato
815 2446 1054 2517 mortali,
1081 2446 1210 2521 quia
1237 2446 1353 2502 haeo
1381 2454 1723 2501 sacramenta
1754 2446 1984 2515 gratiam
2014 2460 2332 2517 praesuppo·

332 2545 499 2595 nunt:
523 2539 638 2595 haec
669 2543 854 2596 autem
882 2543 1224 2593 sacramenta
1246 2551 1276 2593 a
1297 2534 1427 2591 solis
1452 2534 1733 2608 Episcopis
1756 2534 2157 2590 ministrantur.
2187 2535 2331 2605 Ergo

332 2634 389 2684 et
413 2628 528 2701 pari
555 2628 766 2683 ratione
783 2626 1060 2699 Episcopis
1082 2626 1344 2698 competit
1363 2622 1732 2681 confessiones
1755 2623 1945 2681 audire
1966 2622 2332 2697 quorumlibet

332 2732 446 2773 suae
476 2717 750 2773 dioecesis.
821 2780 826 2784 ἢ
1263 2784 1276 2793 .

401 2807 556 2862 Item.
585 2806 755 2861 Nemo
786 2808 966 2876 potest
989 2818 1266 2859 assumere
1290 2802 1392 2859 sibi
1423 2800 1497 2870 id,
1532 2800 1675 2876 quod
1700 2816 1804 2859 uon
1831 2808 1914 2857 ast
1944 2801 1997 2857 in
2022 2817 2118 2857 sua
2144 2808 2332 2874 potes-

335 2900 446 2950 tate
479 2910 493 2948 :
527 2894 619 2949 sed
655 2892 798 2951 sicut
825 2892 1128 2949 communis
1154 2891 1495 2949 consuetudo
1523 2890 1737 2963 probat,
1769 2890 2022 2963 Episcopi
2051 2897 2334 2947 assumunt

333 2983 433 3038 sibi
459 2998 638 3049 casus,
663 2997 800 3054 quos
826 2980 1032 3048 voiunt,
1052 2981 1120 3035 de
1148 2980 1346 3053 quibus
1371 2980 1440 3035 ad
1470 2993 1565 3035 eos
1592 2994 1690 3050 pro
1719 2979 2058 3035 absolutione
2082 2995 2331 3037 recurra-

333 3078 440 3138 tur,
464 3087 592 3143 ergo
614 3072 780 3125 etiam
797 3077 1091 3142 antequam
1109 3084 1201 3123 eos
1223 3068 1324 3123 sibi
1343 3076 1699 3134 assumerent,
1720 3066 1821 3123 hoc
1838 3076 1955 3123 erat
1977 3069 2032 3125 in
2047 3083 2231 3123 eorum
2251 3082 2338 3138 po·

333 3165 553 3215 testate.
584 3160 728 3229 Ergo
751 3163 805 3213 et
831 3158 898 3213 de
923 3157 1046 3213 aliis
1069 3156 1286 3212 casibus
1309 3161 1537 3228 possunt
1566 3154 1867 3220 absolvere,
1893 3170 2015 3209 cum
2040 3153 2333 3210 voluerint.

405 3248 563 3301 Item.
583 3245 892 3301 Secundum
909 3244 1228 3316 Dionysium
1247 3264 1272 3296 α
1306 3248 1553 3316 potestas
1577 3242 1827 3315 Episcopi
1856 3243 1911 3297 in
1938 3250 2120 3297 nostra
2137 3240 2336 3295 hierar-

331 3334 456 3389 chia
482 3338 566 3386 est
590 3334 928 3401 universalis,
952 3322 1196 3407 potestas
1221 3341 1407 3389 autem
1435 3331 1737 3387 sacerdotis
1765 3337 1821 3386 et
1844 3330 2216 3385 ministrorum
2246 3338 2329 3385 est

333 3426 579 3495 potestas
621 3421 997 3491 partictilari8‚
1049 3440 1075 3473 n
1124 3428 1185 3476 ut
1227 3426 1379 3493 patet
1423 3420 1477 3474 in
1525 3434 1544 3476 ι
1585 3434 1709 3494 cap.
1756 3432 1811 3473 et
1854 3417 1908 3473 in
1940 3432 1994 3484 v,
2032 3415 2334 3473 Ecclesiast.

332 3507 604 3565 hierarch.
633 3508 738 3563 Sed
777 3509 1074 3563 secundum
1112 3510 1255 3581 quod
1286 3506 1574 3578 probatum
1600 3514 1683 3562 est
1712 3522 1741 3562 a
1769 3505 2125 3576 Philosopbis,
2158 3505 2333 3561 virtus

333 3594 660 3653 universalis
689 3595 962 3651 efficacius
984 3596 1096 3665 agit
1131 3597 1186 3649 in
1216 3596 1270 3649 id
1297 3594 1443 3667 quod
1473 3594 1762 3665 subjicitur
1783 3592 1973 3649 virtuti
1995 3591 2333 3663 particulari,

332 3698 498 3759 quam
531 3686 697 3740 etiam
730 3685 844 3757 ipsa
870 3682 1217 3757 particularis
1245 3682 1442 3739 virtus.
1472 3682 1614 3755 Ergo
1642 3682 1942 3753 Episcopus
1969 3682 2145 3752 magis
2174 3681 2333 3737 habnt

331 3789 489 3828 usum
538 3773 775 3830 clavium
820 3774 875 3833 in
926 3788 1039 3847 eos,
1089 3772 1182 3846 qui
1229 3770 1539 3836 subduntur
1584 3768 1981 3841 sacerdotibus,
2022 3784 2188 3845 quam
2232 3772 2332 3844 ipsi
2400 3780 2414 3785 ·

334 3862 669 3929 sacerdotes.
