2784 4392
874 318 987 365 xv,
1015 332 1094 349 —
1123 317 1201 365 mr.
1245 316 1550 364 nmmum
1592 314 1931 363 ancxrun
2288 298 2409 359 283

401 428 575 504 magis
615 433 924 491 necessaria
965 434 1032 489 de
1070 434 1351 507 praedictis
1386 432 1663 489 habuerit.
1691 432 1899 489 Deinde
1941 445 2161 487 necesse
2214 436 2298 487 est
2346 437 2405 485 ut

401 520 578 577 locum
603 521 838 580 electum
869 522 1151 580 institutor
1175 522 1416 581 civitatis
1444 528 1541 579 aut
1572 522 1722 593 regni
1770 520 2075 592 distinguat
2105 519 2402 577 secundum

399 610 726 682 exigentiam
767 626 956 669 eorum
1011 628 1138 684 quae
1189 612 1451 683 perfectio
1500 612 1743 668 civitatis
1790 618 1886 666 aut
1938 609 2090 681 regni
2143 608 2397 683 requirit.

399 699 551 765 Puta,
576 698 623 754 si
669 715 896 771 regnum
935 698 1331 755 instituendum
1374 699 1467 766 sit,
1497 706 1713 771 oportet
1757 695 2043 770 providere
2092 696 2216 769 quis
2257 696 2407 751 locus

398 793 557 858 aptus
608 787 680 843 sit
736 787 962 845 urbibus
1010 786 1427 853 constituendis,
1482 788 1607 861 quis
1661 786 1823 854 villis,
1871 785 1995 858 quis
2047 785 2266 851 cestrie,
2314 783 2403 840 ubi

397 876 778 933 constituenda
815 877 926 933 sint
964 876 1146 933 studia
1189 876 1516 941 litterarum,
1566 875 1659 932 ubi
1708 874 1970 931 exercitia
2008 872 2265 939 militum,
2313 870 2403 927 ubi
2492 877 2500 884 ‘

397 966 801 1036 negotiatorum
827 970 1130 1022 conventus
1158 972 1213 1023 et
1240 966 1321 1021 sic
1345 966 1415 1021 de
1439 964 1563 1022 aliis
1591 980 1715 1036 quae
1748 962 2007 1037 perfectio
2030 962 2183 1033 regni
2216 961 2405 1033 requi-

399 1053 488 1123 rjt.
511 1054 567 1109 Si
597 1061 780 1109 autem
818 1054 1150 1111 institutioni
1189 1053 1433 1111 civitatis
1458 1069 1623 1127 opera
1649 1053 1827 1119 detur,
1852 1051 2140 1127 providere
2165 1056 2401 1123 oportet,

397 1142 521 1214 quis
556 1141 707 1200 locus
731 1143 802 1199 sit
830 1144 1022 1210 sacri8‚
1049 1143 1173 1216 quis
1205 1143 1315 1215 juri
1342 1142 1642 1211 reddendo,
1668 1142 1793 1215 quis
1840 1139 2140 1197 artificibus
2180 1139 2407 1211 singulis

396 1230 760 1308 deputanduS.
787 1231 1028 1287 Ulterius
1055 1237 1237 1288 autem
1268 1236 1487 1303 oportet
1506 1230 1753 1286 homines
1782 1244 2133 1301 congregare,
2160 1228 2254 1300 qui
2280 1233 2406 1283 sunt

395 1320 650 1391 congruis
675 1320 808 1375 locis
837 1321 1134 1377 secundum
1157 1336 1257 1377 sua
1285 1320 1461 1377 officia
1489 1320 1810 1392 deputandi.
1843 1319 2074 1375 Demum
2102 1332 2233 1373 vero
2272 1332 2404 1390 pro-

397 1408 688 1463 videndum
718 1416 802 1463 est
829 1418 890 1466 ut
928 1410 1156 1481 singuiis
1185 1411 1493 1465 necessaria
1538 1414 1831 1482 suppetant
1869 1408 2169 1464 secundum
2212 1407 2405 1461 unius-

396 1497 662 1569 cujusque
683 1499 1131 1561 constitutionem
1161 1504 1216 1553 et
1245 1504 1470 1563 statum,
1492 1498 1652 1553 aliter
1674 1498 1820 1553 enim
1850 1512 2195 1570 nequaquam
2220 1501 2403 1567 posset

397 1600 621 1655 regnum
653 1584 739 1643 vel
783 1586 979 1643 civitas
1025 1601 1392 1642 commanere.
1431 1587 1563 1641 Haec
1609 1585 1778 1657 igitur
1818 1592 1965 1651 sunt,
2007 1590 2069 1639 ut
2110 1585 2403 1639 summarie

398 1671 634 1740 dicatur,
665 1688 790 1745 quae
815 1674 882 1729 ad
915 1674 1058 1745 regis
1097 1672 1336 1729 officium
1374 1674 1651 1746 pertinent
1686 1674 1743 1728 in
1777 1672 2122 1728 institutione
2160 1671 2403 1728 civitatis

399 1769 494 1821 aut
523 1761 696 1833 regni,
724 1777 792 1817 ex
818 1761 1176 1819 similitudine
1209 1761 1567 1818 institutionis
1597 1761 1781 1818 mundi
1814 1768 2115 1836 assumpta.

1131 1915 1417 2019 CAPUT
1475 1949 1659 2020 XIV.

407 2077 584 2153 Quod
603 2078 812 2142 modus
833 2079 1209 2161 ,cubernandi
1237 2086 1531 2161 competat
1558 2079 1709 2161 reyi,
1750 2080 1899 2161 quia
1923 2080 2244 2143 secundum
2271 2098 2401 2143 mo·

478 2169 622 2231 dum
647 2170 1101 2248 yuberotationis
1129 2170 1366 2245 divinae,
1400 2171 1766 2251 quiquidem
1794 2170 2005 2231 modus
2027 2168 2423 2250 ,cubernandi'

477 2276 515 2318 a
532 2258 958 2336 yubernationc
985 2259 1158 2320 navis
1184 2261 1443 2337 sumpsit
1462 2260 1731 2331 initium,
1753 2258 1857 2321 ubi
1884 2263 1938 2321 et
1960 2260 2211 2339 ponitur
2238 2277 2399 2321 com-

473 2347 718 2425 paratio
747 2348 1140 2409 sacerdotalis
1167 2348 1423 2410 dominii
1455 2352 1511 2410 et
1538 2347 1785 2427 rcyalis.

467 2480 620 2535 Sicut
643 2486 828 2535 autem
859 2480 1131 2538 institutio
1157 2480 1401 2536 civitatis
1430 2486 1524 2535 aut
1555 2480 1704 2550 regni
1736 2494 1803 2534 ex
1826 2479 1999 2535 forma
2037 2478 2399 2536 institutionis

398 2568 584 2622 mundi
609 2569 993 2625 convenienter
1019 2568 1304 2641 accipitur,
1323 2570 1405 2624 sic
1424 2574 1479 2623 et
1508 2567 1918 2640 gubernationis
1940 2566 2083 2624 ratio
2102 2583 2169 2623 ex
2196 2568 2423 2647 guber-⁸

399 2658 618 2714 natione
646 2659 905 2714 sumenda
933 2666 1036 2714 est.
1068 2660 1162 2713 Est
1197 2667 1376 2715 tamen
1407 2656 1996 2730 praeconsiderandum,
2022 2657 2165 2729 quod
2196 2658 2399 2729 guber-

391 2759 529 2800 ·nare
553 2753 655 2811 est,
683 2745 738 2800 id
763 2745 906 2818 quod
938 2744 1272 2817 gubernatur
1300 2746 1683 2801 convenienter
1712 2743 1781 2799 ad
1810 2744 2053 2799 debitum
2079 2745 2241 2801 finem
2270 2762 2401 2819 per-

399 2832 618 2887 ducere.
647 2834 736 2887 Sic
759 2833 926 2889 etiam
956 2834 1110 2889 navis
1133 2834 1425 2905 gubernari
1454 2833 1672 2901 dicitur,
1700 2833 1830 2889 dum
1869 2850 1964 2905 per
1990 2842 2173 2891 nautae
2202 2835 2395 2891 indus-

402 2922 561 2975 triam
587 2929 735 2977 recto
773 2922 968 2976 itinere
1006 2922 1073 2977 ad
1104 2931 1318 2993 portum
1349 2922 1519 2979 illaesa
1547 2922 1883 2995 perducitur.
1905 2922 1961 2978 Si
1992 2923 2161 2995 igitur
2188 2924 2395 2997 aliquid

377 3006 469 3063 ·ad
495 3009 654 3063 finem
682 3016 834 3064 extra
855 3025 913 3064 se
939 3009 1237 3077 ordinetur,
1266 3017 1327 3065 ut
1358 3012 1513 3067 navis
1547 3011 1614 3067 ad
1642 3017 1877 3083 portum,
1908 3010 1978 3067 ad
2014 3011 2396 3081 gubernatoris

398 3098 632 3154 officium
668 3096 958 3169 pertinebit
996 3112 1100 3152 non
1144 3097 1338 3160 solum,
1361 3105 1428 3153 ut
1470 3112 1585 3152 rem
1628 3099 1686 3152 in
1726 3114 1785 3153 se
1826 3106 2110 3155 conservet
2143 3101 2393 3171 illaesam,

396 3187 490 3243 sed
517 3186 660 3261 quod
687 3186 916 3241 ulterius
947 3184 1014 3241 ad
1046 3185 1207 3242 finem
1233 3185 1515 3257 perducat.
1543 3185 1597 3241 Si
1623 3200 1753 3241 vero
1796 3184 2001 3258 aliq-uid
2047 3193 2211 3255 esset,
2238 3190 2395 3260 cujus

376 3275 518 3331 >finis
561 3292 664 3331 non
695 3284 839 3331 esset
883 3280 1036 3331 extra
1073 3274 1269 3345 ipsum,
1303 3273 1374 3329 ad
1416 3272 1518 3329 hoc
1566 3272 1740 3329 solum
1782 3272 2091 3330 intenderet
2118 3276 2395 3346 guberna-

398 3364 530 3419 toris
553 3364 877 3433 intentio‚ut
907 3379 1020 3419 rem
1046 3362 1192 3418 illam
1219 3363 1274 3417 in
1289 3378 1388 3418 sua
1410 3361 1739 3435 perfectione
1770 3370 2117 3419 conservaret
2142 3363 2389 3422 illaesam.

393 3452 462 3507 Et
485 3452 734 3524 quamvis
757 3450 888 3507 nihil
920 3445 1028 3507 tale
1057 3452 1366 3507 inveniatur
1402 3451 1455 3505 in
1486 3450 1647 3508 rebus
1694 3459 1817 3523 post
1858 3450 2035 3523 ipsum
2074 3453 2268 3522 Deum,
2298 3454 2393 3528 qui

391 3546 476 3597 est
497 3540 747 3595 omnibus
771 3540 912 3605 finis,
940 3555 1070 3611 erga
1091 3540 1145 3595 id
1179 3551 1358 3595 tamen
1387 3538 1533 3611 quod
1565 3539 1635 3596 ad
1676 3539 2043 3597 extrinsecum
2084 3537 2387 3611 ordinatur,

340 3638 346 3647 ·
392 3628 766 3701 multipliciter
790 3644 922 3685 cura
953 3627 1246 3700 impeditur
1287 3642 1320 3683 a
1362 3627 1614 3683 diversiS.
1644 3628 1785 3684 Nam
1824 3628 1963 3686 forte
2004 3629 2143 3686 alius
2169 3632 2275 3688 erit
2296 3633 2391 3705 qui

391 3733 579 3773 curam
603 3718 744 3789 gerit
789 3724 848 3774 ut
884 3734 972 3773 res
1000 3718 1053 3773 in
1092 3734 1190 3775 suo
1215 3733 1333 3773 esse
1376 3724 1763 3789 conservetur;
1805 3718 1943 3775 alius
1985 3726 2188 3789 autem,
2219 3728 2285 3777 ut
2320 3724 2390 3779 ad

389 3806 638 3863 altiorem
681 3807 1069 3879 perfectionem
1119 3808 1419 3881 perveniat,
1458 3814 1519 3864 ut
1560 3807 1614 3863 in
1654 3807 1773 3880 ipsa
1806 3808 1966 3876 navi,
2005 3809 2149 3866 unde
2186 3810 2391 3883 guber-

369 3896 628 3955 ·nationis
653 3897 795 3956 ratio
823 3898 1138 3969 assumitur,
1162 3897 1449 3957 manifeste
1477 3905 1721 3973 apparet.
1754 3898 1927 3959 Faber
1954 3900 2099 3968 enim
2127 3900 2391 3975 lignarius
