2784 4392
493 277 618 346 236
967 296 1026 346 e.
1067 295 1304 349 mom
1336 291 1673 345 Acunum
1708 291 2021 342 ornacum

563 415 636 472 Et
661 412 858 490 primo,
889 419 1158 490 quantum
1203 413 1274 474 ad
1299 413 1405 471 hoc
1444 412 1593 487 quod
1636 409 2075 486 pseudoapostoli
2117 407 2398 467 dicuntur·-
2429 407 2501 466 Ut

496 519 628 577 ergo
673 510 942 578 appareat
982 519 1149 578 quam
1194 503 1465 562 fallaciter
1490 502 1597 559 hoc
1638 515 1835 558 nomen
1882 499 2152 572 religiosis
2189 502 2496 572 imponant,

493 595 640 668 qiiod
681 593 788 651 hoc
830 593 1048 652 nomine
1091 593 1449 665 significetur,
1495 591 1800 648 videamus.-
1838 590 2197 647 Inveniuntur
2242 588 2391 644 enim
2440 587 2495 642 in

493 697 651 740 sacra
679 683 962 756 Scriptura
1002 683 1172 739 multa
1223 697 1348 754 quae
1387 683 1458 738 ad
1486 681 1633 738 idern
1662 680 1963 753 pertinent,
1990 679 2132 734 sicut
2152 677 2501 750 pseudopro-

491 772 690 846 phetae,
714 780 772 830 et
793 770 1237 846 pseudoapostoli
1261 777 1317 827 et
1341 769 1755 843 pseudochristi,
1778 783 1904 840 quae
1930 767 2113 824 omnia
2138 765 2499 823 infalsita'tem

491 869 708 928 sonant,
739 868 797 919 et
833 861 904 920 ad
947 859 1094 918 idem
1137 860 1433 934 pertinent,
1464 857 1613 915 unde
1648 858 1717 914 de
1757 859 1839 913 eis
1880 856 2059 913 simile
2098 861 2185 912 est
2198 855 2495 928 judicium,

490 950 638 1022 quod
667 955 820 1022 patet
848 965 917 1006 ex
937 947 1043 1006 hoc
1069 948 1216 1022 quod
1243 947 1475 1004 habetur
1498 947 1547 1002 11
1572 948 1713 1003 Petr.
1746 959 1811 1012 ιι,
1846 948 1869 1001 4
1910 962 1925 1001 t
1952 943 2207 1002 Fuerunt
2242 949 2295 1000 et
2326 959 2497 1016 pseu-

489 1039 824 1110 deprophetoe
846 1037 908 1094 in
933 1039 1150 1112 populo,
1179 1036 1315 1094 sient
1356 1043 1409 1094 et
1439 1035 1501 1092 in
1536 1034 1679 1092 vobis
1712 1041 1891 1100 erunt,
1918 1032 2168 1106 magistri
2198 1032 2494 1089 mendaces.

492 1127 777 1198 Prophetae
811 1133 998 1184 autem
1041 1135 1098 1183 et
1137 1125 1384 1200 Apostoli
1418 1125 1658 1182 officium
1698 1132 1785 1182 est
1820 1130 1881 1179 ut
1916 1123 1989 1179 sit
2036 1122 2307 1180 mediator
2350 1122 2497 1178 inter

491 1215 665 1270 Deum
691 1220 749 1272 et
771 1216 1050 1289 populum,
1076 1215 1245 1271 verba
1287 1214 1386 1270 Dei
1425 1214 1623 1287 populo
1653 1213 2044 1278 annuntiando,
2076 1212 2219 1268 sicut
2258 1211 2499 1268 habetur

473 1303 540 1358 .11
567 1304 690 1360 Cor.
707 1317 764 1371 v,
787 1307 855 1360 20
883 1319 898 1358 ε
926 1303 1042 1359 Pro
1065 1302 1280 1360 Christo
1306 1302 1563 1373 leuatione
1580 1302 1863 1374 funyimnr
1888 1308 2139 1372 tanquam
2158 1301 2267 1356 Deo
2292 1302 2499 1358 exhor·

489 1397 636 1448 tante
670 1401 927 1465 μῶκος.
969 1391 1124 1448 Unde
1161 1407 1229 1447 ex
1267 1391 1484 1448 duobus
1524 1390 1727 1447 dicitur
1770 1389 1969 1463 aliquis
2012 1388 2184 1446 falsus
2222 1390 2495 1463 propheta

488 1487 546 1536 et
571 1479 744 1538 falsus
784 1478 1083 1554 apostolus.
1129 1480 1308 1536 Primo
1346 1495 1416 1536 ex
1458 1479 1564 1535 hoc
1604 1479 1752 1553 quod
1781 1493 1814 1535 a
1846 1479 1960 1534 Deo
1988 1491 2092 1533 non
2133 1483 2217 1533 est
2264 1479 2492 1548 misene,

488 1574 650 1640 prout
677 1567 879 1625 dicitur
904 1569 1106 1624 Jerem.
1153 1583 1328 1634 xxm,
1357 1571 1417 1626 2⁴
1473 1585 1488 1623 ε
1513 1567 1641 1636 Non
1682 1565 1951 1623 mittebam
1966 1565 2271 1640 prophetas,
2303 1573 2355 1622 et
2386 1567 2499 1640 ipsi

488 1656 802 1724 currebant,
824 1672 932 1713 non
963 1655 1215 1730 loquebar
1247 1656 1320 1712 ad
1345 1671 1449 1722 eos,
1477 1661 1529 1714 et
1550 1655 1658 1728 ipsi
1675 1653 2084 1728 prophetabant.
2118 1653 2393 1722 Secundo,
2429 1672 2499 1712 ex

487 1743 590 1801 hoc
619 1746 765 1818 quod
804 1745 974 1803 verba
1013 1745 1232 1801 Domini
1261 1759 1368 1800 non
1398 1750 1727 1817 proponunt,
1756 1742 1851 1799 sed
1889 1741 2027 1798 falsa
2054 1741 2122 1797 de
2146 1757 2249 1797 suo
2273 1743 2497 1800 confin-

486 1841 641 1904 gunt,
675 1834 818 1888 unde
849 1834 906 1888 in
933 1833 1125 1890 eodem
1153 1833 1334 1905 capite
1363 1833 1567 1889 dicitur
1600 1849 1613 1887 :
1647 1832 1831 1891 Nolite
1856 1829 2048 1888 audire
2070 1829 2231 1885 verba
2248 1833 2498 1905 prophe-

487 1928 690 1985 tarum,
715 1921 810 1992 qm·
830 1920 1154 1991 prophetant
1177 1919 1320 1975 vobis
1345 1927 1399 1978 et
1434 1919 1709 1993 decipiunt
1749 1937 1838 1976 vos
1861 1937 1882 1979 .·
1910 1918 2155 1976 visionem
2180 1920 2366 1976 cordis
2406 1922 2499 1978 sui

485 2006 784 2080 loquuntur
815 2024 922 2063 non
959 2008 1022 2064 de
1065 2024 1158 2064 ore
1191 2008 1428 2065 Domini.
1462 2009 1531 2064 Et
1571 2009 1767 2066 Ezech.
1812 2025 1943 2076 xm,
1972 2011 2025 2074 6,
2054 2007 2183 2064 haec
2216 2009 2333 2064 duo
2360 2015 2497 2066 tan·

489 2107 689 2168 guntur
723 2113 736 2151 t
781 2096 988 2162 Vident,
1017 2098 1216 2170 inquit,
1257 2113 1418 2165 vana,
1448 2103 1499 2154 et
1537 2097 1785 2156 divinant
1818 2087 2167 2161 mendacium,
2200 2095 2446 2156 dieentes
2479 2117 2493 2156 z

487 2185 591 2241 Ait
635 2184 916 2250 Dominus,
943 2201 1057 2241 cum
1096 2186 1358 2254 Dominus
1393 2203 1501 2243 non
1528 2186 1741 2246 miserit
1780 2205 1879 2243 eos.
1911 2188 1979 2242 Et
2014 2185 2234 2242 additur
2259 2189 2495 2244 tertium

487 2273 633 2344 quod
655 2274 723 2328 ad
738 2273 1095 2346 pertinaciam
1117 2273 1376 2331 falsitatis
1400 2275 1655 2348 pertinet,
1684 2291 1813 2332 cum
1836 2273 2081 2330 subditur
2110 2290 2122 2327 ε
2146 2274 2225 2329 Et
2238 2291 2496 2350 perseve-

485 2369 748 2419 raverunt
789 2363 1108 2436 confirmare
1131 2381 1441 2422 sermonem.
1470 2365 1625 2421 Unde
1663 2380 1789 2420 cum
1821 2361 2083 2420 Ieremias
2120 2364 2278 2434 quasi
2311 2364 2493 2421 falsus

485 2451 752 2524 propheta
777 2452 1250 2521 condemnaretur,
1279 2453 1399 2510 haec
1422 2453 1531 2509 duo
1550 2470 1582 2510 a
1600 2468 1662 2510 se
1684 2453 1934 2519 removit,
1964 2453 2163 2508 Jerem.
2195 2443 2418 2520 xxvi,'l
2434 2457 2489 2522 5,

484 2541 782 2614 inquiens:
827 2541 899 2598 In
937 2541 1164 2600 veritate
1207 2541 1356 2598 misit
1406 2557 1487 2596 me
1537 2541 1799 2597 Dominus
1838 2539 1909 2596 ad
1955 2557 2064 2606 vos,
2117 2547 2387 2612 quantum
2418 2545 2492 2599 ad

481 2633 719 2700 primum
758 2646 775 2684 z
815 2638 879 2686 nt
915 2631 1157 2701 loquerer
1179 2629 1244 2685 in
1270 2629 1497 2686 auribus
1521 2629 1713 2686 vestris
1735 2629 1916 2686 omnia
1940 2628 2101 2684 verba
2141 2629 2271 2695 haee,
2302 2645 2493 2702 quan-

483 2724 601 2772 tum
645 2718 714 2772 ad
765 2719 1083 2772 secundum.
1123 2717 1192 2774 Et
1240 2717 1361 2773 haec
1402 2718 1509 2774 duo
1563 2718 1619 2773 in
1665 2733 1805 2774 novo
1849 2717 2199 2773 Testamento
2240 2720 2492 2790 pseudo-

482 2803 760 2874 apostolos
785 2804 1147 2882 constituunt,
1175 2803 1432 2861 videlicet
1459 2804 1606 2877 quod
1629 2820 1735 2860 non
1760 2806 2051 2861 mittuntur
2074 2821 2107 2860 a
2136 2805 2393 2876 Domino,
2432 2813 2490 2864 et

481 2891 630 2962 quod
672 2889 867 2946 salsam
907 2890 1214 2947 doctrinam
1253 2891 1633 2948 disseminant.
1660 2891 2043 2964 Intelliguntur
2079 2900 2265 2949 autem
2306 2911 2343 2952 a
2374 2897 2506 2953 Do·-

483 2979 631 3034 mino
663 2977 828 3046 mitti,
865 2980 1032 3035 etiam
1070 2981 1288 3053 quando
1323 2997 1357 3038 a
1395 2981 1638 3054 praelatis
1664 2981 1925 3038 Ecclesiae
1967 2983 2260 3039 mittuntur
2292 3001 2309 3039 z
2340 2987 2491 3043 unde

481 3069 822 3139 Augustinus
845 3067 916 3124 ad
937 3066 1187 3126 Orosinm
1204 3086 1224 3126 .·
1250 3089 1278 3122 α
1309 3069 1603 3142 Apostolus
1636 3069 2028 3142 interpretatur
2054 3071 2276 3129 missus·
2304 3077 2491 3146 Apos-

482 3156 718 3212 tolorum
747 3163 986 3231 quatuor
1013 3164 1142 3214 sunt
1169 3173 1370 3230 genera
1395 3174 1409 3213 z
1436 3171 1470 3214 a
1508 3159 1644 3227 Deo,
1673 3172 1704 3214 a
1732 3158 1847 3213 Deo
1876 3163 1933 3213 et
1972 3174 2065 3230 per
2094 3159 2402 3231 hominem,
2434 3170 2492 3220 et

480 3261 580 3317 per
603 3245 877 3302 hominem
906 3255 1137 3315 tantum,
1166 3253 1222 3302 et
1251 3263 1319 3302 ex
1346 3262 1427 3302 se.
1449 3248 1498 3302 A
1520 3247 1635 3302 Deo
1660 3247 1804 3302 sicut
1830 3247 2075 3318 Moyses;
2104 3263 2138 3304 a
2162 3249 2278 3304 Deo
2310 3261 2368 3308 et
2395 3269 2495 3324 per

478 3333 773 3402 hominem,
803 3335 948 3390 sicut
974 3334 1133 3390 Jesus
1167 3333 1354 3404 Nave;
1385 3343 1484 3407 per
1522 3333 1797 3389 hominem
1836 3341 2068 3404 tantum,
2097 3336 2243 3391 sicut
2280 3343 2497 3397 nostris
2544 3406 2550 3412 ⁸

478 3423 818 3496 temporibus
845 3422 1004 3478 multi
1031 3421 1218 3480 favore
1245 3421 1394 3492 vulgi
1424 3421 1480 3476 in
1506 3420 1871 3476 sacerdotium
1912 3422 2192 3494 subrogati
2222 3435 2393 3496 sunt;
2424 3445 2496 3486 ex

478 3524 558 3580 se,
607 3518 735 3568 sunt
773 3508 880 3584 ipsi
920 3509 1429 3584 pseudoprophetae.
1476 3527 1506 3563 n
1543 3507 1613 3566 Et
1656 3516 1847 3582 postea
1894 3510 2223 3582 subjungit:
2258 3533 2286 3568 α
2330 3517 2495 3574 Illum

475 3612 744 3670 cognosce
771 3601 1000 3656 missum
1025 3614 1059 3655 a
1087 3600 1220 3668 Deo,
1251 3614 1415 3672 quem
1440 3613 1547 3655 non
1588 3613 1888 3670 paucorum
1924 3597 2207 3657 hominum
2238 3603 2497 3664 laudatio

475 3686 564 3740 vel
583 3689 766 3758 potius
795 3687 1038 3744 adulatio
1063 3686 1233 3758 eligit,
1262 3687 1359 3744 sed
1385 3686 1539 3742 illum
1569 3701 1731 3759 quem
1755 3686 1871 3742 vita
1898 3693 1955 3742 et
1978 3691 2160 3744 mores
2184 3694 2408 3764 optimi,
2439 3703 2497 3752 et
2532 3735 2538 3740 -

479 3775 904 3845 apostolicorum
951 3773 1167 3830 exactio
1221 3773 1570 3830 commendat
1628 3774 1996 3832 sacerdotum.
2048 3795 2075 3830 x>
2106 3778 2267 3847 Quod
2292 3784 2498 3844 ‘etiam

481 3861 919 3934 pseudoapostoli
945 3862 1200 3917 dicantur
1229 3861 1310 3918 illi
1345 3860 1439 3933 qui
1468 3859 1774 3918 doctrinam
1806 3861 2123 3922 haereticam
2150 3867 2499 3934 dissemina-
