2784 4392
421 271 537 332 168
893 287 944 330 s.
989 285 1226 328 'rnonAE
1267 283 1596 333 AQmNATIS
1639 283 1950 328 opuscum

487 405 648 460 Item.
695 401 1019 474 Indigentiae
1065 416 1365 474 pauperum
1412 417 1516 456 non
1563 407 1741 471 potest
1770 396 2069 466 subveniri,
2104 398 2208 454 nisi
2240 413 2430 455 eorum

422 491 724 562 indigentia
753 491 990 555 sciatur-3
1031 490 1157 544 sciri
1190 495 1374 544 autem
1420 505 1524 543 non
1558 493 1735 560 potest
1764 486 2004 555 omnin0‚
2038 487 2140 542 nisi
2182 485 2432 543 necessi-

421 582 594 632 tatem
622 593 778 634 suam
818 575 1051 649 petendo
1087 583 1344 648 exponat.
1379 575 1519 645 Ergo
1552 575 1597 629 si
1632 574 1840 629 licitum
1866 580 1948 628 est
1977 572 2251 646 aliquibus
2280 573 2429 646 quod

419 667 528 721 sint
555 667 611 721 in
643 665 738 722 tali
767 673 935 730 statu,
966 664 1111 736 quod
1139 665 1302 720 rebus
1327 663 1523 719 alienis
1546 663 1825 734 indigeant
1853 662 1921 718 ad
1948 665 2427 728 sustentationem,
2484 726 2493 736 ⁸

418 753 631 811 finitum
656 762 740 812 est
764 753 912 827 quod
941 769 1035 810 eas
1059 759 1248 825 petant
1271 769 1284 820 ;
1313 752 1406 807 sed
1434 752 1646 808 licitum
1677 760 1779 819 est,
1810 751 1956 824 quod
1984 751 2154 824 aliqui
2197 753 2252 808 in
2280 761 2429 809 statu

419 846 682 916 egestatis
709 862 766 900 se
799 849 1002 917 ponant
1040 849 1261 915 propter
1290 843 1587 904 Christum,
1619 850 1677 898 ut
1707 857 1871 913 supra
1910 841 2201 912 probatum
2242 849 2343 908 est,
2376 843 2429 896 in

418 950 526 1006 quo
561 934 732 988 etiam
769 933 812 988 si
844 931 1099 988 manibus
1125 938 1439 1004 operentur,
1472 936 1686 1003 oportet
1714 923 1859 1002 quod
1904 930 2187 1001 indigeant
2218 930 2424 996 multiS,

377 1083 382 1090 ,
420 1029 482 1076 ut
511 1021 849 1092 Augustinus
896 1021 1031 1076 dicit
1072 1021 1126 1076 in
1169 1020 1264 1076 lib.
1297 1020 1372 1076 De
1414 1035 1569 1091 opere
1611 1018 1852 1074 monach.
1895 1018 2039 1090 Ergo
2087 1018 2298 1075 licitum
2342 1025 2428 1075 est

419 1108 797 1181 eleemosynas
827 1116 1034 1180 petere.
2144 1173 2149 1180 ,

486 1197 646 1252 Nune
673 1205 870 1269 quarto
909 1197 1262 1252 ostendemus
1308 1195 1455 1269 quod
1500 1193 1777 1266 praedictis
1808 1193 2246 1252 mendicantibus
2279 1195 2425 1252 elee⁴

419 1301 663 1357 mosynae
686 1294 811 1341 sunt
833 1283 1048 1342 dandae.
1074 1285 1252 1341 Primo
1278 1299 1373 1356 per
1402 1282 1505 1338 hoc
1534 1283 1681 1356 quod
1713 1282 1945 1338 habetur
1970 1284 2043 1339 111
2072 1301 2189 1338 can.
2218 1285 2379 1340 Joan.
2409 1299 2424 1338 ε

420 1375 764 1440 Charissime,
807 1374 1042 1446 fideliter
1081 1372 1220 1445 facis
1265 1372 1521 1446 quidquid
1562 1373 1806 1444 operaris
1854 1373 1914 1428 in
1962 1372 2190 1444 fratres,
2229 1381 2279 1430 et
2328 1375 2421 1430 hoc

417 1465 477 1518 in
509 1464 835 1535 pei-cyrinus,
870 1483 894 1516 ε(
927 1471 981 1519 et
1006 1463 1074 1518 de
1113 1461 1311 1536 quibus
1351 1454 1627 1534 loquatur,
1660 1457 1941 1540 subjungit
1973 1480 1987 1516 z
2020 1481 2047 1514 n
2078 1464 2189 1519 Pro
2218 1464 2425 1542 nominc

418 1553 558 1608 enim
605 1554 716 1624 ejus
751 1550 983 1624 profecti
1031 1556 1176 1606 sunt.
1223 1550 1421 1608 Glossa
1450 1567 1463 1604 τ
1495 1570 1521 1602 α
1555 1549 1794 1606 Alienati
1837 1567 1869 1606 a
1908 1551 2070 1606 rebus
2104 1550 2359 1623 propriis,
2398 1571 2423 1602 >›

417 1641 486 1695 Et
511 1641 678 1697 infra:
701 1641 814 1699 Nos
837 1639 1225 1712 erycdebemus
1246 1639 1509 1710 suscipere
1535 1638 1857 1710 hujusmodi.
1882 1638 2079 1695 Glossa
2105 1657 2117 1692 ε
2146 1660 2170 1692 κ
2190 1640 2425 1696 Joannes

418 1731 600 1784 omnia
629 1728 931 1796 dimiserat,
951 1735 1008 1784 et
1025 1743 1084 1784 se
1103 1728 1367 1783 divitibus
1395 1733 1794 1794 communerat,
1822 1735 1879 1783 ut
1909 1728 2203 1784 alacriores
2230 1728 2427 1784 reddat

417 1825 476 1870 ot
511 1817 876 1888 promptiores
905 1815 972 1872 ad
1013 1816 1508 1875 commiserendum
1534 1815 1883 1894 pauperibus,
1920 1835 1947 1869 ι)
1973 1816 2115 1887 Ergo
2142 1831 2425 1874 commen-

415 1902 596 1959 dabile
641 1911 724 1959 est
751 1903 884 1958 dare
934 1901 1310 1976 eleemosynas
1350 1902 1457 1959 illis
1500 1904 1593 1975 qui
1639 1919 1735 1974 pro
1778 1905 1997 1960 nomine
2048 1903 2245 1967 Christi
2297 1906 2416 1963 sine
2496 1919 2503 1926 ·

417 1993 580 2048 rebus
611 1992 846 2064 propriis
871 1991 1088 2048 vivunt.

486 2082 645 2137 Item.
671 2079 865 2135 Matth.
894 2095 954 2146 x,
978 2081 1036 2135 4⁴
1075 2094 1088 2134 τ
1116 2078 1220 2146 Qui
1239 2078 1433 2152 recipit
1452 2079 1661 2151 justum
1688 2079 1749 2135 in
1766 2079 1978 2137 nomine
1992 2080 2156 2152 justi,
2180 2082 2377 2142 Glossa
2408 2103 2421 2115 ·

419 2177 446 2224 α
474 2169 578 2225 Pro
598 2184 663 2225 eo
687 2167 831 2241 quod
860 2167 1170 2224 nominatur
1184 2169 1387 2240 justus,
1416 2187 1443 2221 ι)
1463 2167 1752 2224 mercedem
1768 2169 1908 2241 justi
1922 2170 2163 2242 accipiet.
2182 2173 2378 2230 Glossa
2409 2191 2422 2229 :

421 2278 448 2311 α
479 2257 779 2330 Dicitergo
802 2256 1000 2330 aliquis
1032 2273 1048 2310 z
1086 2272 1217 2328 ergo
1246 2262 1303 2312 et
1330 2257 1835 2331 pseudoprophetas
1860 2265 1915 2315 et
1942 2261 1969 2314 J
1978 2259 2139 2316 udam
2170 2263 2423 2333 prodito-

415 2362 534 2403 rem
557 2347 940 2420 suscipiemus.
967 2364 995 2400 ιο
1037 2345 1156 2401 Hoc
1197 2345 1464 2402 Dominus
1492 2362 1809 2421 procurans,
1859 2348 1997 2403 dixit
2028 2364 2289 2421 personas
2316 2369 2425 2408 non

417 2451 540 2494 esse
565 2435 959 2509 suscipiendaS‚
990 2435 1086 2494 sed
1119 2435 1359 2501 nomina,
1389 2445 1446 2492 et
1483 2437 1734 2494 mercede
1762 2453 1871 2494 non
1900 2453 2089 2494 carere
2117 2440 2425 2513 suscipien-

417 2534 551 2594 tem,
578 2526 708 2583 licet
747 2525 1003 2598 indignus
1043 2525 1135 2592 sit,
1169 2525 1263 2598 qui
1303 2526 1625 2599 suscipitur.
1650 2526 1732 2582 Ex
1774 2542 1883 2601 quo
1926 2526 2082 2583 datet
2105 2529 2249 2600 quod
2280 2529 2427 2586 elee-

419 2629 665 2688 mosynae
690 2622 817 2671 sunt
853 2614 1051 2674 dandae
1078 2613 1164 2671 his
1207 2614 1301 2686 qui
1331 2613 1536 2670 habent
1572 2630 1769 2671 nomen
1806 2616 2139 2685 sanctitatiS,
2168 2617 2339 2675 etiam
2376 2620 2426 2675 si

417 2701 634 2774 indigni
665 2703 798 2758 sInt.

490 2791 651 2846 Item.
698 2791 786 2847 Ad
845 2791 1006 2849 Rom.
1053 2805 1167 2857 xv,
1225 2790 1574 2848 commendat
1628 2792 1923 2865 Apostolus
1988 2793 2314 2872 Macedones
2370 2801 2429 2852 et

417 2879 687 2938 Achaieos
708 2879 776 2934 de
805 2877 910 2935 hoc
937 2877 1081 2951 quod
1103 2878 1473 2951 probaverunt
1495 2879 1843 2938 collationem
1869 2881 2051 2938 facere
2080 2883 2133 2938 in
2160 2899 2429 2957 pauperes

419 2974 656 3034 sanctos,
687 2967 777 3023 ubi
822 2968 958 3024 dicit
999 2967 1197 3026 Glossa
1229 2985 1242 3024 :
1273 2988 1301 3023 α
1340 2969 1412 3026 Hi
1455 2976 1603 3027 totos
1638 2987 1697 3026 se
1730 2971 2000 3028 dederunt
2035 2972 2236 3029 divinis
2264 2973 2429 3030 obse-

418 3057 583 3130 quiiS,
612 3056 745 3111 nihil
785 3057 1122 3113 mundanum
1163 3062 1422 3115 curantes
1444 3057 1753 3130 exemplum
1790 3057 1949 3116 bonae
1990 3063 2429 3118 conversationis

417 3145 737 3219 praebebant
759 3146 1128 3203 credentibus.
1157 3147 1288 3205 Istis
1333 3147 1658 3204 mittendam
1698 3146 1943 3205 fecerant
1984 3149 2211 3207 Achaici
2252 3152 2431 3207 etMa-

345 3247 358 3252 “
415 3236 654 3292 cedones
699 3235 1004 3304 collectam,
1035 3251 1133 3308 per
1161 3250 1328 3310 quam
1369 3253 1486 3294 rem
1515 3236 1586 3292 ad
1622 3235 1934 3309 hujusmodi
1962 3253 2129 3310 opera
2155 3239 2431 3297 Romanos

415 3323 712 3398 Apostolus
759 3324 975 3382 invitat.
1009 3344 1036 3378 »
1067 3325 1210 3396 Ergo
1240 3329 1394 3398 patet
1438 3323 1587 3398 quod
1614 3326 1896 3398 praedictis
1923 3328 2256 3400 pauperibus
2280 3328 2431 3386 elee-

416 3427 666 3486 mosynae
689 3417 820 3468 sunt
849 3412 1066 3468 dandas.

488 3503 648 3558 Item.
679 3502 726 3557 11
759 3501 830 3558 ad
872 3503 998 3558 Cor.
1030 3516 1158 3567 vm,
1193 3503 1262 3558 ⁴4
1295 3517 1309 3558 z
1349 3500 1538 3560 Vestra
1576 3501 1911 3560 abundantia
1948 3503 2166 3562 illorum
2192 3504 2431 3580 inopiam

413 3591 680 3663 suppleat.
711 3589 950 3648 Glossa:
999 3609 1026 3643 α
1059 3589 1282 3646 lllorum
1321 3591 1417 3664 qui
1456 3591 1639 3648 omnia
1679 3592 1866 3649 mundi
1911 3590 2191 3651 deserunt.
2223 3614 2249 3648 n
2286 3596 2432 3668 Ergo

415 3677 568 3734 idem
591 3685 654 3734 ut
681 3678 852 3750 prins.

487 3766 649 3821 Item.
679 3768 850 3839 Super
880 3765 1015 3822 illud
1039 3766 1088 3822 ΙΙ
1131 3766 1197 3823 ad
1223 3766 1445 3847 Thress.
1479 3783 1550 3825 111
1578 3771 1645 3824 ⁴3
1684 3785 1697 3826 ε
1734 3768 1833 3828 Vos
1873 3777 2050 3827 autem
2073 3772 2302 3844 fratres,
2331 3790 2433 3831 no-

419 3850 516 3911 lito
539 3851 758 3924 deficere
782 3851 1178 3924 benefacientes,
1203 3852 1440 3912 Glossa:
1475 3875 1501 3908 «
1535 3857 1883 3928 pauperibus,
1922 3878 1949 3912 >›
1976 3867 2031 3918 et
2057 3852 2166 3920 alia
2192 3862 2430 3922 Glossa:
