2784 4392
765 294 902 349 axv.
927 308 1012 333 -
1034 294 1116 347 un
1153 292 1461 347 naemu
1487 291 1836 345 remonon
1874 260 1878 265 ’
2182 272 2315 341 423

317 412 528 491 etym„
564 414 830 477 videlicet
871 428 1148 488 censores,
1199 414 1433 492 patritii,
1480 412 1749 490 proefecti,
1796 414 2079 487 proetores,
2134 413 2329 486 patres

311 506 635 581 conscripti,
677 506 1050 583 proconsules,
1094 504 1434 575 exconsules,
1478 500 1773 571 censorini,
1818 499 2157 571 decuriones,
2205 514 2331 557 ma-

317 584 586 670 gistratus
626 600 682 654 et
724 594 1064 664 tabelliones,
1095 594 1168 653 de
1205 594 1407 670 quibus
1448 592 1703 651 omnibus
1730 589 1835 649 sub
1878 588 2205 664 compendio
2243 598 2329 646 est

316 684 632 743 dicendum.
662 684 920 743 censoria
948 688 1136 742 autem
1171 681 1412 757 dignitas
1442 681 1586 758 apud
1624 686 1841 741 veteres
1876 680 2155 739 Romanos
2184 681 2324 745 erat,

321 784 447 847 quoe
475 772 953 847 apudmodernos
979 778 1066 831 est
1097 771 1338 845 dignitas
1355 768 1654 846 judicialis,
1683 784 1910 829 censere
1955 766 2102 827 enim
2123 765 2329 841 judicis

318 870 424 919 est.
457 862 725 921 Dicuntur
748 860 917 921 etiam
953 874 1208 920 censores
1239 860 1716 935 patrimoniorum,
1748 864 1810 916 ut
1840 855 2010 917 tradit
2038 857 2185 915 idem
2221 852 2328 923 Isi,-

317 951 502 1018 doruS,
532 967 563 1008 a
587 961 756 1009 censu
783 953 910 1009 aeris
938 950 1215 1024 appellati,
1250 950 1399 1025 quod
1432 955 1517 1007 est
1544 947 1786 1007 officium
1810 945 2066 1023 specialis
2092 960 2241 1003 curae
2267 942 2321 1000 in

315 1030 564 1107 civitate,
588 1038 786 1097 sivein
812 1038 1086 1103 tutoribus
1103 1037 1320 1107 dandis,
1342 1039 1461 1096 sive
1486 1036 1822 1105 auctoribus,
1846 1034 1963 1094 sive
1981 1032 2326 1093 curatoribus

318 1128 403 1185 vel
435 1127 868 1202 quibuscumque
895 1128 1078 1186 causis
1107 1136 1161 1185 et
1189 1126 1427 1201 negotiis
1454 1126 1787 1201 pupillorum
1814 1130 1870 1183 et
1896 1122 2205 1189 viduarum,
2238 1120 2323 1178 vel

318 1218 488 1274 etiam
518 1215 678 1273 rebus
720 1212 1195 1290 patrimonialibus
1226 1213 1571 1287 dividendis;
1596 1215 1693 1273 sed
1724 1209 1935 1287 patritii
1964 1203 2325 1269 ideo'dicun-

319 1308 428 1376 tur,
448 1304 576 1379 quia
593 1304 735 1363 sicut
755 1312 939 1379 patres
965 1304 1109 1373 filiis,
1137 1304 1219 1361 sic
1242 1296 1320 1361 illi
1345 1302 1497 1362 cives
1526 1316 1767 1361 romanoe
1798 1300 2111 1375 reipublicae
2140 1310 2329 1355 curam

294 1392 602 1465 ·gerebant,
634 1392 814 1467 qualis
841 1392 945 1450 fuit
974 1390 1168 1451 domus
1196 1390 1384 1463 Fabiu,
1414 1391 1484 1450 de
1511 1408 1622 1465 qua
1650 1390 1858 1448 dictum
1888 1395 1973 1447 est
2000 1402 2184 1463 supra.
2218 1389 2328 1444 Pa-

325 1481 566 1537 tritiatus
595 1480 760 1553 igilur
802 1495 910 1538 non
939 1486 1060 1539 erat
1095 1478 1334 1539 officium
1364 1478 1421 1536 in
1462 1477 1760 1554 republica,
1788 1478 1885 1535 sed
1923 1478 2180 1551 quaedam
2221 1490 2326 1548 pa-

294 1570 478 1624 ·terna
507 1565 812 1627 reverentia
845 1566 1031 1641 populi
1063 1566 1132 1624 ad
1170 1566 1412 1640 aliquam
1453 1565 1769 1639 progeniem
1812 1563 2056 1621 civitatis
2086 1578 2183 1636 pro
2209 1563 2325 1620 zelo

323 1655 529 1730 politiae
552 1670 794 1713 romanae
822 1670 987 1731 quem
1033 1654 1296 1729 gerebant
1329 1670 1344 1710 t
1372 1654 1517 1711 unde
1560 1661 1614 1710 et
1636 1652 1764 1727 jura
1794 1654 2037 1725 gentium
2065 1650 2327 1727 patritia-

325 1750 442 1801 tum
465 1745 609 1801 omni
635 1742 965 1811 eminentiae‚
993 1743 1110 1801 sive
1135 1741 1465 1817 principatui
1488 1741 1803 1815 misserunt,
1826 1741 1970 1799 siout
1996 1746 2151 1815 pater
2180 1740 2329 1797 omni

303 1846 473 1910 ‘curoe
499 1832 738 1891 tutoriae.
770 1829 1018 1891 Praefecti
1043 1838 1227 1890 autem
1251 1830 1386 1889 dicti
1416 1837 1563 1900 sunt,
1592 1847 1657 1889 eo
1686 1828 1833 1905 quod
1859 1830 2116 1905 praetoria
2141 1834 2329 1903 potes-

327 1926 442 1979 tate
471 1920 712 1995 praesint,
741 1920 882 1979 unde
906 1927 962 1979 et
989 1927 1253 1996 praetores
1282 1920 1427 1977 idem
1455 1917 1601 2000 quod
1633 1918 1877 1992 praefecti
1906 1920 2181 1976 dicuntur.
2212 1918 2327 1974 lm·-

327 2015 511 2085 portat
531 2010 674 2068 enim
703 2008 814 2068 tale
849 2008 1088 2068 officium
1117 2009 1485 2067 omnimodam
1514 2005 1805 2066 factionem
1836 2008 1992 2083 quasi
2019 2007 2328 2081 praecipuus

327 2100 399 2157 sit
423 2108 676 2173 operator
705 2105 759 2156 et
789 2108 1048 2157 executor
1074 2096 1327 2172 justitias.
1357 2096 1639 2172 Scriptura
1676 2104 1858 2157 tamen
1897 2110 2053 2154 sacra
2080 2094 2149 2154 ad
2170 2100 2331 2153 exte-

329 2188 500 2245 riores
528 2188 695 2245 refert
724 2186 987 2255 actiones„
1015 2193 1075 2243 ut
1114 2186 1168 2243 in
1193 2185 1460 2260 principio
1497 2184 1668 2244 Exodi
1700 2200 1755 2255 v,
1786 2189 1837 2254 6,
1867 2183 2143 2252 scribitur,
2171 2177 2324 2259 'quod

328 2274 576 2350 proecepit
614 2274 826 2333 Pharao
857 2274 1132 2347 proerecrts
1165 2288 1382 2348 operum
1412 2280 1463 2331 ct
1500 2270 1833 2331 exactoribus
1868 2270 2075 2347 populi,
2106 2272 2281 2329 dicens
2309 2290 2325 2328 .·

330 2362 679 2436 Nequaquam
719 2362 868 2420 ultra
900 2362 1096 2426 dabitis
1131 2361 1320 2435 populo
1345 2359 1525 2435 pulsus
1556 2362 1627 2418 ad
1660 2360 2001 2435 conficiendos
2025 2360 2235 2419 lateres.
2262 2359 2329 2415 Hi

333 2449 518 2508 aut‘em
543 2458 604 2529 et·
641 2459 906 2525 praetores
945 2448 1282 2509 vocabantur
1307 2464 1376 2507 ex
1420 2448 1800 2523 prosecutione
1842 2448 2099 2523 justitiae.
2140 2450 2331 2505 Patres

333 2544 515 2599 autem
543 2538 833 2615 conscripti
867 2538 1284 2611 appellabantur
1312 2545 1593 2596 senatores
1631 2536 1845 2595 ratione
1874 2535 2057 2593 officii.
2083 2534 2156 2594 Ut
2180 2534 2326 2592 enim

333 2628 498 2686 refert
546 2628 805 2696 Isidorus,
855 2643 980 2687 cum
1025 2626 1288 2686 Romulus
1335 2622 1483 2701 ipsos
1526 2623 1769 2683 instituit
1808 2626 1864 2683 in
1904 2624 2096 2682 decem
2124 2624 2325 2695 curias,

331 2714 479 2791 ipsos
501 2718 722 2774 eosdem
746 2714 928 2790 elegit,
957 2720 1013 2773 et
1041 2714 1259 2773 nomina
1295 2728 1485 2773 corum
1512 2714 1770 2789 praesenti
1800 2712 1997 2789 populo
2028 2714 2081 2770 in
2114 2710 2329 2770 tabulas

335 2818 526 2861 aureas
553 2804 802 2872 contulit,
836 2812 1001 2878 atque
1029 2803 1154 2882 inde
1184 2802 1449 2879 nominati
1480 2809 1607 2861 sunt
1635 2807 1821 2877 patres
1848 2803 2161 2875 conscripti,
2191 2816 2330 2875 quos

335 2894 501 2950 etiam
526 2890 583 2948 in
603 2900 715 2949 tres
735 2890 952 2949 ordines
978 2892 1249 2950 distinxit.
1273 2889 1437 2950 Primi
1458 2892 1795 2950 vocabantur
1818 2891 2077 2961 illustres,
2106 2888 2331 2949 secundi

333 2978 657 3056 spectabiles
679 3021 712 3057 ,ἦ
747 2978 898 3037 tertii
951 2986 1136 3037 autem
1179 2978 1499 3049 clarissimi,
1554 2996 1785 3054 quorum
1841 2979 2008 3039 verba
2062 2988 2329 3053 exponere

335 3069 554 3143 longum
579 3074 742 3126 esset.
773 3066 1130 3125 Proconsules
1153 3071 1339 3124 autem
1363 3066 1497 3123 dicti
1526 3075 1653 3123 sunt
1678 3066 2024 3141 coadjutores
2048 3067 2331 3124 consulum

333 3158 494 3233 quasi
521 3156 749 3233 projecti
775 3152 1110 3222 consulibus,
1141 3168 1242 3211 nec
1277 3154 1566 3211 consulatu
1594 3155 1959 3227 fungebantur
1985 3154 2327 3228 simpliciter,

335 3248 476 3304 sicut
503 3260 604 3303 nec
644 3253 966 3319 procurator
989 3240 1258 3301 curatoris
1285 3240 1404 3299 sive
1444 3240 1679 3313 actoris3
1713 3242 1796 3300 vei
1839 3242 2123 3316 proconsul
2173 3240 2330 3299 dice-

335 3332 498 3391 batur
525 3347 782 3400 assessor,
811 3332 905 3407 qui
935 3332 1054 3390 vice
1078 3328 1361 3389 consulum
1387 3328 1693 3405 J‘udicabat.
1720 3329 1989 3389 Exconsul
2016 3346 2146 3388 vero
2176 3331 2333 3388 dice-

335 3423 497 3481 batur
543 3422 730 3479 consui
777 3429 990 3479 amotus
1037 3421 1107 3477 ab
1151 3418 1330 3477 officio
1374 3417 1600 3493 peracto
1646 3418 1781 3477 vicis
1827 3434 1942 3477 suae
1978 3432 2139 3489 ann0,
2186 3416 2331 3475 unde

334 3509 590 3567 exconsul
616 3506 772 3583 quasi
801 3514 956 3567 extra
987 3506 1328 3565 consulatum
1366 3506 1629 3565 existens.
1657 3506 1904 3565 Habebat
1936 3514 2117 3565 tamen
2146 3506 2332 3582 aliqua

336 3598 554 3670 fastigia
582 3600 668 3655 sui
710 3597 1024 3654 consulatus
1062 3598 1178 3655 sive
1218 3596 1453 3669 alicujus
1495 3596 1870 3665 immunitatiS,
1904 3596 2020 3655 sive
2064 3596 2331 3669 alicujus-

334 3704 569 3762 cumque
595 3688 734 3759 signi
771 3686 1096 3754 eminentias,
1135 3702 1229 3759 per
1256 3685 1401 3760 quod
1441 3686 1869 3756 cognoscebatur
1910 3684 2075 3741 fuisse
2113 3683 2323 3742 consul.

333 3777 612 3837 Censorini
645 3784 828 3835 autem
869 3776 1104 3833 minores
1138 3774 1354 3848 judices
1393 3773 1735 3842 dicebantur,
1778 3776 1847 3831 ad
1876 3782 2033 3831 actus
2060 3776 2327 3833 censoriae

336 3868 506 3926 curiae
529 3866 616 3927 vel
645 3863 924 3939 regiminis
948 3864 1214 3939 deputati,
1241 3864 1310 3928 de
1335 3878 1447 3938 qua
1469 3862 1679 3923 dictum
1704 3868 1788 3921 est
1811 3878 1977 3938 supra
2000 3863 2157 3939 quasi
2184 3863 2328 3924 infe·-
