2784 4392
561 299 692 343 xiv.
723 316 802 328 —
830 300 1069 344 coN‘raA
1110 299 1321 344 nurus.
1369 299 1473 344 nm
1515 299 1690 344 cun-r.
1732 297 1810 343 nr
1849 299 2053 344 numo.
2235 281 2316 343 73

311 413 443 470 dum
471 413 815 481 Glossam‚ut
841 416 1006 472 etiam
1030 432 1095 471 ex
1125 414 1753 473 circumstantialitterae
1781 422 1950 488 patet.
1982 413 2151 472 Simul
2169 416 2313 472 enim

313 505 577 560 Dominus
607 503 852 576 prohibet
881 505 1082 560 ibidem
1112 504 1282 577 patris
1312 520 1506 560 nomen
1532 519 1598 561 ac
1618 503 1882 576 magistri,
1915 503 2044 576 quia
2067 520 2207 560 unus
2231 514 2316 561 est

314 595 473 649 Pater
501 598 682 648 noster
715 593 807 665 qui
839 601 922 648 est
966 593 1019 648 in
1056 592 1229 660 coeliS,
1263 600 1320 649 et
1348 593 1478 665 quia
1522 593 1782 664 magister
1821 599 2006 650 noster
2053 609 2193 648 unus
2232 601 2317 649 est

313 681 560 754 Christus
584 699 595 736 :
618 701 643 734 α
672 683 817 738 Deus
841 682 1005 746 euim,
1027 687 1087 736 ut
1110 682 1304 738 Glossa
1334 681 1470 737 dicit
1499 681 1700 738 ibidem
1728 697 1741 736 t
1770 687 1827 736 et
1852 686 2005 753 pater
2029 689 2083 738 et
2111 681 2316 752 magis-

317 779 399 826 ter
426 776 620 826 natura
666 768 888 825 dicitur.
933 788 959 821 n
1002 770 1177 825 Homo
1219 778 1403 826 autem
1442 769 1644 826 dicitur
1679 769 2018 840 indulgentia
2057 775 2227 842 pater,
2258 777 2313 825 et

314 858 577 930 magister
604 857 927 914 ministerio·
964 858 1217 916 Prohibet
1245 874 1375 931 ergo
1421 859 1704 924 Dominae,
1740 875 1806 914 ne
1845 859 2142 914 auctoritas
2187 861 2317 915 vitae

317 946 599 1012 naturalis,
632 961 728 1004 seu
752 946 1072 1019 spiritualis,
1106 948 1391 1004 autetiam
1419 947 1703 1019 sapientiae
1729 946 1890 1003 alicui
1918 946 2123 1002 homini
2154 949 2319 1002 attri-

316 1035 517 1090 buatur
544 1053 557 1090 ε
582 1035 723 1090 uude
752 1035 885 1092 dicit
913 1036 1109 1092 Glossa
1142 1053 1155 1092 ε
1186 1056 1212 1090 «
1240 1036 1349 1092 Vos
1384 1044 1570 1092 autern
1618 1036 1784 1092 nolite
1831 1035 2014 1092 vocari
2045 1035 2316 1106 magistri,

318 1139 386 1178 ne
416 1138 541 1196 quae
568 1124 678 1179 Deo
702 1124 985 1190 debentur,
1014 1123 1167 1179 vobis
1198 1125 1544 1196 praesumatis
1570 1142 1584 1181 z
1618 1141 1793 1196 neque
1832 1123 1967 1180 alios
2008 1123 2180 1180 Rabbi
2218 1139 2321 1180 vo-

318 1212 476 1279 cetis,
510 1229 575 1266 ne
624 1212 867 1268 divinum
902 1213 1162 1269 honorem
1209 1212 1520 1269 hominibus
1558 1212 1838 1268 deseratiS.
1871 1231 1896 1262 »
1928 1211 2081 1268 Unde
2126 1213 2181 1266 in
2211 1211 2313 1266 aliu

318 1299 514 1357 Glossa
539 1299 756 1368 dicitur,
790 1302 935 1374 quod
957 1322 983 1354 α
1008 1293 1173 1373 'pater
1199 1301 1477 1358 vocandus
1505 1307 1589 1356 est
1615 1297 1830 1374 aliquis,
1862 1306 1920 1354 ut
1965 1299 2135 1355 honor
2165 1301 2318 1356 aetati

320 1387 613 1456 deferatur,
641 1405 749 1445 non
782 1397 845 1446 ut
876 1397 1068 1446 auctor
1106 1390 1234 1447 vitae
1262 1389 1547 1445 habeatur.
1579 1409 1605 1441 »
1636 1390 1893 1460 Magister
1937 1405 2002 1444 ex
2047 1389 2320 1444 consortio

320 1478 434 1533 veri
464 1476 709 1546 magistri
738 1485 999 1549 tanquam
1028 1479 1146 1550 ejus
1173 1479 1412 1544 nuntiae,
1448 1485 1502 1533 et
1533 1493 1628 1549 pro
1666 1477 1972 1533 reverentia
2006 1478 2123 1547 ejus
2154 1493 2184 1532 a
2210 1493 2319 1548 quo

322 1565 578 1634 mittitur,
609 1565 929 1622 bonoratur.
961 1566 1050 1622 Sic
1072 1581 1201 1635 ergo
1222 1572 1391 1637 patet,
1421 1564 1567 1638 quod
1606 1564 1866 1619 Dominus
1897 1581 1998 1619 non
2044 1564 2320 1635 prohibuit

320 1653 663 1726 simpliciter,
678 1668 778 1708 nec
802 1659 1093 1725 praecepto,
1115 1669 1213 1707 nec
1242 1651 1469 1708 consilio
1499 1667 1694 1707 nomen
1724 1651 2026 1724 patri3,aut
2051 1653 2319 1722 magistri,

322 1743 461 1797 alias
502 1740 777 1813 quomodo
818 1742 991 1796 sancti
1040 1743 1227 1796 Patres
1267 1738 1673 1805 sustinuissent,
1717 1747 1776 1795 ut
1820 1740 1893 1794 illi
1934 1741 2024 1812 qui
2080 1749 2322 1812 praesunt

320 1829 691 1896 monasteriiS,
719 1829 962 1895 abbates,
986 1830 1128 1886 idest
1171 1831 1377 1893 Patres,
1424 1831 1793 1886 vocarentur?
1823 1831 2104 1901 Quomodo
2154 1832 2319 1886 etiam

322 1918 523 1976 Christi
555 1917 802 1975 vicarius
830 1919 923 1992 qui
961 1918 1122 1974 debet
1164 1933 1283 1974 esse
1325 1917 1675 1991 perfectionis
1717 1919 2042 1992 exemplum,
2076 1922 2237 1992 Papa,
2267 1919 2320 1975 id

324 2014 408 2064 est
434 2013 590 2079 pater
613 2007 931 2063 diceretur?
955 2007 1291 2078 Augustinus
1323 2007 1490 2063 etiam
1530 2014 1586 2062 et
1614 2008 1974 2082 Hieronymus
2001 2007 2318 2080 Episcopos,

326 2097 522 2169 quibus
550 2095 813 2162 scribunt,
847 2097 1038 2167 Papae,
1062 2096 1119 2151 id
1148 2102 1231 2151 est
1260 2105 1464 2169 patres,
1497 2096 1808 2168 frequenter
1835 2099 2137 2152 nominant.
2169 2096 2322 2152 Stul-

328 2185 599 2240 tissimum
625 2185 978 2255 ergodicere,
1008 2184 1153 2256 quod
1180 2183 1281 2240 hoc
1300 2183 1442 2257 quod
1467 2185 1666 2240 dicitur
1687 2203 1700 2239 z
1723 2185 1902 2243 Nolite
1930 2185 2112 2240 vocari
2133 2183 2319 2250 Rabbi,

327 2273 398 2328 sit
426 2271 731 2327 consilium.
759 2273 900 2327 Dato
926 2273 1091 2327 etiam
1120 2272 1263 2344 quod
1303 2273 1374 2328 sit
1407 2272 1710 2338 consilium,
1745 2289 1850 2328 non
1891 2275 2139 2346 sequitur
2179 2274 2323 2345 quod

327 2377 515 2417 omnes
536 2359 762 2433 perfecti
789 2360 858 2417 ad
882 2361 1028 2415 istud
1048 2360 1336 2415 consilium
1362 2366 1668 2420 teneantur.
1689 2361 1805 2417 Non
1827 2363 1969 2416 enim
1997 2363 2091 2434 qui
2118 2370 2320 2418 statum

330 2449 674 2522 perfectionis
714 2448 1052 2521 profitentur,
1087 2448 1156 2503 ad
1198 2449 1378 2503 omnia
1421 2455 1672 2503 tenentur
1711 2449 1937 2504 consilia
1971 2450 2103 2505 :sed
2148 2450 2214 2506 ad
2261 2466 2334 2526 ea·

332 2545 560 2604 tantum,
590 2538 656 2594 ad
686 2553 811 2611 quae
846 2554 913 2594 ex
941 2545 1067 2594 voto
1106 2552 1165 2592 se
1195 2535 1455 2607 obligant,
1489 2534 1625 2592 alias
1667 2537 1911 2609 Apostoli
1948 2538 2039 2608 qui
2081 2537 2135 2592 in
2175 2545 2323 2593 statu

333 2626 677 2699 perfectionis
713 2633 883 2692 erant,
922 2625 1244 2682 tenebantur
1292 2627 1360 2681 ad
1404 2625 1544 2680 hanc
1583 2625 2116 2698 supererogationem
2161 2641 2324 2699 quam

331 2717 525 2776 Paulus
554 2714 808 2782 faciebat,
836 2722 894 2770 ut
940 2731 1045 2770 non
1077 2715 1385 2786 acciperent
1413 2713 1685 2785 stipendia
1728 2713 1796 2769 ab
1838 2713 2095 2769 Ecclesiis
2129 2713 2327 2786 quibus

332 2803 730 2877 praedicabant3
762 2810 818 2859 et
846 2802 1161 2875 peccabant,
1191 2818 1314 2859 cum
1363 2801 1464 2858 hoc
1510 2817 1614 2858 non
1672 2803 2044 2868 observarent,
2076 2809 2134 2859 ut
2175 2810 2327 2876 patet

333 2894 357 2949 l
392 2892 632 2948 Corinth.
676 2907 757 2948 tx.
794 2893 1123 2964 Sequeretur
1163 2891 1329 2946 etiam
1368 2905 1439 2947 ex
1478 2890 1582 2947 hoc
1621 2890 1940 2962 religionum
1985 2891 2248 2953 confusio,
2279 2893 2324 2946 si

330 2997 517 3037 omnes
543 2981 611 3036 ad
638 2996 825 3036 omnes
860 2980 1367 3051 supererogationes
1409 2988 1464 3034 et
1506 2979 1686 3035 omnia
1726 2980 1952 3036 consilia
1989 2987 2323 3035 tenerent-ur.

329 3067 605 3139 Quidquid
636 3067 778 3122 enim
816 3082 921 3123 una
960 3075 1391 3138 supererogaret,
1427 3081 1612 3120 omnes
1647 3081 2039 3138 supererogare
2069 3072 2324 3121 teneren-

332 3163 438 3223 tur,
471 3157 630 3212 etsie
659 3155 798 3210 inter
827 3171 920 3210 eas
944 3155 1091 3211 nulla
1115 3155 1393 3210 distinctio
1416 3164 1738 3220 remaneret,
1770 3155 1914 3227 quod
1946 3159 2031 3210 est.
2065 3156 2328 3210 inconve-

330 3245 502 3300 nienS.
532 3245 651 3301 Non
680 3259 808 3314 ergo
851 3244 918 3299 ad
962 3244 1143 3299 omnia
1180 3243 1408 3299 consilia
1455 3240 1680 3314 perfecti
1711 3248 1985 3311 tenentur,
2019 3241 2114 3299 sed
2153 3242 2328 3300 solum

329 3332 396 3388 ad
424 3348 489 3388 ea
514 3333 579 3388 ad
608 3348 735 3404 quae
764 3347 821 3387 se
840 3330 1103 3402 obligant.

398 3420 553 3489 Quod
593 3421 759 3476 etiam
800 3420 1036 3474 secundo
1071 3419 1352 3490 objiciunt,
1383 3419 1530 3493 quod
1571 3418 1867 3474 monachus
1905 3435 2012 3474 non
2054 3419 2321 3486 docentis,

326 3510 423 3566 sed
456 3509 758 3581 plangentis
799 3508 964 3562 habet
992 3507 1246 3574 officium,
1276 3525 1371 3580 pro
1402 3510 1481 3563 eis
1512 3523 1615 3564 non
1657 3507 1807 3562 facit.
1841 3506 1918 3562 lbi
1954 3507 2103 3561 enim
2127 3507 2326 3563 Hiero-

328 3613 526 3669 nymus
579 3596 838 3663 ostendit,
888 3595 1033 3668 quod
1079 3595 1339 3650 monacho
1386 3612 1455 3651 ex
1499 3593 1620 3660 hoc,
1667 3595 1810 3667 quod
1865 3600 1946 3648 est
1999 3593 2316 3663 monachus,

326 3692 603 3758 competat
642 3687 1021 3758 poenitentiam
1052 3700 1232 3755 agere,
1266 3699 1367 3740 non
1403 3683 1615 3750 docere,
1646 3684 1788 3739 sicut
1832 3683 1907 3738 illi
1953 3682 2055 3739 sibi
2090 3698 2327 3756 usurpa-

326 3776 479 3842 bant,
512 3776 581 3830 de
608 3773 806 3846 quibus
832 3775 1087 3840 diximuS,
1117 3773 1261 3846 quod
1300 3790 1366 3827 ex
1407 3773 1508 3828 hoc
1541 3773 1660 3845 ipso
1693 3773 1837 3845 quod
1869 3772 2116 3828 monachi
2147 3781 2321 3838 erant,

324 3865 529 3920 docere
567 3862 842 3932 volebant,
864 3861 948 3920 vel
991 3862 1224 3919 intendit
1266 3862 1571 3932 ostendere,
1606 3861 1749 3935 quod
1801 3861 2098 3918 monachus
2127 3877 2194 3916 ex
2223 3859 2328 3916 hoc
