2784 4392
763 316 874 365 κν.
905 332 984 349 -
1008 318 1088 362 me
1131 314 1435 367 nummus
1477 314 1815 361 pumturum
2172 300 2293 363 425

985 524 1271 593 CAPUT
1315 524 1597 611 xxvn.

289 657 418 724 Hic
447 659 718 724 declarat
737 657 808 721 de
817 656 1107 737 partibus
1115 656 1353 739 politice
1379 662 1677 737 quantum
1692 656 1775 721 ad
1791 656 2124 735 bellatores,
2145 676 2295 741 quos

501 746 836 829 distinquii
860 746 1184 837 secundum
1213 746 1510 827 triplicem
1537 746 2082 813 considerationem.

269 895 275 903 ·
358 881 463 939 Sed
485 889 542 938 et
564 880 632 937 de
649 880 896 952 partibus
919 879 1186 937 ordinatis
1205 879 1272 936 ad
1287 878 1517 947 bellum,
1545 896 1671 952 quae
1695 888 1823 936 sunt
1842 888 2029 953 partes
2056 881 2283 954 politiae,

288 978 346 1027 et
371 969 549 1026 eidem
593 970 936 1034 necessariae,
985 976 1048 1024 ut
1091 968 1344 1039 superius
1385 961 1473 1023 est
1519 967 1827 1039 probatum,
1862 985 2160 1041 congruum
2198 971 2293 1028 vi-

289 1060 449 1115 detur
487 1056 703 1113 tradere
751 1074 766 1112 :
816 1072 942 1130 quae
983 1056 1206 1128 quidem
1246 1056 1386 1113 bene
1422 1056 1704 1129 dispositae
1748 1057 2209 1130 pulchritudinem
2237 1067 2296 1116 et

288 1148 544 1202 decoram
587 1151 836 1211 causant,
868 1143 1288 1199 delectationem
1325 1152 1611 1215 generant.
1638 1146 1739 1201 Ex.
1759 1160 1869 1217 quo
1904 1147 2071 1204 etiam
2101 1147 2295 1219 ingens

288 1235 472 1291 cordis
507 1234 896 1305 augmentum,
949 1232 1294 1304 audacesque
1335 1232 1573 1288 reddunt
1616 1234 1825 1289 animos
1877 1234 1945 1290 ad
1999 1234 2292 1291 arduorum

289 1339 625 1395 aggressum.
651 1321 806 1379 Unde
825 1320 1075 1377 Salomon
1104 1321 1160 1375 in
1178 1320 1419 1377 Canticis
1448 1337 1528 1389 vr,
1556 1325 1607 1389 3,
1638 1322 1936 1379 exercitum
1965 1322 2293 1395 dispositum

289 1413 356 1469 ad
386 1411 699 1468 bellandum
731 1410 1117 1481 pulchritudini
1146 1424 1362 1481 sponsae
1386 1409 1654 1465 assimilat
1691 1418 1747 1465 et
1775 1409 1959 1465 decori
1992 1428 2006 1465 ε
2032 1410 2290 1478 Pulchro,

289 1500 486 1572 inquit,
514 1516 566 1554 es
605 1504 654 1553 et
687 1498 898 1561 decora,
931 1496 1050 1567 filia
1074 1496 1392 1560 Jerusalem,
1422 1496 1691 1552 terribilis
1716 1504 1779 1551 ut
1817 1504 2121 1554 castrorum
2154 1500 2293 1555 acies

287 1588 561 1645 ordinata.
609 1586 700 1642 Sic
740 1586 884 1640 enim
924 1584 1269 1655 pulchritudo
1311 1583 1502 1649 allicit,
1540 1594 1600 1639 ut
1642 1586 1872 1641 extasim
1924 1585 2127 1643 faciens
2158 1588 2289 1643 nihil

289 1678 508 1748 aggredi
535 1675 725 1731 timeat
743 1672 828 1731 vel
857 1672 1132 1737 formidet,
1152 1672 1296 1745 quod
1319 1672 1372 1727 in
1395 1672 1692 1730 excessivis
1720 1673 2030 1730 amantibus
2055 1678 2292 1733 maxime

289 1772 374 1819 est
403 1763 769 1821 manifestum.
796 1762 878 1817 lta
900 1761 1067 1816 etiam
1093 1762 1163 1815 de
1192 1761 1310 1816 acie
1332 1759 1471 1817 bene
1498 1761 1748 1817 ordinata
1774 1752 2061 1833 contingit,
2080 1762 2138 1820 et
2166 1766 2290 1823 ideo

289 1856 462 1926 ipsam
493 1850 788 1909 terribilem
819 1857 999 1917 vocat,
1037 1850 1159 1907 sive
1197 1850 1266 1906 ad
1305 1844 2037 1922 pulchritudinem'sponsae,
2073 1853 2189 1909 sive
2220 1856 2287 1910 ad

289 1944 462 1999 aciem
488 1942 728 1996 referens
764 1939 830 1996 ex
853 1954 1021 1996 causa
1051 1940 1166 2010 jam
1205 1938 1373 1995 dicta.
1419 1940 1643 2009 Propter
1685 1940 1830 2013 quod
1870 1956 1973 1996 non
2017 1942 2291 1999 immerito

288 2030 358 2087 de
380 2029 542 2084 dictis
566 2027 814 2099 partibus
837 2035 921 2081 est
951 2024 1242 2095 agendum,
1275 2025 1405 2096 quia
1436 2026 1504 2081 ad
1530 2031 1781 2083 ornatum
1812 2026 2020 2082 faciunt
2050 2029 2288 2099 politiae;

289 2101 344 2173 et
369 2118 496 2190 quia
513 2117 674 2171 homo
700 2116 752 2169 in
784 2114 922 2169 bello
946 2114 1217 2185 praecipue
1248 2115 1512 2184 regimine
1537 2114 1743 2185 indiget
1774 2122 1994 2187 propter
2014 2116 2289 2173 difficilem

289 2214 344 2261 et
375 2204 670 2261 terribilem
702 2209 886 2258 actum
929 2206 1094 2274 quem
1139 2208 1377 2267 exercet,
1410 2202 1537 2257 inde
1573 2212 1934 2274 opportunum
1980 2204 2195 2261 videtur
2235 2207 2289 2262 in

289 2294 486 2350 castris
503 2290 802 2347 exercitum
819 2288 1063 2345 dividere
1080 2289 1134 2344 in
1159 2303 1445 2345 numerum
1471 2296 1702 2358 certum,
1718 2289 1941 2345 cuilibet
1962 2292 2289 2364 assignando

289 2385 567 2447 ducatum,
617 2396 709 2451 per
753 2394 916 2449 quem
960 2385 1184 2449 regatur
1227 2382 1286 2433 et
1323 2376 1593 2448 dirigatur
1644 2378 1712 2433 ad
1766 2380 2114 2450 pugnandum
2164 2398 2287 2438 cum
2355 2388 2364 2396 '

290 2470 556 2527 hostibus.
585 2468 760 2537 Quem
785 2465 1008 2538 quidem
1037 2465 1284 2536 accipere
1313 2479 1601 2537 possumus
1630 2481 1663 2523 a
1702 2466 1927 2537 Vegetio
1957 2468 2011 2522 in
2036 2470 2059 2523 1
2086 2468 2179 2524 lib.
2212 2472 2290 2527 De

290 2576 349 2614 re
384 2545 640 2622 militari,
668 2556 758 2611 ubi
787 2554 1061 2611 exercitus
1088 2552 1353 2610 dividitur
1377 2554 1434 2609 in
1468 2552 1726 2625 legiones,
1756 2553 1810 2609 in
1854 2571 1962 2628 quo
1990 2556 2123 2613 dicit
2152 2559 2290 2615 du'as

288 2648 536 2704 sufficere
572 2644 797 2701 cuilibet
824 2644 948 2699 duci
980 2642 1064 2697 vel
1093 2641 1322 2709 consuli,
1354 2641 1621 2713 legionem
1651 2642 1849 2700 dividit
1871 2644 1927 2699 in
1964 2644 2153 2703 decem
2191 2662 2291 2703 co-

289 2737 506 2802 hortes;
537 2734 633 2789 sed
654 2732 847 2789 cohors
866 2732 1042 2803 prima
1066 2745 1291 2786 numero
1311 2738 1366 2785 et
1391 2730 1587 2789 merito
1604 2731 1900 2789 antecedit.
1927 2734 2068 2789 Nam
2092 2750 2291 2806 genere

257 2822 512 2896 quidem
551 2829 606 2875 et
647 2820 954 2876 litterarum
995 2820 1354 2875 instructione
1402 2820 1550 2877 viros
1590 2820 1947 2877 electissimos
1976 2825 2195 2896 quaerit,
2232 2831 2291 2880 ut

291 2911 437 2967 idem
467 2908 634 2965 tradit
657 2908 955 2979 vegetius3
987 2924 1096 2979 quo
1121 2923 1218 2979 pro
1245 2913 1399 2963 tanto
1428 2908 1582 2975 dicit,
1612 2916 1675 2964 ut
1703 2919 1885 2967 castra
1914 2912 2087 2983 magis
2115 2913 2293 2968 confi-

290 2999 446 3067 dant,
487 2996 534 3053 si
584 2994 721 3052 tanti
769 2993 873 3050 viri
924 2994 980 3049 in
1016 2994 1192 3066 prima
1236 3002 1575 3066 exponantur
1614 2998 1752 3065 acie,
1784 3005 1841 3053 et
1883 3000 2011 3072 quia
2055 3002 2291 3057 maxime

291 3086 591 3160 requiritur
633 3081 1074 3153 sapientia,·ubi
1119 3082 1423 3154 periculum
1469 3084 1639 3139 totius
1679 3084 1949 3155 dependet
1995 3090 2289 3143 exercituS.

292 3176 423 3231 Haec
450 3180 635 3230 autem
659 3174 855 3228 cohors
875 3168 1118 3243 aquilam
1143 3170 1374 3243 suscipit
1402 3170 1617 3241 signum
1656 3168 1989 3243 praecipuum
2013 3175 2313 3230 Romanc·.

295 3279 414 3321 rum
439 3268 767 3319 castrorum.
799 3269 854 3315 et
887 3261 1056 3315 totius
1077 3258 1303 3329 legionis
1332 3259 1545 3331 insigne
1572 3276 1585 3314 t
1616 3260 1763 3331 quod
1795 3266 1849 3315 et
1874 3261 2295 3333 imperatoribus

295 3349 686 3423 posterioribus
723 3347 1106 3422 estrelictum,
1136 3348 1295 3419 cujus
1330 3346 1555 3420 quidem
1597 3346 1738 3403 ratio
1781 3349 2043 3419 assignari
2090 3358 2291 3422 potest,

294 3424 451 3513 quia,
477 3445 537 3493 ut
571 3437 715 3497 idem
743 3436 878 3493 dicit
913 3436 1196 3507 VegetiuS,
1222 3434 1478 3491 militaris
1505 3450 1731 3493 romana
1774 3428 2065 3509 disciplina
2092 3438 2296 3510 primas

295 3528 443 3585 acies
486 3525 724 3582 faciebat
767 3524 962 3580 alares.
1012 3525 1158 3579 Inter
1187 3538 1378 3582 omnes
1424 3529 1611 3582 autem
1650 3524 1834 3582 avium
1876 3525 1993 3583 alas
2039 3528 2299 3599 aquilinae

294 3624 422 3675 sunt
451 3614 725 3672 fortiores,
759 3612 852 3669 Vel
878 3613 1038 3669 aliter
1060 3612 1170 3669 dici
1201 3617 1401 3684 potest,
1433 3612 1581 3684 quod
1606 3612 1727 3668 ideo
1753 3613 1967 3685 signum
1996 3615 2195 3687 aquilae
2218 3618 2298 3673 eis

297 3705 532 3763 traditur
553 3720 620 3759 ex
643 3701 1075 3775 praeeminentia,
1109 3699 1366 3757 videlicet
1388 3700 1447 3756 in
1474 3701 1697 3768 mundo,
1714 3704 1992 3775 'quantum
2021 3705 2093 3760 ad
2117 3705 2299 3761 domi-

296 3794 466 3862 nium,
485 3798 708 3865 propter
733 3789 1012 3848 coelestem
1033 3794 1090 3845 et
1110 3786 1358 3845 divinum
1385 3790 1659 3857 effectum,
1690 3807 1855 3863 quem
1877 3788 2169 3862 implorare
2197 3792 2301 3851 de-

297 3881 428 3940 bent
448 3881 725 3949 continue,
760 3886 824 3939 ut
849 3878 1086 3938 faciebat
1114 3877 1227 3935 illic
1252 3878 1507 3951 princeps
1532 3878 1703 3938 «ludas
1733 3878 2100 3953 machabaeus,
2122 3883 2301 3955 quiin
