2784 4392
531 326 650 393 182
1003 314 1057 393 s.
1100 314 1333 393 'reema
1375 312 1702 398 neuma-ns
1742 314 2053 391 croscum

531 463 711 521 danda
741 480 828 521 res
863 464 1056 536 petita,
1088 464 1184 520 sed
1214 464 1516 537 correptio;
1549 463 1646 519 sed
1674 460 1725 518 ei
1763 460 1858 535 qui
1892 459 2142 519 ordinate
2168 460 2326 534 petit,
2355 458 2538 516 danda

532 559 618 608 est
646 568 752 620 res,
781 553 826 608 si
855 551 1086 609 facultas
1110 553 1273 612 adsit.
1300 552 1455 609 Unde
1478 544 1777 622 Gregorius
1802 565 1929 606 xxi.
1962 549 2185 615 Moral„
2217 566 2381 623 super
2404 548 2535 604 illud

533 639 651 697 Iob.
685 658 706 697 .·
737 661 763 694 α
795 642 850 697 Si
882 640 1094 712 negavi,
1127 640 1272 713 quod
1301 638 1557 695 volebant
1587 638 1933 712 pauperibus,
1968 659 1994 689 »
2026 638 2160 695 dicit
2189 655 2202 691 ε
2234 657 2259 690 α
2291 639 2390 693 Per
2422 636 2536 693 haec

533 728 677 785 dicta
708 729 789 785 vir
816 736 1039 785 sanctus
1077 728 1316 785 ostendit
1346 744 1451 783 non
1481 728 1654 784 solum
1686 728 1757 785 ad
1784 728 2023 799 inopiam
2062 725 2408 800 pauperibus,
2442 726 2535 782 sed

533 818 701 873 etiam
735 817 804 872 ad
849 816 1080 873 habendi
1111 816 1443 872 desiderium
1485 816 1808 887 deservisse.
1851 816 1955 872 Sed
2000 816 2151 888 quid,
2186 816 2228 871 si
2272 815 2389 885 ipsa
2421 813 2538 869 vel·

533 902 645 958 lent
683 918 968 975 pauperes,
1012 919 1137 977 quae
1167 903 1398 959 fortasse
1440 904 1688 976 accipere
1716 918 1823 959 non
1852 901 2177 975 expediret?
2206 904 2289 957 An
2320 901 2450 973 quia
2480 900 2532 955 in

533 992 810 1063 Scriptura
843 1007 1000 1048 sacra
1037 1006 1302 1065 pauperes
1331 992 1562 1047 humiles
1590 992 1697 1047 dici
1741 991 1936 1057 solent,
1968 1006 2032 1047 ea
2070 990 2185 1046 sola
2214 988 2535 1047 aestimanda

534 1087 680 1144 sunt,
709 1095 832 1151 quae
857 1095 1122 1151 pauperes
1141 1082 1388 1154 accipere
1415 1080 1622 1145 volunt,
1654 1095 1777 1152 quae
1802 1078 2034 1134 humiles
2058 1077 2295 1149 petunt?
2319 1076 2387 1133 Et
2409 1093 2538 1149 pro·

535 1166 793 1222 culdubio
821 1174 1039 1239 oportet
1081 1176 1140 1223 ut
1173 1168 1551 1224 incunctanter
1580 1167 1757 1234 detur,
1803 1166 2070 1239 quidquid
2105 1182 2231 1221 cum
2260 1159 2391 1221 vera
2435 1165 2538 1221 hu-

537 1255 768 1309 militate
809 1254 1124 1326 requiritur,
1179 1256 1232 1310 id
1281 1263 1363 1311 est
1399 1257 1543 1329 quod
1592 1272 1697 1311 non
1748 1272 1816 1311 ex
1846 1254 2135 1323 desideri0‚
2178 1256 2273 1309 sed
2321 1270 2390 1308 ex
2440 1269 2537 1309 ne-

449 1394 454 1399 .
535 1344 792 1399 cessitate
831 1342 1159 1416 postulatur.
1207 1345 1347 1400 Nam
1377 1342 1535 1399 valde
1559 1345 1675 1416 jam
1716 1343 1997 1416 superbire
2037 1351 2121 1399 est
2163 1349 2317 1399 extra
2360 1347 2537 1397 metas

519 1432 734 1503 -inopiae
759 1424 964 1505 aliquid
984 1432 1314 1488 desiderare.
1345 1452 1370 1485 ιο
1390 1435 1545 1490 Patet
1565 1448 1693 1505 ergo
1714 1434 1856 1505 quod
1877 1431 2187 1505 petentibus
2208 1431 2275 1487 ad
2294 1431 2538 1486 necessi-

536 1528 708 1575 tatem
733 1521 912 1578 danda
930 1528 1013 1576 est
1033 1520 1403 1577 indubitanter
1422 1538 1530 1591 reS,
1563 1522 1656 1578 sed
1675 1522 1985 1595 petentibus
2008 1520 2077 1577 ad
2102 1520 2538 1594 superfluitatem

536 1609 716 1665 danda
745 1616 828 1665 est
853 1611 1146 1683 correptio.

606 1698 688 1753 Ad
733 1704 990 1770 quartum
1033 1699 1342 1767 dicendum,
1377 1699 1522 1772 quod
1550 1704 1678 1756 tunc
1714 1700 1769 1755 in
1812 1714 2028 1773 poenam
2057 1697 2427 1755 subtrahenda
2458 1703 2539 1753 est

539 1786 884 1858 eleemosyna
912 1787 1240 1858 petentibus,
1274 1788 1493 1860 quando
1526 1803 1592 1844 ex
1621 1788 1862 1862 acceptis
1887 1787 2227 1843 occasionem
2248 1786 2539 1857 injustitiae

438 1899 441 1901 ·
540 1872 824 1927 manifeste
864 1873 1157 1945 accipiunt,
1204 1890 1304 1929 nec
1330 1881 1510 1931 tamen
1542 1876 1708 1931 etiam
1750 1876 1827 1933 ita
1868 1883 1996 1931 sunt
2024 1875 2103 1931 eis
2127 1874 2535 1941 subtrahendae,

539 1962 669 2033 quin
702 1960 755 2015 in
788 1960 982 2016 ultima
1022 1962 1347 2017 necessitate
1375 1963 1456 2017 eis
1484 1961 1858 2021 subveniatur.
1888 1962 2145 2034 Religiosi
2176 1968 2360 2018 autem
2398 1978 2540 2034 pau·

537 2058 697 2121 peres
724 2064 832 2103 non
866 2065 932 2103 ex
963 2048 1322 2121 eleemosynis
1352 2050 1591 2122 acceptis
1620 2052 1687 2107 ad
1718 2052 2041 2124 injustitiam
2081 2051 2401 2117 abutuntur,
2440 2050 2535 2109 sed

539 2135 714 2208 magis
745 2152 841 2209 per
867 2152 961 2193 eas
994 2138 1060 2193 ad
1084 2138 1318 2210 justitiae
1347 2155 1509 2212 opera
1540 2146 1937 2208 sustentantur,
1970 2139 2112 2196 unde
2140 2139 2282 2196 ratIo
2306 2152 2415 2193 non
2452 2142 2536 2195 est

513 2226 608 2281 ‘ad
638 2226 994 2298 propositum.

610 2314 691 2369 Ad
735 2315 986 2386 quintum
1031 2313 1340 2382 dicendum,
1395 2318 1540 2389 quod
1584 2316 1899 2373 Ambrosius
1944 2332 2053 2373 non
2081 2315 2213 2373 dicit
2256 2314 2534 2388 pensanda

540 2418 658 2459 esse
699 2404 756 2457 in
809 2403 911 2472 his,
959 2403 1156 2477 quibus
1197 2406 1359 2461 datur
1405 2405 1767 2479 eleemosyna,
1809 2404 2146 2460 debilitatem
2189 2405 2435 2475 corporis
2481 2409 2535 2461 et

539 2493 943 2560 verecundiam,
971 2495 1128 2566 quasi
1150 2495 1388 2550 rationes
1414 2494 1597 2563 dandi,
1622 2495 1751 2566 quia
1773 2494 1912 2551 ratio
1936 2492 2102 2549 dandi
2126 2501 2209 2547 est
2234 2491 2534 2563 indigentia

540 2584 658 2653 ejus
684 2582 771 2638 cui
803 2582 984 2649 datur,
1025 2582 1118 2637 sed
1161 2582 1316 2654 quasi
1365 2582 1603 2638 rationes
1649 2598 1817 2653 quare
1847 2581 1930 2637 his
1971 2573 2144 2651 magis
2171 2580 2289 2637 dari
2314 2579 2531 2636 debeat.

539 2669 693 2737 Unde
715 2685 823 2725 non
852 2671 1099 2741 sequitur
1134 2670 1277 2741 quod
1309 2686 1417 2725 non
1453 2669 1722 2725 debilibus
1750 2668 1833 2727 vel
1862 2669 1945 2725 his
1974 2684 2099 2741 quae
2134 2684 2239 2724 non
2267 2684 2536 2725 verecun-

541 2758 742 2811 dantur
771 2752 1037 2830 accipe‘re‚
1072 2773 1176 2814 uon
1202 2758 1274 2813 sit
1301 2758 1561 2825 dandum,
1594 2759 1689 2814 sed
1718 2759 1861 2831 quod
1892 2758 2159 2814 debilibus
2187 2765 2241 2813 et
2266 2765 2535 2813 verecun-

543 2845 629 2899 dis
653 2845 826 2915 magis
845 2847 916 2900 sit
945 2845 1203 2913 dandum,
1229 2848 1444 2903 caeteris
1465 2846 1706 2920 paribus,
1734 2848 1862 2920 quia
1890 2846 2165 2919 praedictae
2192 2845 2317 2902 duae
2340 2846 2526 2903 condi·

545 2934 720 2987 tiones
745 2947 850 2988 non
875 2943 1000 2988 sunt
1028 2932 1176 3000 solae,
1207 2950 1330 3006 quae
1355 2934 1587 2992 debeant
1608 2951 1822 2991 movere
1852 2935 1921 2991 ad
1952 2936 2123 3006 magis
2150 2934 2413 3001 dandum,
2440 2934 2537 2989 sed

540 3021 726 3077 multae
751 3022 914 3087 -aliae,
955 3022 1096 3077 sieut
1141 3022 1356 3077 bonitas
1404 3038 1666 3096 personae,
1712 3014 2105 3095 propinquitaS,
2138 3022 2441 3095 indigentia
2482 3026 2537 3077 et

539 3108 710 3166 multa
758 3110 1083 3182 hujusmodi.
1122 3113 1236 3167 Neo
1274 3118 1454 3167 tamen
1489 3111 1815 3168 verecundia
1857 3112 2157 3183 accipiendi
2194 3118 2279 3165 est
2318 3117 2533 3167 tantum

537 3196 594 3254 in
620 3198 743 3261 illis,
776 3201 868 3271 qui
893 3216 990 3256 sua
1019 3199 1280 3257 violenter
1310 3200 1628 3267 amiserunt,
1660 3200 1753 3256 sed
1780 3201 1943 3256 etiam
1988 3202 2043 3255 in
2072 3198 2177 3255 illis
2214 3200 2307 3272 qui
2338 3196 2536 3255 volun-

537 3288 674 3344 tarie
703 3304 802 3344 sua
823 3288 1146 3345 dimiserunt
1174 3294 1392 3360 propter
1422 3288 1717 3355 Christum,
1743 3303 1867 3345 cum
1892 3287 2221 3361 quandoque
2244 3287 2535 3359 {equaliter

533 3376 753 3447 utrique
785 3376 1046 3447 ingenuas
1069 3375 1280 3432 natales
1301 3376 1555 3444 habeant,
1584 3392 1720 3449 quos
1749 3378 2071 3433 verecundia
2098 3375 2299 3449 prodit,
2332 3392 2535 3448 quam-

536 3465 618 3520 vis
633 3464 771 3520 forte
790 3464 1078 3519 voluntarii
1104 3477 1367 3537 pauperes
1387 3466 1562 3537 magis
1588 3465 1971 3522 verecundiam
1990 3464 2187 3521 rationi
2214 3464 2530 3537 subjiciant,

491 3593 495 3595 ψ
535 3553 676 3609 sicut
699 3558 756 3607 et
780 3559 990 3609 ceteras
1019 3554 1320 3625 passiones·

603 3639 687 3697 Ad
716 3648 928 3706 sextum
958 3640 1268 3709 dicendum,
1301 3642 1445 3715 quod
1472 3658 1594 3700 cum
1618 3643 1805 3701 multae
1832 3644 1942 3700 sint
1970 3642 2328 3711 conditioneS‚
2360 3658 2534 3715 quare

534 3727 693 3784 alicui
735 3730 916 3801 potius
945 3730 1017 3785 sit
1058 3729 1401 3803 eleemosyna
1432 3732 1609 3788 danda
1652 3748 1818 3805 quam
1864 3731 2042 3798 alteri,
2076 3738 2133 3787 ut
2173 3730 2384 3786 dictum
2424 3739 2529 3799 est,

533 3830 641 3869 non
673 3823 850 3887 potest
876 3833 943 3873 ex
969 3832 1076 3873 una
1105 3816 1221 3874 sola
1245 3819 1554 3876 conditione
1588 3820 1835 3877 absolute
1860 3818 2108 3875 concludi
2151 3817 2298 3890 quod
2333 3819 2428 3875 tali
2458 3818 2531 3873 sit

536 3904 880 3975 eleemosyna
916 3918 1130 3979 semper
1163 3906 1337 3977 magis
1375 3906 1574 3978 danda,
1621 3914 1681 3965 ut
1709 3914 1842 3983 puta
1878 3908 2021 3984 quod
2052 3906 2225 3981 magis
2262 3906 2533 3981 indigenti
