2784 4392
498 248 638 296 xm.
667 262 748 279 -
778 246 1017 293 commi
1059 244 1245 295 aare.
1287 245 1444 295 nou.
1487 246 1571 293 Aa
1608 245 1856 295 means.
1902 247 2111 300 name.
2232 232 2313 295 49

296 364 620 423 Diviserunt
659 363 763 420 sibi
802 362 1111 419 vestimenta
1153 378 1290 431 mea,
1333 370 1383 421 et
1422 379 1585 437 super
1621 370 1811 420 vestem
1852 381 2020 421 meam
2049 364 2309 423 miserunt

295 464 511 511 sortem.
561 456 715 510 Hanc
755 459 938 509 autem
985 452 1162 509 crucis
1189 453 1497 509 nuditatem
1540 469 1637 527 per
1662 452 2027 511 voluntariam
2072 473 2313 529 pauper-

297 550 468 600 tatem
489 544 734 599 homines
759 551 1080 615 sequuntur,
1111 548 1165 597 et
1193 544 1464 615 praecipue
1491 544 1581 614 qui
1614 544 2017 615 possessionum
2042 540 2310 601 reditibus

296 639 487 690 car-ent
515 651 528 687 ;
563 632 704 687 unde
735 631 869 686 dicit
907 632 1270 705 Hieronymus
1298 631 1366 686 ad
1394 632 1674 687 Paulinam
1709 628 2088 706 presbyterum
2119 650 2132 688 ε
2167 655 2193 685 (ι
2229 636 2311 689 Tu

297 723 487 780 audita
533 720 803 777 sententia
842 719 1144 777 Salvatoris
1176 738 1188 774 :
1220 719 1279 775 Si
1321 720 1401 775 vis
1422 727 1691 793 perfectus
1734 737 1857 786 esse,
1890 721 2018 777 vade
2061 729 2113 779 et
2147 723 2311 779 vende

295 811 477 867 omnia
521 826 637 885 quoe
680 809 853 874 Ιιαὺεε,
898 815 947 865 et
975 808 1044 864 da
1079 809 1423 881 pauperibus,
1473 814 1521 864 et
1564 808 1706 876 veni,
1749 826 1959 882 sequere
1996 827 2097 877 me,
2145 811 2310 869 verba

295 902 465 960 vertis
494 901 549 955 in
597 915 781 972 opera,
827 904 883 953 et
926 898 1128 954 nudam
1171 914 1390 954 crucem
1420 898 1597 955 nudus
1625 914 1879 972 sequen3‚
1912 898 2218 972 expeditior
2255 908 2313 955 et

295 990 470 1048 levior
497 988 745 1045 ascendis
783 986 987 1043 scalam
1026 986 1213 1043 Jacob.
1263 985 1290 1039 >3
1329 987 1400 1041 Et
1441 994 1566 1059 post
1608 1002 1780 1060 pauca
1810 988 1996 1046 subdit
2028 1006 2042 1043 :
2087 998 2116 1042 ἀ
2163 988 2309 1047 Nihil

296 1075 556 1136 enim'est
591 1076 796 1149 grande
828 1077 970 1132 tristi
1001 1083 1055 1131 et
1098 1075 1266 1131 livida
1305 1075 1445 1131 facie
1474 1075 1561 1132 vel
1604 1074 1883 1144 simulare,
1916 1076 2001 1134 vel
2031 1086 2310 1135 ostentare

290 1168 518 1243 jejunia,
556 1166 959 1247 possessionum
995 1160 1260 1221 reditibus
1297 1164 1595 1233 abundare,
1640 1173 1695 1223 et
1725 1166 1832 1222 vile
1859 1169 2072 1241 jactare
2111 1168 2309 1241 pollio-

294 1258 430 1314 lum.
466 1278 493 1311 >2
523 1257 612 1315 Sic
651 1256 818 1327 igitur
849 1260 996 1326 patet
1028 1254 1277 1311 inimicos
1305 1270 1423 1310 esse
1449 1254 1628 1311 crucis
1658 1255 1855 1312 Christi
1887 1257 2177 1329 praedictos
2206 1259 2308 1315 ad·-

294 1347 567 1403 versarios
598 1342 956 1417 paupertatiS‚
991 1344 1082 1416 qui
1117 1350 1330 1399 terrena
1360 1345 1636 1417 sapientes
1668 1350 1913 1403 terrenas
1939 1346 2309 1420 possessiones

295 1436 365 1494 ad
412 1435 796 1509 perfectionem
831 1432 1183 1489 christianam
1229 1434 1505 1507 pertinere
1543 1433 1899 1503 arbitrantur,
1936 1451 2030 1509 per
2072 1450 2303 1511 quorum

295 1525 656 1598 abjectionem
684 1522 780 1579 fiat
809 1522 984 1577 minor
1014 1521 1298 1595 perfectio.

366 1616 462 1671 His
506 1615 682 1685 igitur·
717 1612 864 1669 circa
893 1612 1038 1667 viam
1082 1610 1284 1667 Christi
1323 1609 1685 1668 consideratis
1731 1616 1844 1667 tam
1890 1612 2115 1683 in,ej11s
2158 1619 2303 1679 ortu,

295 1720 463 1779 quam
490 1704 547 1759 in
587 1716 704 1773 eJus
746 1716 1053 1773 progressu,
1086 1715 1251 1773 quam
1293 1699 1462 1756 etiam
1500 1700 1557 1754 in
1598 1700 1716 1772 ipso
1744 1699 1926 1757 crucis
1964 1715 2196 1773 occasu3
2236 1702 2306 1759 ad

295 1793 498 1852 Christi
536 1790 837 1847 doctrinam
863 1790 1207 1856 accedamuS,
1241 1788 1334 1863 qui
1360 1788 1655 1861 discipulos
1679 1788 1840 1845 simul
1870 1797 1925 1847 et
1960 1789 2150 1846 turbas
2187 1791 2306 1847 ins-

296 1891 504 1948 truenS,
534 1897 565 1937 a
593 1888 912 1954 paupertate
950 1878 1276 1952 principium
1313 1878 1567 1950 sumpsit,
1600 1878 1792 1934 Matth.
1823 1894 1879 1948 v,
1908 1882 1961 1945 3,
1999 1879 2089 1935 ubi
2120 1880 2255 1937 dicit

297 1971 453 2031 Beati
473 1986 735 2044 pauperes
777 1968 998 2041 spiritu,
1037 1967 1183 2041 quod
1213 1968 1577 2042 Hieronymus
1606 1983 1881 2041 exponens
1910 1968 2043 2025 dicit
2084 1986 2099 2025 :
2137 1988 2163 2023 α
2200 1970 2303 2042 Qui

296 2062 503 2118 scilicet
551 2065 770 2132 propter
805 2057 1067 2130 Spiritum
1095 2063 1346 2113 sanctum
1378 2056 1660 2113 voluntate
1689 2065 1817 2113 sunt
1856 2073 2144 2131 pauperes,
2176 2077 2207 2113 1>
2248 2066 2303 2115 et

295 2152 439 2207 sicut
461 2149 780 2207 Ambrosius
806 2147 940 2203 dicit
969 2163 1131 2220 super
1170 2147 1304 2203 Luc.
1344 2162 1357 2200 ε
1389 2165 1418 2199 α
1464 2147 1699 2203 Primam
1738 2146 2139 2205 beatitudinem
2165 2164 2305 2222 pau-

297 2242 525 2315 pertatis
569 2244 797 2317 uterque
844 2234 1179 2305 evangelista
1219 2233 1421 2308 posuit.
1468 2234 1673 2316 Ordine
1719 2236 1864 2293 enim
1895 2237 2068 2310 prima
2111 2245 2214 2305 est,
2249 2248 2305 2295 et

296 2345 491 2405 parens
534 2326 788 2402 quaedam
823 2325 1242 2399 generatrixque
1284 2324 1573 2391 virtutum,
1620 2324 1749 2398 quia
1778 2326 1874 2399 qui
1916 2329 2304 2400 contempserit

296 2416 598 2483 saecularia,
640 2418 754 2489 ipse
797 2413 1096 2470 merebitur
1131 2412 1464 2485 sempiterna
1497 2430 1509 2469 :
1542 2428 1642 2467 nec
1670 2418 1850 2485 potest
1873 2414 2105 2489 quisque
2133 2417 2304 2473 meri·
2346 2428 2351 2433 ·

299 2517 412 2565 tum
442 2507 591 2578 regni
620 2504 860 2563 coelestis
885 2502 1132 2576 adipisci,
1165 2501 1258 2575 qui
1283 2501 1473 2557 mundi
1502 2501 1801 2573 cupiditate
1831 2518 2121 2582 possessus
2138 2514 2241 2562 est.
2276 2526 2303 2559 n

296 2596 482 2667 Qualis
507 2601 690 2653 autem
714 2608 917 2665 pauper
943 2591 1139 2665 spiritu
1166 2591 1461 2664 praecipuae
1486 2590 1559 2647 sit
1583 2590 1783 2645 Beatus
1805 2589 2036 2646 Basilius
2059 2593 2301 2649 ostendit

296 2688 484 2745 dicens
515 2702 530 2741 ε
576 2704 602 2737 α
633 2686 832 2740 Beatus
870 2697 1074 2755 pauper
1112 2680 1270 2755 quasi
1303 2679 1516 2742 ‚Christi
1546 2678 1865 2751 discipuluS,
1898 2681 1992 2754 qui
2023 2697 2119 2754 pro
2150 2683 2305 2739 nobis

296 2779 672 2851 paupertatem
704 2771 964 2827 sustinuit
996 2786 1009 2825 ι
1041 2760 1162 2827 eam
1191 2770 1307 2843 ipse
1336 2770 1601 2826 Dominus
1632 2770 1914 2843 quodlibet
1937 2786 2073 2843 opus
2104 2772 2301 2845 imple-

297 2866 394 2932 vit,
441 2862 586 2936 quod
625 2860 693 2918 ad
729 2858 1124 2917 beatitudinem
1153 2858 1324 2926 ducit,
1358 2872 1417 2915 se
1455 2858 1704 2933 praebens
1735 2859 2011 2930 exemplar
2038 2860 2307 2919 discenti-

295 2950 419 3006 bus·
467 2969 495 3001 n
537 2949 820 3020 Nusquam
848 2940 1032 3005 autem
1061 2947 1323 3003 Dominus
1369 2946 1570 3019 legitur
1613 2936 1981 3021 possessiones
2028 2949 2305 3009 habuisse.

294 3041 416 3097 Non
445 3037 610 3109 igitur
638 3032 993 3093 beatitudinis
1020 3036 1410 3092 detrimentum
1446 3035 1609 3091 habet
1642 3043 1941 3109 'paupertas
1970 3053 2178 3106 eorum,
2211 3042 2306 3117 qui

297 3126 727 3202 possessionibus
755 3141 943 3182 carere
982 3126 1170 3181 volunt
1203 3133 1428 3199 propter
1461 3124 1757 3195 Christum,
1788 3126 1882 3184 sed
1914 3129 2089 3199 magis
2127 3130 2308 3187 beati-

297 3218 504 3274 tudinis
533 3223 882 3287 augmentum
917 3231 930 3273 z
958 3214 1153 3270 deinde
1182 3212 1447 3270 Dominus
1479 3212 1667 3269 electis
1696 3214 1985 3272 duodecim
2009 3217 2305 3288 ApostoliS,

295 3308 365 3366 ad
405 3304 810 3379 praedicandum
839 3318 932 3360 eos
979 3302 1218 3369 mittens,
1251 3318 1511 3359 concessa
1540 3302 1619 3359 eis
1648 3302 2033 3361 miraculorum
2077 3306 2304 3378 pietate,

293 3382 440 3453 inter
464 3398 662 3447 caetera
684 3394 811 3449 vitae
831 3392 1175 3457 documenta,
1203 3392 1380 3463 primo
1402 3391 1615 3447 inducit
1634 3393 1975 3465 paupertatis
1999 3392 2307 3451 doctrinam

295 3484 484 3540 dicens
503 3479 694 3537 Matth.
723 3494 784 3543 x,
818 3484 850 3534 9
874 3496 886 3533 :
913 3478 1091 3536 Nolite
1106 3478 1376 3549 possidere
1400 3494 1617 3545 aurum,
1647 3496 1740 3535 nec
1768 3489 2049 3551 arqentum
2074 3482 2132 3537 in
2159 3484 2311 3539 zonis

295 3572 507 3637 vestris,
538 3584 648 3625 ‘non
685 3583 872 3641 peram
920 3566 980 3621 in
1005 3565 1113 3631 via,
1159 3566 1304 3638 quod
1347 3582 1623 3637 exponens
1659 3568 1925 3625 Eusebius
1960 3572 2311 3631 Caesariensis

295 3657 429 3717 dicit
462 3677 474 3713 ε
507 3678 533 3711 «
567 3653 893 3714 Prohibebat
915 3651 992 3707 eis
1018 3651 1136 3707 auri
1163 3656 1218 3708 et
1243 3653 1454 3723 argenti
1483 3660 1538 3707 et
1562 3654 1691 3709 aeris
1717 3656 2135 3729 possessionem,
2160 3675 2311 3733 prae.

297 3749 605 3821 cognitione
634 3745 961 3803 futurorum.
995 3735 1410 3813 contemplatur
1432 3739 1575 3799 enim
1606 3744 1749 3817 quod
1778 3746 1872 3820 qui
1898 3747 2122 3804 sanandi
2150 3756 2309 3805 erant

297 3855 392 3945 per
410 3854 522 3949 eos,
551 3842 608 3895 et
631 3834 904 3901 abincurr
899 3830 1112 3889 bilibus
1132 3847 1226 3905 pas
1203 3830 1473 3889 sionibus
1498 3830 1784 3903 liberandi,
1805 3835 2003 3901 vellent
2022 3854 2101 3901 eis
2116 3839 2311 3899 cedere

805 3950 856 4000 S.
889 3950 1045 4003 'laon-
1079 3950 1166 4008 Ao.
1201 3948 1467 4003 oensem.
1488 3949 1633 4003 -111
1689 3951 1805 4011 -4
