2784 4392
481 349 602 410 438
960 369 1013 415 s.
1056 368 1293 414 vaomar
1331 368 1665 419 nomm-ns
1706 366 2019 416 orusouut

483 484 647 540 Hebr.
677 498 717 552 1,
741 488 774 542 3
801 498 820 543 e
849 484 1097 554 Quicum
1118 486 1191 544 sit
1231 486 1480 560 splendor
1518 486 1735 561 ylorioe3
1761 485 1999 559 Spiritus
2038 480 2231 542 ‘autem
2275 490 2507 543 sanctus

485 573 554 629 ab
583 580 814 650 utroque
840 576 1104 647 procedit,
1138 575 1281 633 sicut
1308 577 1460 633 calor
1500 593 1534 634 a
1571 576 1684 633 sole
1713 585 1768 633 et
1799 576 1953 632 radio
1986 593 1999 629 :
2034 575 2179 631 unde
2207 576 2416 631 dicitur
2446 577 2505 631 in

486 662 683 718 Psalm.
709 679 882 730 xvm,
914 666 950 720 7
978 682 991 719 z
1017 665 1127 723 Nec
1158 672 1233 723 est
1271 666 1364 738 qui
1407 682 1459 721 so
1498 665 1779 723 abscondat
1815 681 1850 720 a
1877 665 2050 721 calore
2083 664 2219 736 ejus.
2241 666 2349 722 Sed
2396 664 2504 721 hoc

484 752 791 825 exemplum
820 753 1025 822 delicit,
1059 760 1323 826 quantum
1353 754 1423 811 ad
1470 755 1574 811 hoc
1604 754 1749 827 quod
1788 754 1867 809 sol
1907 768 2014 809 non
2044 770 2260 826 semper
2291 754 2415 819 fuit,
2445 759 2503 809 et

483 837 609 893 ideo
644 854 746 895 nec
800 839 986 896 radius
1031 841 1149 912 ejus
1185 856 1401 913 semper
1443 840 1514 898 ab
1555 857 1618 897 eo
1662 841 1963 914 processit3
2008 839 2138 913 quia
2176 856 2308 897 vero
2350 842 2500 895 Deus

485 928 645 983 Pater
672 943 888 1000 semper
916 928 1039 998 suit„
1069 946 1280 1002 semper
1321 930 1390 988 ab
1432 946 1496 986 eo
1529 930 1796 1003 processit
1836 928 2027 997 Filius,
2055 936 2112 984 et
2148 928 2219 985 ab
2260 935 2499 1001 utroque

484 1014 717 1087 Spiritus
742 1024 985 1074 sanctus·
1003 1019 1189 1075 Potest
1214 1026 1269 1074 et
1288 1018 1436 1075 aliud
1463 1017 1770 1090 exemplum
1799 1018 1925 1090 poni
1953 1019 2009 1073 in
2026 1017 2208 1074 anima
2232 1017 2494 1083 bumana,

486 1104 541 1158 iu
584 1120 692 1176 qua
741 1106 965 1163 verbum
1009 1106 1239 1164 interius
1276 1114 1602 1179 conceptum
1645 1124 1679 1164 a
1716 1107 1979 1163 memoria
2020 1106 2285 1178 procedit,
2324 1113 2382 1161 et
2428 1106 2500 1163 ab

483 1201 719 1265 utroque
748 1196 994 1267 procedit
1025 1212 1198 1252 amor.
1228 1197 1295 1251 Et
1321 1198 1398 1252 ita
1428 1197 1595 1252 etiam
1622 1211 1655 1251 a
1680 1197 1841 1252 Patre
1872 1195 2118 1267 procedit
2145 1193 2314 1249 Filius
2352 1195 2497 1251 sicut

485 1281 710 1336 verbum
739 1285 874 1354 ejtis,
907 1290 963 1338 et
985 1284 1218 1355 Spiritus
1243 1291 1469 1340 sanctus
1488 1285 1631 1339 sicut
1658 1299 1812 1339 amor
1840 1283 2147 1339 communis
2179 1283 2493 1355 utriusque.

486 1369 591 1427 Sed
621 1370 724 1425 hoc
746 1371 1053 1444 exemplum
1087 1372 1272 1428 deficit
1297 1372 1352 1427 in
1391 1372 1624 1428 duobuS.
1652 1374 1835 1428 Primo
1877 1372 2120 1446 quidem,
2153 1372 2285 1443 quia
2329 1371 2495 1427 intel-

488 1457 663 1512 lectus
691 1456 960 1514 humanus
987 1474 1096 1514 non
1125 1475 1339 1532 semper
1362 1460 1487 1516 fuit.
1516 1460 1787 1531 Secund0‚
1815 1460 1943 1534 quia
1975 1476 2085 1515 non
2118 1476 2334 1533 semper
2370 1477 2496 1515 ver-

491 1547 620 1602 bum
663 1547 716 1601 in
759 1549 923 1604 corde
967 1564 1064 1605 suo
1115 1549 1406 1605 actualiter
1456 1549 1724 1621 concipit3
1769 1548 1866 1606 sed
1918 1548 2227 1605 intellectus
2278 1549 2498 1606 divinus

491 1650 706 1707 semper
755 1635 877 1703 fuit,
934 1646 990 1693 et
1045 1652 1259 1709 semper
1309 1637 1516 1711 absque
1571 1637 1973 1693 intermissione
2023 1636 2299 1708 intelligit,
2358 1640 2499 1693 unde

490 1740 706 1796 semper
735 1724 790 1779 in
818 1741 884 1782 eo
925 1726 1102 1782 oritur
1145 1726 1402 1795 Verbum,
1435 1726 1583 1801 quod
1629 1735 1713 1783 est
1750 1725 1937 1795 Filius,
1960 1734 2017 1782 et
2054 1726 2303 1799 procedit
2332 1730 2500 1782 Amor

492 1813 587 1884 qui
617 1820 700 1868 est
729 1813 966 1885 Spiritus
993 1821 1236 1870 sanctus.
1333 1818 1336 1821 ’

564 1900 703 1969 Quia
732 1916 865 1958 vero
894 1901 1134 1959 baeretici
1175 1903 1364 1958 Ariani
1403 1896 1599 1959 Filium
1641 1904 1789 1959 Patri
1830 1904 2248 1976 postponebant,
2278 1913 2336 1961 et
2372 1906 2501 1977 Spi-

493 1988 662 2044 ritum
686 1996 936 2045 sanctum
962 1990 1338 2064 utrique,ideo
1356 1990 1460 2047 hoc
1488 1999 1884 2064 consequenter
1906 1992 2168 2049 excludit.
2194 1992 2292 2048 Est
2315 2002 2500 2050 autem

495 2076 952 2133 considerandum
997 2078 1144 2149 quod
1186 2078 1373 2135 Ariani
1417 2079 1818 2155 postponebant
1860 2079 2053 2159 Filium
2101 2082 2270 2137 Patri.
2318 2084 2501 2139 Primo

497 2164 717 2238 quidem
743 2173 1007 2239 quantum
1037 2166 1106 2223 ad
1130 2167 1445 2235 essentiam,
1475 2168 1721 2224 dicentes
1751 2168 1898 2242 quod
1928 2171 2165 2225 essentia
2208 2171 2386 2227 Patris
2415 2181 2500 2228 est

496 2255 710 2325 dignior
735 2270 898 2327 quam
919 2255 1158 2311 essentia
1171 2254 1312 2322 Filii,
1337 2262 1391 2311 et
1417 2257 1485 2312 ad
1512 2257 1615 2312 hoc
1638 2256 2033 2313 excludendum
2063 2258 2281 2315 subdit:
2307 2280 2333 2312 α
2354 2260 2501 2315 Con-

498 2343 904 2411 substantiales,
942 2364 967 2396 »
996 2346 1126 2418 quia
1154 2344 1364 2401 scilicet
1393 2346 1628 2417 essentia
1653 2346 1831 2401 Patris
1862 2353 1917 2400 et
1936 2344 2056 2401 Filii
2086 2362 2194 2403 una
2224 2355 2325 2414 est,
2359 2354 2415 2403 et
2444 2350 2498 2403 in

502 2447 608 2488 uno
632 2432 1169 2490 differens.Secundo
1196 2448 1323 2489 vero
1352 2442 1618 2507 quantum
1640 2432 1710 2491 ad
1739 2434 2194 2505 magnitudinem,
2216 2451 2323 2492 non
2352 2438 2498 2509 quod

501 2523 554 2577 in
580 2522 695 2578 Deo
717 2522 790 2578 sit
816 2521 1131 2594 magnitudo
1160 2522 1339 2591 molis,
1367 2522 1464 2578 sed
1491 2523 1806 2595 magnitudo
1837 2524 2072 2591 virtutiS,
2106 2540 2231 2597 quae
2258 2534 2341 2582 est
2370 2541 2497 2597 per-

500 2610 665 2667 sectio
692 2610 954 2668 bonitatis
989 2626 1122 2669 suae.
1151 2610 1419 2667 Dicebant
1463 2612 1606 2667 enim
1642 2612 1858 2669 Patrem
1900 2628 2021 2668 esse
2060 2613 2194 2669 Filio
2238 2614 2498 2686 majorem

499 2699 666 2755 ctiam
707 2698 1005 2755 secundum
1043 2698 1419 2769 divinitatem;
1452 2708 1506 2755 et
1557 2696 1779 2757 adhoc
1820 2700 2215 2757 excludendum
2261 2702 2447 2758 subdit
2482 2720 2493 2755 :

503 2805 531 2837 α
584 2785 920 2857 Coaequales.
975 2804 1001 2834 »
1049 2785 1360 2841 Secundum
1415 2784 1810 2843 humanitatem
1862 2803 1991 2845 vero
2046 2788 2309 2844 Dominus
2363 2789 2493 2847 dicit

498 2872 714 2939 Joann„
740 2888 856 2938 xiv,
889 2876 954 2930 28
989 2889 1003 2927 t
1030 2871 1199 2929 Pater
1223 2874 1403 2946 major
1426 2891 1507 2930 me
1535 2882 1630 2931 est.
1658 2876 1860 2943 Tertia,
1894 2883 2160 2948 quantum
2196 2876 2266 2933 ad
2312 2884 2499 2949 potes-

503 2967 694 3028 tatem,
721 2960 966 3017 dicentes
992 2960 1188 3018 Filium
1217 2977 1327 3020 non
1354 2978 1474 3019 esse
1502 2964 1946 3037 omnipotentem,
1982 2972 2037 3021 et
2066 2966 2134 3021 ad
2165 2964 2269 3021 hoc
2308 2966 2500 3023 exclu-

498 3049 740 3106 dendum
787 3049 1084 3107 subditur:
1129 3072 1156 3105 <x
1189 3052 1256 3109 Et
1301 3054 1732 3125 coomnipotens.
1780 3073 1807 3106 ι)
1846 3053 2071 3123 Quarto,
2114 3062 2380 3126 quantum
2430 3054 2501 3109 ad

500 3138 864 3208 durationem,
890 3141 1020 3213 quia
1066 3141 1321 3198 dicebant
1365 3142 1561 3198 Filium
1608 3158 1713 3199 non
1750 3159 1964 3215 semper
2000 3143 2187 3210 fuisse,
2218 3143 2365 3200 etad
2396 3143 2502 3199 hoc

499 3228 896 3285 excludendum
937 3230 1124 3287 subdit
1155 3249 1169 3288 ε
1203 3252 1228 3285 α
1266 3227 1569 3288 Coaeterni.'
1594 3251 1619 3284 n
1645 3232 1867 3302 Quint0,
1898 3241 2163 3305 quantum
2197 3232 2265 3288 ad
2300 3248 2504 3305 opera·-

500 3318 723 3374 tionem.
757 3317 1021 3375 Dicebant
1051 3321 1194 3375 enim
1237 3322 1382 3393 quod
1427 3323 1589 3377 Pater
1622 3320 1949 3394 operabatur
1972 3338 2066 3393 per
2111 3321 2305 3377 Filium
2356 3324 2501 3379 sicut

499 3424 592 3480 per
630 3409 1048 3464 instrumentum
1089 3426 1264 3478 suum,
1299 3410 1382 3465 vel
1412 3410 1554 3465 sicut
1604 3426 1702 3482 per
1750 3411 2089 3478 ministrum;
2134 3408 2232 3465 sed
2278 3411 2347 3466 ad
2396 3411 2503 3468 hoc

498 3496 894 3554 excludendum
939 3497 1125 3554 subdit
1156 3514 1170 3552 ε
1205 3518 1230 3551 «
1269 3499 1447 3555 Unum
1484 3498 1864 3555 universorum
1911 3500 2260 3572 principium.
2297 3519 2323 3552 ι
2378 3502 2501 3556 Non

495 3585 640 3641 enim
667 3584 837 3641 Filius
855 3591 939 3640 est
958 3585 1105 3641 aliud
1125 3587 1453 3659 principium
1480 3602 1678 3654 rerum,
1695 3588 1850 3659 quasi
1876 3586 2102 3643 inferius
2126 3604 2292 3661 quam
2314 3590 2495 3657 Pater,

494 3674 589 3730 sed
619 3674 779 3731 ambo
803 3681 932 3730 sunt
954 3690 1122 3729 unum
1153 3676 1497 3746 principium,
1526 3684 1582 3731 et
1611 3675 1755 3747 quod
1782 3675 1989 3731 dictum
2020 3682 2105 3731 est
2128 3676 2196 3732 de
2236 3676 2371 3733 Filio
2408 3678 2501 3732 in·-

497 3762 848 3833 telligendum
872 3768 958 3817 est
982 3764 1146 3817 etiam
1176 3763 1244 3818 de
1263 3764 1470 3835 Spiritu
1499 3770 1710 3819 sancte.
2117 3753 2125 3761 ’

563 3849 770 3905 Deinde
798 3850 1011 3906 accedit
1039 3851 1109 3907 ad
1133 3849 1300 3907 alium
1324 3852 1635 3921 articulum,
1659 3852 1754 3926 qui
1779 3861 1861 3911 est
1890 3854 1959 3911 de
1982 3854 2261 3914 creatione
2288 3871 2496 3925 rerum,

495 3933 592 3988 ubi
617 3934 800 3991 varias
822 3936 1104 4007 opiniones
1138 3939 1400 3997 excludit.
1428 3941 1670 4000 Fuerunt
1696 3944 1842 4001 enim
1871 3944 2040 4019 aliqui
2070 3944 2501 4016 haeretici,sicut
