2784 4392
385 255 506 318 268
770 325 774 331 ⁸
861 269 916 320 a.
955 270 1189 316 πωπω
1231 269 1559 320 Aoumurs
1598 267 1917 320 orusouu

1135 478 1417 548 CAPUT
1487 479 1632 546 VII.

385 605 514 680 Hic
552 615 772 698 quaerit
819 619 1066 678 sanctus
1093 614 1345 686 Ductor,
1385 603 1546 692 'quid
1587 611 1887 692 proecipue
1927 627 2153 674 movere
2189 611 2395 676 debeat
2476 631 2481 634 ·

463 721 657 785 roffam
681 704 762 767 ad
781 705 1122 784 rependum,
1146 707 1356 764 utrum
1381 701 1571 762 honor
1599 701 1691 765 vel
1711 701 1936 782 floria,
1970 705 2028 766 et
2049 701 2229 782 ponit
2254 705 2393 783 opi-

463 794 666 858 niones
689 793 854 857 cirea
875 793 984 854 Ιιοο
1009 791 1162 873 quid
1185 791 1270 854 sit
1298 790 1632 854 tenendum.

453 925 723 994 Quoniam
751 932 935 980 autem
964 922 1265 980 secundum
1295 921 1577 995 praedicta,
1612 920 1757 992 regis
1785 926 1868 976 est
1902 920 2106 976 bonum
2136 920 2387 977 multitu-

385 1013 528 1068 dinis
555 1027 822 1086 quaerere‚
856 1011 1017 1074 nimis
1045 1012 1262 1068 videtur
1290 1023 1581 1068 onerosum
1610 1010 1755 1081 regis
1780 1008 2036 1074 officium,-
2064 1011 2169 1066 nisi
2198 1010 2247 1066 ei
2286 1009 2388 1066 ali-

384 1101 532 1176 quod
557 1101 836 1174 proprium
863 1100 1066 1158 bonum
1087 1116 1156 1160 ex
1177 1100 1279 1156 hoc
1305 1085 1639 1172 proreniret.
1668 1098 1899 1170 Oportet
1925 1099 2093 1170 igitur
2134 1099 2391 1156 conside·
2420 1087 2439 1190 Ι
2499 1153 2525 1162 „

383 1205 525 1256 rare,
559 1189 720 1262 quale
749 1191 821 1246 sit
848 1188 976 1244 boni
1005 1189 1151 1261 regis
1177 1189 1509 1244 conveniens
1537 1189 1843 1261 praemium.
2482 1183 2496 1198 '

457 1276 795 1348 Quibusdam
832 1278 1000 1348 igitur
1041 1278 1218 1332 visum
1261 1283 1346 1332 est
1387 1291 1495 1331 non
1542 1291 1662 1332 esse
1699 1276 1867 1342 aliud,
1900 1276 2002 1332 nisi
2046 1276 2304 1332 honorem
2333 1283 2389 1332 et

387 1367 636 1439 gloriam,
663 1367 810 1423 unde
856 1370 913 1422 et
952 1359 1169 1422 Tullius
1191 1366 1267 1422 De
1305 1363 1488 1436 repub.
1517 1364 1708 1422 definit
1738 1385 1765 1419 α
1804 1365 2106 1437 principem
2148 1363 2388 1422 civitatis

389 1469 510 1511 esse
535 1454 790 1516 alendum
830 1452 1022 1526 gloria,
1059 1472 1085 1508 n
1112 1454 1267 1524 cujus
1309 1452 1579 1510 rationem
1620 1452 1943 1510 Aristoteles
1987 1455 2041 1508 in
2080 1453 2175 1509 lib.
2206 1453 2384 1510 Echio.

389 1544 668 1616 assignare
691 1544 929 1612 videtur,
946 1563 972 1596 α
1000 1543 1128 1616 quia
1153 1542 1407 1616 princeps
1434 1541 1523 1598 cui
1549 1556 1657 1598 non
1684 1541 1884 1598 sufficit
1908 1541 2079 1597 honor
2106 1550 2162 1597 et
2192 1542 2383 1612 glorie,

385 1641 784 1706 consequenter
810 1641 1076 1706 tyrannus
1105 1620 1356 1688 efficitur.
1392 1649 1421 1684 υ
1450 1631 1597 1687 Inest
1626 1629 1770 1686 enim
1807 1631 2003 1687 animis
2032 1631 2294 1699 omnium,
2328 1637 2387 1685 ut

387 1723 667 1794 proprium
708 1721 911 1778 bonum
935 1728 1206 1794 quaerant.
1235 1720 1292 1776 Si
1331 1733 1463 1791 ergo
1490 1726 1781 1776 contentus
1804 1733 1911 1776 non
1946 1719 2111 1776 fuerit
2137 1720 2388 1792 princeps

387 1809 561 1882 gloria
585 1818 639 1866 et
663 1809 886 1877 honore,
915 1817 1126 1881 quaeret
1161 1809 1469 1881 voluptates
1491 1815 1548 1865 et
1576 1807 1819 1876 divitiae,
1847 1813 1905 1865 et
1943 1808 2026 1866 sic
2054 1808 2122 1866 ad
2170 1809 2387 1881 rapinas

387 1904 444 1953 et
466 1896 810 1954 subditorum
834 1897 1063 1968 injurias
1085 1903 1457 1952 convertetur.

457 1985 564 2044 Sed
595 1986 645 2043 si
671 1985 813 2042 hanc
838 1983 1166 2042 sententiam
1195 1985 1581 2056 receperimuS,
1604 1981 1841 2058 plurima
1863 1993 2167 2060 sequuntur
2194 1985 2387 2044 incon-

387 2073 684 2132 venientia.
715 2072 896 2128 Primo
923 2087 1158 2145 namque
1199 2071 1302 2128 hoc
1343 2072 1565 2144 regibus
1600 2073 2011 2146 dispendiosum
2034 2077 2199 2140 esset,
2227 2075 2275 2131 si
2304 2080 2386 2130 tot

387 2163 602 2221 labores
624 2167 682 2218 et
703 2161 1098 2220 sollicitudines
1124 2168 1446 2236 paterentur
1471 2178 1571 2235 pro
1594 2162 1845 2219 mercede
1872 2169 1987 2220 tam
2014 2162 2215 2236 fragili.
2241 2164 2385 2221 Nihil

387 2253 533 2311 enim
569 2251 788 2309 videtur
811 2251 868 2309 in
904 2250 1067 2308 robus
1094 2250 1346 2311 humanis
1376 2251 1621 2323 fragilius
1644 2251 1817 2322 gloria
1848 2259 1906 2307 et
1943 2251 2149 2308 honore
2186 2251 2387 2310 favoris

387 2342 687 2411 hominum,
719 2354 848 2397 cum
878 2339 1185 2413 dependeat.
1225 2354 1294 2395 ex
1319 2339 1989 2412 opinionibus-hominum,
2017 2338 2215 2413 quibus
2256 2340 2386 2396 nihil

387 2429 668 2488 mutabilis
698 2430 752 2486 in
779 2429 889 2486 vita
913 2428 1211 2496 hominum,
1235 2435 1294 2484 et
1321 2428 1448 2484 inde
1486 2436 1573 2484 est
1612 2428 1758 2500 quod
1782 2429 1951 2484 Isaias
1984 2430 2267 2502 propheta,
2293 2445 2381 2494 xx,

387 2518 697 2591 hujusmodi
725 2517 956 2590 gloriam
984 2518 1232 2574 nominat
1258 2515 1449 2574 florem
1485 2513 1615 2573 soeni
1642 2533 1657 2583 ;
1684 2515 1881 2572 deinde
1920 2516 2172 2576 humanae
2200 2518 2387 2590 gloriae

386 2609 586 2680 cupido
611 2605 778 2664 animi
817 2599 1249 2677 magnitudinem
1275 2605 1473 2660 aufert.
1506 2605 1610 2676 Qui
1653 2608 1799 2660 enim
1827 2603 2071 2662 favorem
2109 2606 2389 2664 hominum

385 2697 605 2767 quaerit,
636 2709 856 2751 necesse
899 2700 983 2749 est
1025 2701 1087 2751 ut
1127 2694 1184 2750 in
1227 2693 1376 2752 omni
1411 2704 1478 2749 eo
1518 2693 1665 2766 quod
1702 2694 1837 2750 dicit
1882 2703 1977 2751 aut
2017 2694 2169 2762 facit,
2198 2711 2389 2752 eorum

388 2783 659 2843 voluntati
705 2782 1002 2849 deserviat,
1050 2787 1106 2836 et
1145 2780 1229 2838 sic
1271 2781 1402 2837 dum
1445 2781 1660 2854 placere
1712 2781 2023 2838 hominibus
2072 2783 2277 2853 studet,
2330 2785 2389 2840 fit

391 2887 582 2930 servus
605 2868 966 2940 singulorum.
995 2869 1222 2942 Propter
1251 2869 1398 2943 quod
1427 2875 1483 2926 et
1518 2870 1665 2940 idem
1699 2870 1908 2927 Tullius
1950 2872 2009 2927 in
2036 2870 2131 2928 lib.
2163 2873 2242 2930 De
2272 2873 2391 2947 offi-

389 2961 509 3028 ciis,
533 2958 834 3016 cavendam
864 2957 999 3014 dicit
1040 2957 1229 3030 gloriae
1252 2957 1583 3031 cupidinem.
1614 2958 1791 3033 Eripit
1828 2960 1975 3016 enim
2016 2961 2185 3018 animi
2224 2961 2391 3019 liber-

387 3056 582 3115 tatem,
610 3063 708 3119 pro
747 3062 856 3120 qua
909 3047 1270 3118 magnanimis
1319 3047 1453 3102 viris
1502 3047 1678 3102 omnis
1716 3046 1882 3104 debet
1920 3063 2041 3104 esse
2089 3051 2388 3108 contentio.

388 3138 536 3195 Nihil
561 3143 746 3194 autem
775 3135 1094 3208 principem.
1121 3137 1215 3208 qui
1239 3135 1309 3192 ad
1333 3134 1479 3192 bona
1510 3135 1819 3207 peragenda
1860 3136 2183 3206 instituitur,
2214 3141 2393 3212 magis

389 3227 549 3284 decet
571 3242 736 3300 quam
767 3225 931 3281 animi
958 3223 1296 3296 magnitudo.
1328 3223 1426 3282 Est
1456 3223 1621 3295 igitur
1646 3222 2017 3296 incompetens
2042 3227 2187 3299 regis
2214 3227 2394 3285 officio

387 3317 641 3374 humanae
667 3313 856 3386 gloriae
884 3313 1192 3386 praemium.

461 3404 630 3462 Simul
652 3404 820 3463 etiam
843 3409 927 3458 est
945 3400 1284 3458 multitudini
1312 3401 1587 3468 nocivum,
1604 3401 1651 3457 si
1681 3401 1789 3458 tale
1814 3404 2099 3474 praemium
2118 3411 2393 3462 statuatur

391 3493 745 3567 principibuS,
772 3491 1010 3565 pertinet
1050 3489 1195 3547 enim
1241 3489 1312 3546 ad
1355 3487 1483 3544 boni
1531 3489 1633 3545 viri
1680 3489 1937 3558 officinm,
1972 3484 2039 3548 ut‘
2081 3501 2395 3552 contemnat

391 3582 623 3653 gloriam
641 3582 783 3636 sicut
813 3579 920 3636 alia
949 3577 1270 3651 temporalia
1299 3577 1462 3634 bona.
1488 3578 1731 3634 virtuosi
1754 3578 1899 3635 enim
1928 3591 1983 3636 et
2026 3580 2185 3637 fortis
2226 3581 2395 3639 animi

394 3677 479 3726 est
504 3685 600 3742 pro
619 3669 836 3743 justitia
861 3675 1210 3724 contemnere
1234 3666 1466 3738 gloriam
1492 3668 1632 3725 sicut
1657 3673 1712 3725 et
1739 3665 1929 3742 vitam,
1965 3668 2109 3726 unde
2132 3669 2195 3727 fit
2229 3671 2398 3746 quid-

395 3758 525 3835 dam
553 3757 818 3824 mirabile,
852 3764 912 3813 ut
941 3755 1069 3829 quia
1096 3756 1367 3813 virtuosos
1394 3763 1553 3813 actus
1580 3757 1828 3829 sequitur
1854 3757 2045 3830 gloria,
2074 3759 2194 3835 ipsa
2222 3760 2397 3832 gloria

391 3845 638 3906 virtuose
677 3851 1075 3914 contemnatur,
1121 3852 1176 3903 et
1213 3860 1280 3902 ex
1329 3851 1646 3920 contemptu
1686 3845 1875 3920 gloriae
1920 3847 2083 3907 homo
2128 3847 2399 3921 gloriosus
