2784 4392
477 260 564 326 96
956 274 1015 324 s.
1052 271 1288 326 saeua
1326 268 1653 328 sommus
1694 270 2007 320 oeuseucs

551 395 819 462 Secundo,
849 393 995 468 quod
1017 392 1124 454 hoc
1150 392 1294 455 idem
1327 396 1553 466 pessunt
1582 390 1706 452 aliis
1734 389 2221 452 committere..

551 486 754 550 Tertio.
785 485 930 560 quod
960 484 1064 544 hoc
1095 483 1216 544 aliis
1257 481 1526 542 committi
1566 497 1731 554 quom
1776 477 2183 552 parochialibus
2220 476 2498 545 sacordo-

482 573 632 632 tibus
659 575 878 648 expedit
905 573 1069 635 saluti
1101 573 1427 634 animarum.

550 664 775 739 Quarto,
807 665 950 738 quod
982 663 1148 723 etiam
1175 662 1413 734 religiosi
1440 661 1510 721 ed
1540 659 1719 720 officia
1748 659 2058 732 huiusmodi
2087 659 2395 720 exercenda
2420 674 2493 721 ox

481 755 864 811 commissione
893 753 1245 826 praelatorum
1273 757 1401 810 sunt
1430 751 1634 810 idonei.

538 843 772 913 Quinto,
793 843 939 918 quod
962 842 1150 914 religio
1176 840 1359 914 alique
1383 839 1675 905 salubriter
1692 837 1903 898 institui
1931 838 2106 916 possit
2132 838 2205 897 ad
2221 837 2338 899 haeo
2358 855 2491 900 exe.-

481 925 699 1008 q'denda
726 931 793 989 de
820 931 1039 988 licentia
1061 931 1431 1004 prinlum-um,

532 1022 736 1099 Sexto,
783 1019 1228 1092 respondebimus
1269 1017 1573 1093 rationibus
1608 1033 1735 1092 quae
1780 1016 1849 1077 ad
1892 1021 2107 1092 partem
2150 1017 2491 1079 contrarium

481 1107 841 1169 inducunt-ur.

519 1231 522 1234 ·
551 1199 708 1270 Quod
739 1206 924 1254 autem
953 1197 1251 1270 Episcopus
1279 1198 1334 1262 in
1360 1196 1619 1270 parochia
1648 1197 1917 1254 sacerdot-i
1943 1197 2231 1254 commissa
2260 1198 2481 1270 plenam

418 1328 420 1330 ψ
483 1287 684 1344 habeat
711 1293 1058 1360 potestatem,
1085 1286 1348 1359 probatur
1370 1302 1469 1358 per
1496 1284 1549 1342 id
1576 1287 1720 1358 quod
1752 1287 1954 1344 dicitur
1979 1302 2036 1351 x,
2057 1292 2257 1358 quoest.
2288 1289 2343 1354 4,
2362 1305 2487 1362 cap.

481 1377 568 1432 Sic
593 1375 834 1449 quidam,
866 1375 1184 1430 ubidicitur
1209 1376 1354 1450 quod
1391 1395 1419 1429 u
1446 1375 1631 1430 omnia
1670 1389 1795 1448 quae
1828 1381 1957 1431 sunt
1997 1363 2257 1432 Ecclesiae
2287 1391 2493 1434 secun-³

482 1468 612 1522 dum
633 1466 1079 1525 constitutionem
1105 1465 1408 1536 antiquam,
1430 1464 1497 1520 ad
1520 1463 1769 1537 Episcopi
1798 1463 2199 1544 ordinationem
2218 1471 2276 1520 et
2298 1473 2491 1537 potes-

483 1562 652 1612 tatem
673 1554 935 1629 pertine
931 1561 972 1620 t,
1005 1559 1061 1608 et
1091 1553 1192 1608 hoc
1221 1552 1366 1612 idem
1404 1553 1673 1610 habetur
1662 1564 1717 1608 in·
1746 1535 1995 1626 sequenti
2040 1553 2299 1625 capitulo,
2332 1575 2358 1606 α
2392 1557 2490 1613 sod

481 1662 569 1702 res
601 1643 927 1717 temporales
951 1641 1210 1699 Ecclesiae
1255 1643 1577 1700 ordinantur
1618 1641 1687 1698 ad
1724 1641 2052 1716 spiritualia.
2084 1660 2113 1695 n
2137 1642 2277 1714 Ergo
2316 1643 2489 1704 multo

482 1735 677 1790 fortius
723 1730 1030 1804 spiritualia
1067 1730 1405 1803 singularum
1434 1729 1817 1802 parochiarum
1854 1730 2122 1804 Episcopo
2163 1739 2290 1788 sunt
2332 1749 2489 1792 com..

485 1823 669 1879 missa.

553 1913 710 1968 Item.
735 1906 1048 1981 Quaestione
1066 1909 1256 1971 eadem
1277 1925 1334 1963 ια
1355 1908 1615 1980 Regenda
1636 1913 1721 1966 est
1742 1925 2085 1983 unaquoeque
2100 1909 2360 1984 parochia
2384 1911 2490 1968 sub

485 2001 797 2074 provisione
825 2015 891 2056 ac
916 1997 1145 2054 tuitione
1173 1998 1424 2071 Episcopi
1442 2014 1541 2072 per
1564 1998 1925 2069 sacerdotem,
1950 1997 2035 2054 vel
2064 2007 2293 2057 caeteros
2318 1999 2485 2058 cleri«

483 2105 597 2158 cos,
620 2103 767 2162 quos
787 2088 902 2161 ipse
928 2102 1052 2143 cum
1077 2085 1176 2142 Dei
1205 2087 1403 2143 timore
1429 2087 1749 2159 providerit.
1783 2107 1809 2140 n

552 2180 710 2234 Item.
741 2179 799 2234 In
821 2175 1071 2249 sequenti
1096 2175 1342 2248 ‚capitulo
1367 2175 1571 2232 dicitur
1596 2176 1743 2249 quod
1768 2197 1795 2232 t<
1828 2176 2072 2235 Ecclesia
2092 2173 2253 2236 debet
2282 2179 2487 2252 guber-

482 2268 602 2325 nari
634 2275 689 2323 et
717 2267 1020 2339 dispensari
1062 2280 1186 2321 eum
1228 2264 1437 2336 judicio
1477 2273 1548 2321 ot⁶
1574 2272 1846 2338 potestate
1888 2266 2159 2341 Episcopi,
2188 2269 2278 2326 cui
2318 2271 2487 2328 totius

483 2357 656 2430 plebis
679 2357 876 2412 animae
901 2355 1154 2410 videntur
1181 2368 1304 2410 esse
1333 2355 1658 2412 commissae.
1695 2375 1721 2408 υ

553 2447 712 2504 Item.
740 2439 1006 2502 Sacerdos
1031 2443 1115 2501 cui
1147 2442 1407 2516 parocbia
1432 2445 1813 2513 committitur,
1846 2461 1952 2502 non
1984 2451 2164 2520 potest
2194 2447 2399 2520 allquld
2430 2449 2487 2511 ln

483 2534 736 2592 Ecclesia
766 2533 964 2600 facere,
997 2533 1142 2606 quod
1198 2547 1303 2588 nen
1349 2533 1422 2588 sit
1467 2533 1535 2588 de
1582 2533 1801 2590 licentia
1846 2535 2097 2607 Episcopi
2128 2537 2371 2608 speciali,
2400 2537 2484 2594 vel
2515 2603 2522 2608 ,

483 2622 677 2679 saltem
718 2621 990 2694 generali3
1025 2621 1168 2676 unde
1191 2620 1394 2678 dicitur
1424 2637 1545 2689 xvt,
1578 2630 1775 2696 quaest.
1810 2625 1832 2678 4
1872 2639 1885 2678 z
1918 2642 1943 2674 α
1974 2623 2197 2680 Cunctis
2232 2625 2487 2684 fidelibus

455 2717 540 2767 ·et
589 2725 932 2781 summopere
978 2708 1230 2764 omnibus
1277 2710 1632 2783 presbyteris,
1678 2717 1733 2766 ot
1774 2710 2111 2779 diaconibus,
2159 2719 2213 2768 et
2257 2712 2487 2786 reliquis
2532 2723 2535 2725 ’

483 2796 700 2854 clericis
725 2797 1116 2853 attendendum
1145 2804 1246 2865 est,
1275 2806 1333 2854 ut
1357 2796 1490 2854 nihil
1521 2799 1725 2872 absque
1750 2799 1957 2873 proprii
1984 2801 2233 2874 Episcopi
2265 2800 2487 2860 licentia

485 2895 673 2957 agant.
717 2887 835 2942 Non
869 2886 1057 2958 utique
1086 2887 1280 2947 Missas
1309 2887 1426 2943 sine
1464 2889 1581 2960 ejus
1609 2891 1766 2960 jussu
1806 2891 2093 2964 quisquam
2130 2891 2489 2964 prosbytero-

485 2991 606 3036 rum
635 2975 688 3030 in
727 2990 826 3031 sua
869 2971 1126 3046 parochia
1172 2983 1318 3046 agat,
1353 2991 1461 3032 non
1505 2977 1759 3050 baptizet,
1793 2994 1895 3036 nec
1938 2979 2233 3052 quidquam
2279 2979 2487 3052 absque

483 3067 602 3137 ejus
630 3063 896 3137 permissu
935 3063 1122 3120 faciat.
1157 3084 1183 3117 1>
1209 3065 1350 3137 Ergo
1389 3073 1545 3138 patet
1588 3066 1732 3140 quod
1771 3069 1822 3124 in
1864 3067 2121 3139 parochia
2163 3067 2485 3140 presbytero

483 3155 771 3212 commissa
797 3154 863 3210 ad
889 3153 994 3209 hoc
1019 3155 1279 3226 majorem
1312 3161 1641 3228 potestatem
1675 3155 1840 3210 habet
1866 3155 2163 3226 Episcopus
2198 3171 2362 3228 quam
2390 3171 2489 3214 sa·-

482 3243 692 3309 cerdos,
721 3242 815 3314 qui
846 3242 1347 3320 sinepermissione
1368 3243 1620 3314 Episcopi
1646 3242 1777 3297 nihil
1810 3243 1863 3298 in
1889 3259 1951 3297 ea
1980 3257 2142 3313 agere
2166 3251 2371 3316 potest.

551 3334 707 3389 Item.
737 3332 760 3387 I
787 3332 1030 3388 Corinth.
1064 3347 1106 3399 1,
1133 3347 1296 3404 super
1325 3330 1457 3386 illud
1488 3347 1501 3391 z
1532 3331 1599 3385 In
1622 3331 1766 3385 omni
1790 3331 1895 3386 loco
1923 3332 2181 3405 ipsorum,
2204 3340 2253 3390 et
2282 3340 2485 3399 nostro,

479 3423 616 3484 dicit
641 3421 836 3478 Glossa
869 3439 882 3477 τ
917 3441 942 3474 α
977 3421 1034 3477 Id
1061 3427 1148 3478 ost
1175 3419 1302 3476 mihi
1348 3419 1605 3492 primitus
1641 3420 1949 3487 commisse,
1986 3439 2013 3472 »
2040 3429 2095 3477 ot
2131 3420 2374 3494 loquitur
2419 3423 2487 3478 ds

479 3511 858 3581 suffraganeiS,
883 3511 936 3567 id
967 3516 1070 3578 est,
1101 3511 1169 3565 de
1194 3507 1467 3583 parochiis
1495 3507 1753 3580 subjectis
1777 3508 2035 3566 Ecclesiae
2063 3507 2483 3579 Corinthiorum,

482 3604 544 3654 ut
573 3607 723 3672 patet
750 3616 847 3672 per
872 3599 1214 3656 Glossam.Si
1245 3613 1374 3670 ergo
1403 3597 1655 3672 Episcopi
1680 3607 1806 3656 sunt
1832 3613 2173 3656 successores
2193 3600 2487 3672 Apostolo-

482 3703 602 3742 rum
629 3689 872 3760 ipsorum
899 3687 1124 3744 formam
1159 3694 1425 3755 tenentem
1452 3695 1511 3746 ut
1534 3687 1735 3744 dicitur
1762 3689 1893 3744 Luc.
1926 3703 1985 3755 x,
2016 3689 2067 3743 in
2100 3687 2313 3756 Glossa,
2338 3695 2489 3760 patet

481 3775 626 3845 quod
654 3775 906 3846 parochia
925 3776 1280 3848 principalius
1302 3783 1386 3832 est
1409 3777 1699 3832 commissa
1723 3776 1987 3849 Episcopo
2006 3792 2167 3848 quam
2189 3778 2487 3838 sacerdoti.

482 3862 605 3934 Non
630 3861 774 3928 enim
798 3868 978 3945 potest
1015 3863 1244 3934 intelligi
1276 3865 1422 3944 quod
1453 3865 1571 3949 ipsa
1606 3863 1865 3946 Apostolo
1892 3863 2057 3930 fuerit
2090 3866 2399 3934 commissa,
2431 3874 2491 3930 et
