2784 4392
563 293 695 340 xnr.
726 305 807 324 ·-
831 292 1071 338 coma
1108 293 1324 340 meuc.
1368 295 1474 339 mn
1513 295 1685 342 cum.
1729 297 1810 342 ΕΤ
1849 299 2056 346 nnuc.
2190 283 2312 346 225

308 410 513 470 referre
552 409 785 466 ulterius
823 409 891 466 ad
921 409 1141 483 aliquod
1170 409 1393 478 bonum,
1437 411 1648 468 scilicet
1689 413 1759 469 ad
1805 413 1904 470 Dei
1951 415 2180 488 g'oriam
2223 417 2310 474 vel

312 500 683 574 proximorum
722 497 973 566 salutem,
1014 505 1072 555 et
1116 499 1219 555 hoc
1258 506 1344 555 est
1380 500 1530 573 quod
1557 501 1856 572 Gregorius
1892 503 2028 559 dicit
2069 505 2124 560 in
2159 507 2307 563 Post.

312 611 338 644 α
370 588 662 647 Sciendum
692 593 777 644 est
796 586 943 660 quod
970 593 1205 660 oportet,
1242 593 1305 644 ut
1331 595 1574 648 rectores
1598 589 1725 645 boni
1754 589 1973 663 placere
2002 591 2309 650 hominibus

310 683 590 751 appetant,
648 675 859 732 scilicet
908 683 971 732 ut
1010 691 1127 733 suae
1169 676 1554 734 aestimationis
1595 677 1883 735 dulcedine
1935 681 2212 752 proximos
2252 683 2308 738 in

310 769 567 822 affectum
599 764 849 820 veritatis
886 763 1123 830 trahant,
1172 779 1279 821 non
1320 770 1381 820 ut
1421 780 1480 820 se
1521 766 1694 822 amari
1737 766 2080 839 desiderent;
2125 769 2220 826 sed
2249 779 2308 827 ut

308 853 655 912 dilectionem
685 867 841 908 suam
866 852 1021 924 quasi
1051 852 1345 924 quamdam
1376 853 1526 910 viam
1563 853 1789 922 faciant,
1825 872 1923 928 per
1950 873 2114 929 quam
2143 861 2310 916 corda

310 943 646 1002 audientium
694 941 762 996 ad
802 955 1041 996 amorem
1082 940 1390 998 conditoris
1419 942 1789 1000 introducant.
1839 944 2070 1001 Difficile
2107 947 2309 1022 quippe

310 1039 392 1087 est
422 1039 479 1086 ut
500 1028 899 1102 quantumlibet
924 1035 1074 1085 recta
1098 1029 1383 1085 denuntiet
1408 1030 1736 1103 praedicator
1765 1033 1856 1103 qui
1899 1048 2006 1089 non
2037 1033 2303 1107 diligitur,

309 1119 538 1176 libenter
564 1117 837 1174 audiatur.
872 1135 899 1168 s
930 1103 997 1172 Εἰ
1036 1117 1174 1173 infra
1200 1133 1213 1171 ε
1244 1137 1271 1170 α
1296 1116 1456 1188 Quod
1489 1118 1626 1175 bene
1655 1119 1854 1176 Paulus
1890 1121 2150 1191 insinuat,
2182 1139 2308 1181 cum

309 1209 392 1265 sui
416 1207 570 1263 nobis
592 1206 759 1262 studii
780 1204 993 1262 occulta
1019 1205 1352 1272 manifestat,
1377 1207 1566 1263 dicens
1599 1223 1611 1262 :
1639 1207 1790 1266 Sicut
1813 1215 1863 1264 et
1885 1225 1974 1282 eye
1999 1226 2099 1284 per
2122 1213 2304 1269 omnia

309 1296 548 1352 omnibus
566 1297 763 1366 placeo.
792 1293 893 1363 Qui
922 1299 1103 1350 tamen
1125 1309 1314 1351 rursus
1343 1295 1480 1350 dicit
1511 1296 1602 1352 :si
1631 1295 1803 1353 adhuc
1821 1297 2117 1356 hominibus
2127 1302 2306 1372 place-

310 1403 441 1450 rem,
470 1383 674 1440 Christi
695 1398 878 1437 servus
918 1399 1024 1438 non
1052 1398 1229 1442 essem.
1258 1383 1442 1440 Placet
1469 1398 1601 1456 ergo
1629 1385 1848 1452 Paulus,
1881 1393 1936 1442 et
1971 1404 2073 1443 non
2103 1389 2301 1462 placet,

310 1476 437 1545 quia
481 1473 534 1527 in
573 1470 675 1526 hoc
716 1471 858 1542 quod
891 1470 1105 1542 placere
1128 1471 1356 1542 appetit,
1389 1485 1498 1526 non
1537 1487 1613 1538 se,
1649 1474 1744 1527 sed
1789 1490 1884 1544 per
1911 1491 1971 1530 se
1999 1475 2305 1542 hominibus

310 1562 593 1618 verita-tem
625 1559 837 1630 placere
859 1558 1077 1628 quaerit.
1113 1577 1137 1610 n
1164 1557 1285 1613 Alio
1314 1559 1475 1613 modo
1506 1559 1724 1630 quando
1749 1560 1965 1632 aliquiS,
2005 1569 2063 1617 ut
2093 1565 2305 1634 placeat

308 1647 613 1705 hominibus
640 1646 771 1700 facit
812 1643 1017 1716 aliquid
1043 1660 1138 1715 per
1175 1644 1322 1716 quod
1365 1645 1480 1700 Deo
1503 1645 1777 1716 displicet,
1811 1654 1866 1700 et
1895 1647 1997 1703 hoc
2039 1657 2122 1705 est
2159 1656 2302 1726 quod

308 1739 671 1808 Hieronymus
707 1732 839 1788 dicit
866 1747 1029 1804 super
1070 1731 1355 1804 epistolam
1385 1732 1455 1790 ad
1501 1732 1689 1790 Galat.
1738 1749 2012 1806 exponens
2050 1738 2180 1796 illud
2211 1742 2306 1800 :Si

305 1822 602 1882 hominibus
617 1821 901 1892 placerem,
927 1826 1033 1876 etc.
1070 1837 1084 1876 :
1114 1839 1140 1873 α
1172 1821 1248 1889 Si,
1276 1820 1475 1896 inquit,
1505 1821 1622 1877 fieri
1651 1829 1848 1894 potest,
1879 1830 1937 1878 ut
1963 1825 2166 1896 pariter
2190 1830 2303 1887 Deo

308 1920 365 1970 et
392 1909 697 1968 hominibus
723 1908 1053 1981 placeamuS,
1099 1907 1422 1982 placendum
1467 1915 1551 1965 est
1583 1919 1639 1965 et
1674 1910 2000 1967 hominibus».
2033 1915 2086 1971 Si
2119 1924 2301 1975 autem

310 2001 467 2056 aliter
493 2014 597 2054 non
620 1996 933 2069 placeamus
955 1995 1271 2052 hominibus
1288 1995 1391 2052 nisi
1420 1997 1536 2053 Deo
1558 1997 1960 2069 displiceamus,
1994 2001 2107 2057 Deo
2131 2005 2304 2078 magis

310 2103 473 2163 quam
502 2086 807 2142 hominibus
834 2084 1045 2156 placere
1068 2084 1349 2141 debemus.
1384 2103 1412 2136 n
1439 2085 1625 2141 Tertio
1649 2086 1831 2152 modu,
1861 2089 2079 2160 quando
2111 2090 2306 2164 aliquis

310 2178 453 2251 quod
481 2177 535 2231 in
563 2191 623 2230 se
650 2181 733 2230 est
760 2173 891 2228 facit
916 2173 1173 2238 exterius„
1215 2179 1270 2228 et
1297 2179 1480 2228 tamen
1511 2172 1582 2229 ab
1626 2173 1748 2230 aliis
1778 2177 2066 2232 temerarie
2084 2180 2304 2250 judica-

310 2273 418 2322 tur.
442 2265 593 2319 Tunc
616 2277 745 2332 ergo
768 2261 869 2317 sibi
898 2259 1061 2316 debet
1084 2259 1330 2316 sufficere
1355 2260 1504 2332 quod
1531 2261 1646 2316 Deo
1677 2261 1907 2334 placeat,
1937 2265 1990 2320 in
2019 2270 2306 2326 conscion-

312 2356 407 2420 tia‚
455 2368 559 2407 non
596 2365 794 2407 curans
836 2348 981 2422 quod
1010 2348 1315 2404 hominibus
1344 2364 1451 2403 non
1477 2348 1707 2420 placeat,
1741 2351 1835 2422 qui
1865 2367 2115 2424 perverse
2151 2359 2306 2429 judi-

309 2451 457 2509 cant,
490 2449 545 2496 et
574 2439 679 2498 hoc
703 2444 787 2494 est
814 2437 957 2510 quod
990 2437 1221 2493 babetur
1250 2437 1302 2492 in
1339 2436 1534 2492 Glossa
1574 2435 1644 2492 ad
1671 2438 1856 2494 Galat.
1891 2455 1929 2506 1,
1959 2455 2121 2515 super
2149 2446 2301 2515 illud,

310 2533 369 2589 Si
400 2515 579 2586 'adhuc
623 2526 917 2582 hominibus
952 2526 1235 2598 placerem,
1276 2530 1383 2580 etc.
1437 2541 1451 2579 τ
1499 2543 1526 2576 α
1559 2525 1696 2580 Sunt
1742 2525 1985 2584 homines
2035 2535 2306 2590 temerarii

308 2620 539 2692 judices,
566 2617 979 2684 detractatoreS‚
1006 2628 1349 2680 susurroueS,
1379 2619 1826 2683 murmurator-ee,
1856 2627 2308 2690 quaerentes'sus·

314 2705 483 2780 picari
524 2702 671 2778 quod
704 2718 809 2758 non
838 2703 1043 2768 vident,
1078 2708 1387 2774 quaerentes
1413 2701 1579 2758 etiam
1602 2701 1812 2772 jactare
1837 2719 1963 2776 quae
1993 2721 2095 2763 non
2125 2711 2308 2782 suspi-

312 2800 527 2850 cantur.
578 2793 775 2848 Contra
822 2789 961 2846 tales
1002 2788 1201 2844 sufficit
1232 2789 1602 2844 testimonium
1645 2789 1994 2849 conscientiae
2024 2803 2242 2854 nostrae.
2281 2818 2307 2851 n

380 2883 455 2938 Et
482 2880 779 2936 secundum
816 2877 937 2942 hoc,
970 2877 1039 2932 de
1083 2876 1227 2933 facili
1261 2883 1411 2948 petet
1454 2877 1732 2948 responsio
1761 2879 1826 2934 ad
1853 2882 2034 2938 omnia
2073 2884 2307 2955 obJecta.

384 2968 540 3040 Quod
560 2968 702 3023 enim
726 2966 830 3022 dici
841 2975 923 3022 tur
950 2965 1285 3038 :Dissipaeit
1304 2981 1421 3020 osea
1444 2981 1626 3022 eorum
1650 2966 1741 3037 qui
1766 2966 2065 3026 hominibus
2081 2974 2310 3044 placent,

314 3057 725 3128 intelligendum
756 3063 838 3110 est
866 3054 934 3109 de
961 3053 1047 3108 his
1092 3055 1185 3124 qui
1216 3054 1293 3108 ita
1334 3052 1644 3109 hominibus
1684 3053 1898 3127 placere
1943 3059 2132 3116 volunt
2166 3064 2313 3134 quod

314 3149 373 3202 in
401 3145 501 3202 hoc
526 3146 687 3200 finem
716 3143 1072 3207 constituunt,
1106 3147 1161 3196 et
1185 3141 1279 3214 qui
1305 3148 1365 3196 ut
1390 3141 1700 3198 hominibus
1729 3143 1998 3214 placeant,
2031 3149 2205 3204 Deum
2229 3149 2316 3204 of-

317 3234 561 3289 fendunt.
602 3233 668 3286 Et
698 3230 950 3286 similiter
978 3227 1389 3299 intelligendum
1421 3237 1522 3296 est,
1556 3229 1702 3300 quod
1733 3231 1933 3287 dicitur
1958 3233 2025 3288 ad
2057 3235 2238 3304 Galat,
2273 3253 2312 3304 1,

314 3321 372 3378 Si
393 3319 689 3377 hominibus
712 3319 996 3390 placerem.
1030 3322 1137 3372 etc.
1170 3322 1231 3370 ut
1258 3332 1326 3371 ex
1349 3315 1512 3372 dictis
1540 3324 1715 3388 patet.

384 3411 471 3467 Ad
500 3407 722 3463 tertium
746 3407 1058 3472 dicendum,
1090 3404 1237 3477 quod
1266 3405 1518 3476 quamvis
1553 3405 1633 3460 illi
1663 3406 1754 3478 qui
1787 3407 2076 3463 veritatem
2105 3426 2318 3468 annun-

316 3499 473 3566 tiant,
503 3494 663 3552 malis
680 3493 1023 3564 displiceant,
1050 3493 1143 3566 qui
1168 3491 1368 3560 corrigi
1392 3491 1604 3558 nolunt,
1625 3497 1802 3548 tamen
1821 3487 1884 3550 ex
1903 3494 2004 3552 hoc
2026 3497 2142 3570 ipso
2167 3499 2322 3558 bonis

317 3589 534 3664 placent
554 3583 644 3656 qui
670 3581 1064 3636 correctionem
1086 3584 1289 3635 amant.
1316 3579 1474 3636 Unde
1500 3579 1704 3638 dicitur
1735 3581 1892 3640 Prov.
1920 3599 2002 3653 lx,
2033 3590 2064 3643 8
2100 3605 2113 3642 ε
2140 3591 2323 3661 Argue

316 3675 627 3749 sapientem,
651 3678 703 3728 et
726 3669 911 3742 diliqet
932 3673 1001 3724 te.
1765 3667 1769 3672 ’

387 3765 469 3822 Ad
513 3767 769 3835 quartum
803 3754 1115 3818 dicendum,
1163 3753 1310 3826 quod
1349 3753 1588 3812 verbum
1625 3755 1876 3828 Gregorii
1911 3761 2326 3838 intelligendum

316 3861 423 3924 est,
456 3850 673 3927 quando
714 3845 915 3921 aliquis
943 3844 1021 3907 ita
1061 3840 1368 3903 hominibus
1397 3840 1618 3916 placere
1643 3846 1867 3918 quaerit,
1899 3858 1964 3912 ut
1991 3852 2046 3910 in
2075 3853 2179 3918 hoc,
2205 3857 2330 3922 finis

816 3965 869 4014 S.
890 3963 1045 4022 Tuon.
1071 3963 1156 4018 Ao.
1192 3963 1457 4012 Oruscuu.
1487 3981 1537 4001 -·
1578 3961 1656 4012 lll.
1681 3985 1744 4001 —
1771 3961 1844 4014 1⁸-
