2784 4392
489 264 608 327 110
967 282 1018 329 s.
1063 282 1297 330 motta
1338 282 1669 335 sommus
1710 282 2023 329 ornacum

491 398 722 455 alienum
760 398 1188 471 fundamentum,
1217 400 1272 457 id
1305 408 1407 468 est,
1449 416 1517 458 ne
1546 401 1901 475 praedicarem
1922 400 2038 473 jam
2067 416 2164 477 per
2202 398 2342 458 alios
2368 414 2516 457 cou-

493 487 684 557 versis,
723 504 833 545 non
861 490 1007 563 quod
1050 490 1150 547 hoc
1189 504 1293 547 non
1322 490 1579 555 faceram,
1612 492 1657 547 si
1710 491 2049 563 contigisset,
2092 490 2188 551 sed
2232 490 2515 548 malebam

495 577 672 633 facere
700 577 1112 635 fundamentum
1143 579 1266 635 fidei
1301 580 1388 635 ubi
1410 594 1525 637 -non
1554 587 1705 648 erat3
1732 580 1870 637 alias
1900 596 2007 637 non
2042 580 2286 637 licuisset
2308 578 2516 635 loanni

484 658 854 737 'Evangelistae
890 668 1190 740 praedicare
1216 668 1432 743 Ephesi,
1470 668 1557 725 ubi
1589 669 1787 727 Paulus
1814 670 1975 735 fidem
2010 669 2379 743 plantaverat,
2412 675 2516 725 aut

497 754 659 809 Paulo
687 757 985 827 praedicare
1012 757 1215 822 Romae‚
1235 756 1325 813 ubi
1348 758 1538 815 Petrus
1564 772 1685 813 eum
1708 764 2067 831 praevenerat.
2104 776 2128 808 n
2152 757 2297 827 Quid
2318 754 2514 814 autem

410 858 414 865 ·
496 843 696 911 dicent,
743 846 786 899 si
833 844 1068 917 religiosi
1107 852 1297 903 contra
1337 861 1473 919 quos
1517 846 1833 919 loquuntur,
1878 830 1981 903 hoc
2024 847 2185 903 modo
2226 846 2513 903 distributi

497 939 642 998 sunt,
674 938 732 986 ut
753 932 976 1013 quidam
998 948 1182 989 eorum
1210 933 1519 991 infidelibus
1538 936 1861 991 annuntient
1882 935 2105 995 verbum
2134 933 2515 1007 Dei‚-quidam

501 1026 683 1077 autem
714 1021 855 1095 inter
883 1020 1067 1078 fideles
1093 1022 1202 1079 sint
1233 1022 1284 1079 in
1307 1023 1607 1083 subsidium
1637 1024 2027 1097 prmlatorum‘l
2052 1025 2165 1081 Nec
2192 1029 2375 1079 tamen
2409 1022 2517 1079 boc

502 1108 632 1192 facit
658 1110 724 1165 ad
753 1111 1108 1183 propositum,
1142 1114 1269 1185 qui-a
1301 1127 1406 1167 non
1432 1118 1514 1169 est
1540 1113 1684 1169 idem
1711 1112 2007 1185 praedicare
2042 1112 2182 1185 plebi
2211 1112 2426 1179 alienas,
2456 1118 2514 1167 et

501 1198 772 1254 {edificare
797 1215 960 1271 super
990 1201 1223 1259 alienum
1255 1201 1686 1267 fundamentum,
1710 1210 1769 1257 ut
1798 1202 1853 1257 in
1885 1201 2145 1274 praedicta
2176 1202 2515 1257 auctoritate

503 1288 786 1359 accipitur,
819 1304 942 1345 cum
972 1290 1139 1347 etiam
1177 1276 1433 1347 sacordo‘s
1470 1288 1797 1365 parochialis
1840 1291 1893 1345 in
1936 1305 2034 1347 sua
2063 1290 2323 1363 parochia
2368 1304 2516 1363 prae·-

502 1377 710 1443 dicanS,
747 1392 909 1450 super
939 1378 1173 1435 alienum
1201 1378 1437 1435 aedificet
1463 1379 1893 1447 fundamentum,
1928 1380 2057 1452 quia
2084 1379 2349 1451 praeedicat
2374 1392 2477 1432 con
2502 1404 2515 1418 ·

504 1466 676 1521 versis
697 1482 790 1537 per
815 1464 952 1525 alios
975 1467 1042 1522 ad
1071 1467 1252 1523 fldem.

571 1552 831 1609 Similiter
856 1556 999 1627 quod
1026 1555 1226 1611 dicitur
1255 1556 1320 1611 11.
1353 1557 1421 1612 ad
1453 1558 1574 1623 Cor,
1608 1572 1667 1623 x,
1700 1558 1768 1610 ⁴5
1801 1573 1813 1610 ε
1842 1555 1967 1613 Non
1998 1555 2287 1629 ylariantes
2318 1555 2375 1609 in
2404 1553 2513 1609 im-

505 1660 737 1701 mensum
769 1644 830 1699 in
853 1644 1043 1701 alienis
1071 1644 1355 1710 laboribus,
1388 1642 1598 1701 scilicet
1628 1644 1719 1701 ubi
1746 1645 1890 1701 aliud
1928 1645 2344 1701 fundamentum
2386 1644 2511 1699 fidei

507 1734 788 1803 potuisset,
823 1734 968 1805 quod
995 1741 1138 1789 esset
1167 1734 1308 1789 ultra
1348 1748 1658 1793 mensuram
1685 1733 1924 1805 gloriari,
1958 1749 2063 1792 non
2095 1740 2178 1788 est
2204 1733 2513 1790 intellectus

507 1822 735 1888 Glossae,
761 1822 905 1893 quod
930 1823 975 1877 si
1001 1822 1293 1893 Apostolus
1320 1822 1637 1889 laborasset,
1670 1823 1759 1879 ubi
1782 1822 1919 1879 alius
1945 1822 2359 1877 fundamentum
2386 1822 2512 1878 fidei

508 1916 784 1982 posuerat,
816 1909 960 1981 quod
992 1910 1094 1965 boc
1121 1918 1264 1965 esset
1292 1912 1348 1966 in
1378 1912 1700 1966 immensum
1731 1912 1981 1983 gloriari3
2010 1912 2106 1967 sed
2138 1910 2283 1983 quod
2314 1912 2359 1965 si
2397 1911 2515 1983 ipse

509 1998 773 2069 gloriatus
805 2006 968 2064 esset,
1005 1998 1162 2071 quasi
1195 1999 1605 2055 fundamentum
1638 2000 1845 2057 faciens
1878 2000 2229 2057 fundamento
2255 2001 2407 2072 prius
2446 1999 2517 2055 ab

493 2087 617 2143 'alio
640 2088 835 2159 posito,
864 2086 1006 2143 ultra
1039 2102 1344 2143 mensuram
1374 2088 1571 2145 laboris
1596 2090 1676 2144 sui
1703 2090 1967 2160 gloriatus
1992 2097 2095 2145 est.

581 2177 840 2233 Similiter
881 2178 1046 2232 etiam
1096 2178 1240 2250 quod
1280 2179 1528 2251 sequitur
1569 2186 1758 2253 postea
1792 2197 1806 2234 z
1854 2199 1879 2234 <c
1920 2180 2039 2235 Non
2071 2177 2335 2235 habentes
2363 2192 2513 2251 spem

511 2266 730 2337 gloriari
773 2267 826 2321 in
858 2266 1032 2321 aliena
1065 2268 1272 2339 regula,
1303 2287 1328 2320 >2
1357 2268 1409 2326 id
1436 2273 1520 2323 est
1551 2269 1601 2323 in
1642 2269 1725 2324 his
1754 2284 1877 2341 quae
1906 2276 2035 2323 sunt
2076 2269 2129 2325 iu
2160 2267 2337 2323 alieno
2370 2268 2515 2337 regi-

513 2356 674 2421 mine,
708 2354 902 2412 Glossa
927 2356 1017 2411 illa
1045 2357 1182 2413 malo
1213 2357 1505 2413 inducitur.
1534 2359 1653 2415 Non
1676 2356 1817 2413 enim
1844 2359 1923 2413 sic
1954 2357 2183 2415 babetur
2214 2358 2265 2411 in
2296 2356 2512 2425 Glossa,

513 2446 606 2500 sed
638 2447 718 2501 sic
751 2461 762 2499 z
798 2466 823 2499 ι(
866 2446 1126 2517 Regulam
1159 2455 1419 2513 nostram,
1455 2447 1507 2503 id
1543 2456 1625 2503 est
1656 2448 1892 2518 regimen
1923 2454 2186 2512 nostrum,
2216 2446 2270 2503 id
2302 2454 2388 2501 ost
2426 2462 2516 2501 so·

513 2535 749 2591 cundum
795 2538 938 2607 quod
985 2552 1017 2591 a
1054 2537 1172 2591 'Deo
1213 2534 1366 2591 nobis
1395 2542 1481 2590 est
1511 2537 1833 2607 injunctum,
1879 2535 2251 2607 evangelizare
2294 2534 2419 2590 dico
2464 2536 2514 2589 in

513 2624 864 2691 abundantia,
889 2614 1096 2680 scilicet
1123 2640 1226 2679 non
1255 2624 1309 2679 in
1335 2625 1521 2695 paucis
1545 2625 1693 2691 locis,
1722 2624 1889 2680 immo
1914 2625 2077 2681 etiam
2108 2626 2159 2679 in
2184 2624 2298 2690 illa,
2322 2622 2518 2697 'suppio

514 2712 648 2778 loca,
683 2728 807 2784 quae
835 2713 979 2768 ultra
1015 2727 1114 2767 vos
1138 2720 1283 2772 sunt.
1315 2714 1431 2767 Nec
1461 2721 1639 2769 tamen
1666 2728 1851 2769 sumus
1879 2712 2141 2769 habentes
2166 2728 2315 2785 spem
2345 2713 2398 2768 id
2434 2718 2516 2771 est

514 2816 619 2855 non
655 2815 936 2872 speramus
981 2800 1200 2870 gloriari
1245 2802 1296 2855 in
1329 2802 1512 2879 aliqua
1542 2802 1716 2857 aliena
1750 2802 1954 2871 regula,
2000 2818 2101 2857 nec
2130 2801 2205 2856 ilii
2249 2802 2342 2873 qui
2375 2800 2515 2855 ultra

515 2906 611 2943 vos
638 2896 782 2955 sunt,
816 2890 883 2945 de
913 2888 1089 2945 alieno
1115 2890 1376 2961 regimine
1408 2896 1552 2956 sunt.
1584 2910 1608 2943 1)
1650 2892 1702 2947 Si
1738 2897 1917 2945 tamen
1949 2892 2023 2945 ita
2058 2899 2201 2946 osset
2238 2892 2293 2945 in
2322 2890 2516 2963 Glossa

516 2984 573 3032 ut
600 2978 804 3044 dicunt,
839 2996 944 3055 non
975 2978 1296 3050 intelligitur
1326 2980 1455 3052 quin
1486 2979 1772 3052 Apostolus
1796 2980 2063 3051 potuisset
2088 2980 2393 3052 praedicare
2415 2978 2516 3033 illis

513 3068 606 3141 qui
653 3076 806 3123 erant
853 3067 920 3123 de
963 3068 1225 3139 regimine
1253 3068 1499 3124 alterius
1545 3066 1809 3139 Apostoli.
1855 3068 1974 3139 Ipso
2020 3068 2163 3121 onim
2196 3067 2516 3137 praedicavit

513 3156 864 3213 Antiochonis
901 3163 958 3213 et
994 3156 1268 3225 Romanis,
1316 3156 1410 3229 qui
1450 3162 1605 3210 erant
1644 3154 1711 3210 de
1752 3155 2013 3225 'regimine
2058 3156 2225 3220 Petri,
2260 3155 2357 3211 sed
2390 3156 2517 3228 quia

514 3261 618 3301 non
656 3246 990 3317 gloriabatur
1023 3246 1091 3301 de
1129 3246 1208 3301 eis
1259 3244 1416 3319 quasi
1458 3244 1719 3315 subjectis
1760 3258 1859 3299 suo
1915 3244 2183 3314 regimini,
2222 3244 2327 3301 boc
2374 3246 2516 3300 enim

513 3344 655 3392 esset
686 3337 737 3395 in
767 3337 941 3391 aliena
969 3334 1152 3406 regula
1175 3334 1416 3405 gloriari.
1444 3333 1512 3387 Et
1536 3341 1799 3404 praeterea
1827 3332 1901 3387 illi
1930 3334 2019 3404 qui
2049 3348 2112 3388 ex
2134 3334 2518 3391 commissione

515 3424 857 3495 praelatorum
887 3424 1204 3495 praedicant,
1238 3438 1342 3477 non
1379 3421 1680 3493 praedicant
1708 3422 1761 3476 in
1798 3421 2043 3493 plebibus
2082 3421 2295 3489 alieniS,
2334 3423 2431 3477 sed
2468 3423 2517 3478 in

515 3512 756 3584 plebibus
789 3513 1132 3584 praelatorum
1165 3510 1254 3584 qui
1302 3526 1394 3567 eos
1422 3510 1668 3577 mittunt,
1702 3510 1833 3582 quin
1868 3511 2033 3565 etiam
2065 3509 2197 3583 ipsis
2235 3508 2519 3584 operanti-

515 3602 612 3657 bus
637 3601 916 3674 cooperari
942 3601 1218 3656 dicuntur.

583 3691 664 3745 Ad
703 3706 766 3746 ca
813 3690 1009 3762 quibus
1049 3688 1394 3761 postmodum
1437 3689 1723 3745 ostendero
1770 3689 2035 3757 nituntur,
2086 3690 2233 3762 quod
2278 3689 2519 3761 religiosi

513 3777 879 3850 confessiones
909 3780 1226 3842 audii-enon
1267 3778 1485 3848 debent,
1520 3777 1586 3833 de
1612 3777 1755 3833 facili
1784 3784 1934 3851 patet
1960 3778 2261 3851 responsiO.
2296 3780 2398 3833 Per
2431 3777 2521 3843 illa

515 3867 657 3929 enim
702 3867 920 3927 decreta
951 3881 1074 3942 quae
1113 3865 1378 3939 inducunt
1426 3866 1553 3922 nihil
1591 3865 1734 3927 aliud
1761 3866 2073 3934 ostendunt,
2108 3867 2211 3923 nisi
2252 3866 2399 3939 quod
2432 3882 2522 3922 re.
