2784 4392
464 295 549 370 14·
938 313 993 370 s.
1034 311 1271 370 anonae
1309 313 1636 375 mmm-ns
1677 311 1989 366 causeum

464 435 665 510 dentis,
696 427 845 515 quod
887 435 955 499 ad
997 437 1347 498 dilectionem
1376 439 1476 496 Dei
1513 436 1818 496 ordinatur.
1847 435 1994 494 Dicit
2016 433 2161 492 enim
2189 433 2214 492 1
2241 431 2314 492 ad
2335 433 2470 492 Cor.

468 545 571 599 vn,
606 533 675 591 32
703 547 717 589 t
750 528 853 599 Qui
878 530 992 588 sine
1020 547 1188 588 uxore
1230 537 1325 598 est,
1350 529 1608 588 sollicitus
1645 535 1718 586 est
1747 541 1864 603 quae
1889 531 2013 584 sunt
2050 524 2174 590 Dei.
2215 525 2470 600 quomodo

475 622 679 693 placeat
706 619 845 690 9205
858 621 950 694 qui
972 629 1147 678 autem
1178 635 1293 678 cum
1310 635 1479 676 uxore
1503 625 1598 686 est,
1619 619 1875 676 sollicitus
1895 627 1972 676 est
1989 621 2230 690 quoesunt
2251 614 2463 682 mundi,

474 709 725 781 quomodo
737 713 945 784 placeat
966 711 1147 766 uxor-i.
1176 707 1257 766 De
1291 706 1523 767 concilio
1553 723 1681 765 vero
1709 709 2049 782 paupertatis
2086 707 2202 780 ipse
2225 705 2469 762 salvator

468 797 621 871 dicit,
640 801 785 874 quod
817 801 885 858 ad
914 801 997 857 sui
1021 798 1300 873 sequelam
1326 797 1627 866 ordinatur,
1655 807 1712 855 ut
1734 804 1883 873 patet
1906 795 2149 854 Matthaei
2175 808 2303 852 xix.
2331 795 2466 866 Quoe

469 889 689 962 quidem
727 889 949 962 sequela
990 889 1044 945 in
1076 889 1273 946 affectu
1312 889 1599 944 charitatis
1643 888 1912 955 consistit,
1939 894 1999 943 ut
2031 891 2310 943 ostensum
2356 891 2460 942 est..

469 975 719 1033 Charitas
765 987 947 1033 autem
990 994 1087 1051 per
1124 977 1440 1051 cupiditatis
1471 977 1827 1034 minutionem
1864 974 2162 1050 perficitur,
2196 973 2472 1047 cupiditas

472 1079 599 1120 vero
629 1070 683 1120 et
710 1063 1026 1121 divitiarum
1066 1080 1219 1123 amor
1255 1081 1352 1139 per
1380 1065 1740 1136 abjectionem
1783 1081 1969 1139 earum
2002 1061 2344 1128 diminuitur,
2378 1061 2465 1118 vel

472 1153 638 1209 etiam
680 1151 923 1210 totaliter
960 1153 1222 1212 aufertur.
1256 1153 1400 1210 Dicit
1429 1155 1574 1210 enim
1602 1159 1831 1224 August.
1864 1153 1917 1208 in
1944 1152 2174 1225 epistola
2205 1153 2274 1208 ad
2320 1153 2466 1210 Pau·-

478 1241 644 1297 linum
674 1249 731 1297 et
763 1243 1081 1299 Therasiam
1107 1245 1250 1316 quod
1281 1249 1502 1299 terrena
1525 1242 1827 1314 diliguntur
1853 1241 2060 1298 arctius
2087 1241 2298 1315 adeptu,
2315 1257 2474 1316 quam

474 1331 749 1404 cortoupita
778 1333 1167 1405 constrinyunc.
1198 1330 1365 1389 Aliud
1391 1339 1470 1390 est
1488 1332 1628 1388 enim
1662 1331 1780 1404 jam
1818 1331 2327 1404 nolle.incorporare
2357 1347 2474 1404 quae

473 1420 679 1486 desunt,
706 1421 857 1476 aliud
872 1422 989 1492 jam
1005 1422 1351 1494 incorporata
1370 1417 1635 1478 dinellbre.
1662 1422 1966 1494 Utrumque
1993 1422 2161 1477 etiam
2185 1419 2475 1478 consilium

474 1507 541 1565 ad
573 1508 917 1567 dilectionem
957 1507 1189 1584 proximi
1226 1509 1534 1568 ordinatur.
1564 1509 1698 1568 Cum
1740 1511 1886 1566 enim
1931 1525 1996 1567 ea
2039 1527 2164 1584 quae
2209 1511 2475 1574 Dominus

473 1600 721 1673 praecipit
761 1597 955 1658 Matth.
996 1615 1051 1668 v,
1099 1599 1168 1658 ad
1218 1598 1567 1658 dilectionem
1608 1599 1842 1676 proximi
1882 1601 2230 1674 pertinentia,
2269 1601 2379 1655 sint
2416 1597 2474 1654 in

474 1689 875 1761 proeparatione
908 1691 1073 1747 animi
1114 1689 1477 1761 observanda,
1512 1690 1860 1748 manifestum
1887 1696 1987 1757 est,
2015 1689 2160 1764 quod
2197 1687 2372 1760 magis
2402 1687 2474 1744 ad

474 1777 666 1833 horum
710 1778 1111 1836 observantiam
1152 1777 1491 1852 praeparatur
1531 1781 1744 1836 animus
1773 1780 1866 1851 qui
1911 1780 2057 1835 circa
2098 1779 2316 1852 propria
2364 1791 2476 1834 non

475 1863 842 1921 sollicitatur:
874 1864 1087 1922 facilius
1131 1868 1275 1920 enim
1318 1865 1527 1921 tollenti
1559 1868 1801 1921 tunicam
1841 1872 1893 1922 et
1930 1864 2156 1936 pallium
2193 1865 2476 1922 dimittere

474 1957 565 2017 est,
602 1958 845 2025 paratae,
898 1953 944 2009 si
994 1965 1219 2010 necesse
1264 1951 1449 2020 luerit,
1499 1957 1594 2025 qui
1637 1951 1768 2008 nihil
1807 1949 2009 2007 habere
2048 1953 2103 2006 in
2149 1967 2248 2008 suo
2291 1957 2476 2012 animo

474 2041 789 2112 destinavit,
822 2057 986 2116 quam
1012 2041 1107 2118 qui
1136 2040 1299 2102 habet
1330 2042 1572 2098 animum
1601 2041 1807 2114 aliquid
1846 2041 1900 2098 in
1929 2039 2032 2098 hoc
2059 2041 2262 2099 saeculo
2293 2045 2479 2116 possi·-

473 2129 657 2188 dendi.
1429 2122 1433 2124 ’

544 2221 683 2291 Quia
705 2235 835 2280 vero
855 2217 1095 2279 charitas
1124 2235 1230 2278 non
1256 2217 1434 2278 solum
1456 2219 1581 2278 finis
1604 2225 1706 2287 est,
1739 2217 1832 2277 sed
1859 2221 2026 2278 etiarn
2053 2219 2206 2279 radix
2233 2221 2474 2279 omnium

475 2310 759 2380 virtutum,
791 2320 847 2368 et
875 2317 1273 2384 praeceptorum
1302 2325 1428 2385 quae
1465 2311 1533 2367 de
1561 2310 1774 2368 actibus
1801 2314 2066 2367 virtutum
2107 2313 2307 2369 dantur
2337 2328 2476 2370 conc-

473 2413 708 2474 sequens
738 2407 840 2469 est,
866 2403 1106 2468 ut,·sicut
1126 2413 1224 2475 per
1246 2401 1473 2458 consilia
1504 2399 1662 2458 homo
1684 2401 1898 2474 proficit
1929 2401 1994 2457 ad
2024 2401 2317 2474 perfectius
2345 2401 2476 2458 dili-

472 2489 705 2561 gendum
759 2491 933 2548 Deum
979 2497 1035 2549 et
1086 2491 1411 2565 proximum,
1447 2491 1524 2548 ita
1569 2492 1734 2548 etiam
1778 2489 2028 2564 proficiat
2070 2491 2140 2548 ad
2181 2489 2474 2563 perfectius

472 2576 828 2648 observanda,
864 2595 987 2654 quae
1028 2579 1097 2637 de
1138 2581 1468 2636 necessitate
1511 2580 1578 2636 ad
1609 2578 1932 2636 charitatem
1977 2577 2320 2636 ordinantur.
2367 2579 2473 2650 Qui

471 2667 614 2722 enim
656 2670 1049 2726 continentiam
1095 2679 1191 2726 aut
1232 2675 1616 2742 paupertatem
1665 2683 1884 2726 servare
1927 2671 2208 2743 proposuit
2250 2678 2474 2742 propter

470 2755 765 2824 Christum,
796 2759 1009 2830 longius
1036 2759 1106 2815 ab
1135 2759 1405 2814 adulterio
1436 2767 1492 2816 et
1529 2759 1674 2814 furto
1703 2759 1949 2814 recessit.
1988 2760 2276 2814 Adduntur
2306 2760 2474 2816 etiam

473 2843 529 2900 in
556 2845 830 2918 religionis
856 2854 1003 2903 statu
1032 2848 1215 2906 multae
1240 2847 1623 2914 observantiae,
1648 2853 1780 2920 puta
1811 2846 2117 2918 vigilatum,
2141 2847 2474 2920 jejuniorum

475 2939 530 2990 et
552 2933 1003 3008 sequestrationis
1043 2951 1076 2994 a
1104 2935 1449 2994 saeculariurn
1480 2937 1614 3004 vita,
1656 2951 1751 3008 per
1788 2948 1912 3008 quae
1953 2934 2196 2992 homines
2237 2937 2411 3008 magis
2441 2951 2472 2995 a

474 3023 623 3080 vitiis
642 3031 915 3092 arcentur,
949 3031 1004 3080 et
1032 3023 1101 3082 ad
1141 3025 1360 3082 virtutis
1397 3025 1784 3100 perfectionem
1813 3023 2028 3081 facilius
2063 3033 2470 3098 promoventur,

473 3119 530 3170 et
556 3113 634 3170 sic
652 3111 1004 3170 consiliorum
1032 3113 1343 3172 observatio
1375 3113 1442 3171 ad
1471 3115 1702 3170 aliorum
1733 3111 2134 3171 observantiam
2168 3124 2474 3188 praecepto-

473 3217 594 3258 rum
617 3203 919 3270 ordinatur,
954 3216 1062 3260 non
1106 3211 1289 3260 tamen
1328 3203 1614 3260 ordinatur
1657 3204 1723 3260 ad
1755 3219 1819 3260 ea
1862 3205 2004 3261 sicut
2031 3205 2096 3261 ad
2129 3203 2292 3260 finem
2324 3219 2338 3258 ε
2369 3213 2474 3258 non

470 3291 615 3348 enim
646 3289 841 3365 aliquis
878 3283 1275 3364 virginitatem,
1304 3297 1362 3349 ut
1397 3293 1727 3349 adulterium
1765 3291 1920 3360 vitet,
1949 3294 2032 3350 vel
2073 3301 2471 3366 paupertatem,

473 3390 534 3438 ut
559 3397 592 3438 a
620 3377 763 3436 furto
789 3381 1039 3446 desistat,
1069 3381 1165 3438 sed
1206 3389 1268 3439 ut
1307 3383 1363 3436 in
1407 3383 1514 3437 Dei·
1547 3381 1897 3439 dilectionem
1935 3381 2186 3456 proficiat
2219 3397 2232 3437 t
2268 3384 2475 3454 majora

475 3471 616 3527 enim
646 3485 749 3526 non
778 3469 1102 3528 ordinantur
1130 3471 1197 3528 ad
1228 3471 1454 3538 minora,
1488 3473 1631 3528 sicut
1658 3469 1727 3530 ad
1760 3473 1940 3528 tinem.

544 3558 632 3615 Sic
661 3561 825 3631 igitur
856 3568 1027 3634 patet,
1056 3561 1201 3634 quod
1233 3561 1460 3618 consilia
1491 3563 1558 3618 ad
1598 3563 1730 3620 vitae
1756 3561 2142 3635 perfectionem
2165 3556 2472 3636 portinent,

470 3663 574 3704 nou
603 3651 729 3721 quia
759 3650 812 3706 in
834 3653 913 3707 eis
942 3651 1317 3726 principaliter
1332 3647 1597 3712 cnsistat
1625 3652 1906 3725 perfectiO,
1933 3651 2027 3707 sed
2055 3653 2183 3726 quia
2215 3660 2340 3708 sunt
2373 3653 2478 3710 viae

472 3739 861 3812 quaeclam„vel
900 3741 1263 3798 instrumenta
1294 3741 1362 3798 ad
1405 3739 1791 3813 perfectionem
1819 3739 2124 3819 charitatist
2145 3741 2473 3798 habendam.

472 3826 627 3885 Unde
654 3828 792 3898 Aug.
823 3825 998 3904 dicit-i
1070 3828 1165 3884 lib.
1192 3830 1261 3906 de
1288 3818 1528 3890 moribus
1549 3825 1831 3895 Ecciesiae,
1859 3831 1926 3886 de
1951 3834 2066 3887 vita
2098 3831 2476 3905 religiosorum

476 3915 704 3988 loquens
735 3927 749 3970 ε
782 3845 1231 4015 Οοηευεὲεεκτὸο
1260 3917 1533 3979 domanda
1574 3923 1626 3976 et
1663 3917 1930 3983 ditecttom
1957 3919 2202 3993 fratrum
2227 3922 2472 3980 retinen-

1203 4035 1237 4065 Ο
