2784 4392
1365 67 1378 93 ἱ

536 308 670 355 xm
701 324 784 340 —
807 308 1045 353 con-raa
1085 308 1300 354 mene.
1347 293 1451 353 15131
1491 306 1665 355 cunr.
1712 308 1805 355 nr
1826 311 2035 357 anne.
2213 291 2300 357 95

355 424 646 481 Sciendum
683 431 767 481 est
804 440 953 497 ergo,
987 424 1253 498 quosdam
1297 424 1465 482 fuisse
1508 426 1813 489 haereticos,
1845 436 1902 485 et
1948 426 2127 485 adhuc
2146 442 2287 495 esse,

284 512 380 587 qni
403 520 728 587 potestatem
756 513 1114 571 ecclesiastici
1139 513 1425 571 ministerii
1452 513 1503 569 in
1527 516 1657 572 vitae
1680 518 1975 574 sanctitate
1990 517 2287 590 ponebant,

286 610 348 658 ut
388 603 641 658 videlicet
685 604 780 676 qui
828 606 1121 660 sanctitate
1163 604 1421 669 caruerit,
1454 604 1662 661 ordinis
1699 600 1916 679 quoq'ue
1963 613 2291 678 potestatem

285 691 528 757 amittat,
555 692 726 764 etqui
754 692 1048 746 sanctitate
1076 689 1264 763 fulget,
1289 691 1456 747 etiam
1486 693 1694 749 ordinis
1724 700 1995 765 potestate
2025 695 2289 767 potiatur.

286 778 464 848 Quam
492 778 712 851 quidem
741 781 1066 835 sententiam
1095 794 1216 835 esse
1245 795 1546 847 erroneam,
1581 782 1709 853 quia
1739 782 1807 839 de
1835 798 1900 839 ea
1935 798 2041 838 non
2082 783 2287 853 agitur,

287 874 624 941 supponatur
652 867 720 924 ad
751 884 1008 941 praesens.
1037 868 1114 923 Ex
1162 868 1318 941 hujus
1361 875 1546 925 autem
1582 871 1783 925 erroris
1808 870 1992 925 radice
2024 871 2290 942 processit

288 957 648 1029 quorumdam
682 957 1055 1029 praesumptio,
1087 964 1143 1011 et
1191 959 1465 1029 praecipue
1510 957 1914 1025 monachorum,
1948 959 2043 1031 qui
2082 959 2151 1014 de
2190 958 2292 1016 sua

287 1047 584 1101 sanctitate
609 1053 1018 1117 praesumenteS,
1049 1045 1421 1101 ministrorum
1450 1047 1709 1103 Ecclesiae
1732 1047 1909 1103 officia
1942 1049 2159 1121 proprio
2198 1064 2292 1104 ar-

289 1134 454 1189 bitrio
479 1134 836 1207 usurpabant,
869 1124 1196 1189 absolvendo
1234 1133 1446 1190 scilicet
1484 1144 1819 1207 peccatoreS‚
1854 1142 1908 1191 et
1940 1134 2295 1208 praedicando'

289 1222 498 1295 absque
521 1223 748 1294 alicujus
778 1225 1106 1279 auctoritate
1133 1224 1406 1296 Episcopi,
1435 1224 1581 1297 quod
1620 1226 1701 1279 eis
1729 1223 2040 1281 nullatenus
2066 1224 2285 1291 licebat,

289 1313 436 1367 unde
473 1311 674 1367 dicitur
697 1328 817 1376 xvi,
850 1321 1028 1385 quaest
1057 1314 1080 1366 l
1119 1330 1180 1366 z«
1215 1313 1465 1367 Pervenit
1493 1313 1562 1367 ad
1592 1328 1691 1368 nos
1726 1312 1890 1384 (unde
1924 1311 2083 1368 valde
2122 1315 2291 1369 mira-

288 1401 450 1471 mur),
478 1402 622 1473 quod
639 1401 871 1473 -quidam
903 1401 1153 1457 monachi
1177 1408 1233 1455 et
1257 1401 1483 1457 abbates
1506 1402 1558 1456 in
1587 1402 1842 1474 parochia
1875 1410 2059 1459 vestra
2095 1412 2287 1459 contra

288 1498 602 1545 sanctorum
626 1491 865 1556 decreta,
882 1490 1209 1564 episcopalia
1232 1492 1358 1563 jura
1389 1499 1444 1545 et
1469 1490 1646 1545 officia
1674 1490 1778 1545 sibi
1805 1498 2126 1561 arroganter
2150 1506 2289 1546 ven-

289 1577 496 1647 dicant,
521 1577 776 1633 videlicet
819 1578 1194 1649 poenitentiam
1232 1579 1384 1646 dare,
1418 1589 1473 1634 et
1503 1580 1874 1633 remissionem
1916 1586 2289 1650 peccatorum,

290 1655 806 1733 reconciliationem,
836 1666 1076 1720 decimas
1099 1672 1154 1719 et
1194 1664 1468 1721 Ecclesias
1506 1680 1631 1719 cum
1662 1664 1867 1737 absque
1895 1664 2101 1736 proprii
2129 1665 2291 1735 Epis-

289 1755 413 1825 copi
458 1753 693 1821 licentia,
745 1754 828 1810 vel
877 1754 1205 1810 auctoritate
1249 1753 1407 1810 Sedis
1456 1752 1788 1825 Apostolicae
1833 1752 1937 1808 hoc
1978 1751 2291 1809 nullatenus

289 1858 620 1917 praesumere
644 1843 897 1899 debeant.
933 1863 960 1895 »
990 1843 1094 1901 Sed
1138 1843 1360 1916 quidam
1400 1844 1563 1899 nimis
1600 1844 1817 1900 incaute
1854 1842 1925 1899 ab
1962 1843 2065 1899 hoc
2104 1858 2291 1901 erroro

289 1932 627 1999 recedentes,
656 1932 712 1987 in
740 1948 976 1989 errorem
1009 1933 1345 1989 contrarium
1373 1938 1500 1989 sunt
1545 1932 1802 2005 prolapsi,
1836 1940 2141 1989 asserentes
2168 1948 2290 1988 mo-

291 2022 496 2078 nachos
523 2029 576 2078 et
620 2021 898 2093 religiosos
941 2023 1007 2077 ad
1049 2021 1314 2093 praedicta
1339 2036 1447 2077 non
1490 2021 1714 2076 idoneos
1756 2036 1894 2085 esse,
1928 2022 2097 2077 etiam
2125 2022 2171 2076 si
2220 2020 2291 2075 de

293 2110 620 2167 auctoritate
660 2110 1048 2183 Episcoporum
1076 2110 1178 2165 hoc
1196 2121 1372 2181 'agant
1405 2109 1547 2165 unde
1576 2109 1776 2165 dicitur
1819 2125 1941 2177 xvt,
1981 2115 2180 2183 qnaest.
2210 2110 2232 2163 ⁴
2273 2125 2287 2163 :

294 2219 322 2254 ι
351 2202 484 2255 Sunt
531 2199 772 2255 nonnulli
822 2199 967 2255 nullo
1003 2200 1258 2270 dogmate
1305 2197 1449 2265 fulti,
1492 2198 1853 2275 audacissime
1905 2198 2126 2271 quidem
2171 2197 2291 2253 zelo

293 2289 468 2358 magis
493 2286 891 2353 amaritudinis,
921 2302 1085 2359 quam
1114 2287 1422 2344 dilectionis
1453 2286 1793 2356 inflammati,
1826 2295 2131 2343 asserentes
2170 2302 2297 2341 mo-

293 2377 494 2433 nachos
515 2378 604 2449 qui
632 2376 833 2431 mundo
871 2376 1072 2431 mortui
1097 2383 1222 2432 sunt
1252 2382 1306 2431 et
1331 2377 1447 2431 Deo
1489 2378 1695 2443 vivunt,
1726 2376 2083 2443 sacerdotalis
2125 2374 2291 2430 officii

293 2466 535 2538 potentia
586 2465 852 2536 indignOS,
916 2481 1091 2537 neque
1136 2465 1535 2537 poenitentiam,
1598 2480 1770 2537 neque
1822 2463 2335 2535 Christianitatem·

293 2554 498 2625 largiri,
516 2570 690 2625 neque
715 2552 993 2610 absolvere
1020 2568 1180 2625 posse
1207 2570 1300 2626 per
1323 2552 1677 2609 sacerdotalis
1700 2551 1864 2607 officii
1897 2551 1997 2606 sibi
2028 2551 2291 2606 divinitus

263 2628 592 2714 'injunctam
618 2648 948 2716 potestatem
977 2659 989 2695 :
1023 2641 1118 2698 sed
1149 2643 1366 2698 omnino
1398 2641 1672 2698 labuntur.
1710 2660 1737 2693 »

363 2730 598 2801 Quidam
643 2737 826 2787 autem
878 2730 1146 2788 novellum
1192 2731 1295 2787 sibi
1344 2737 1649 2787 statuentes
1692 2745 1933 2785 errorem
1980 2730 2035 2786 in
2080 2735 2325 2785 tantam-

292 2826 651 2892 prorumpunt
679 2820 986 2885 audaciam,
1022 2827 1080 2873 ut
1113 2826 1360 2875 asserant
1402 2836 1507 2874 non
1545 2819 1719 2875 solum
1751 2826 1969 2891 propter
2000 2817 2287 2891 religioso-

293 2926 416 2967 rum
466 2910 853 2972 conditionem,
883 2909 976 2965 sed
1023 2910 1189 2965 etiam
1222 2913 1442 2981 propter
1483 2910 1872 2981 Episcoporum
1905 2910 2285 2980 impotentiam

293 3016 398 3056 non
444 3015 602 3071 posse
651 3014 745 3070 per
781 2998 1073 3070 Episcopos
1125 2996 1390 3069 religiosis
1440 2998 1699 3068 praedicta
1746 2999 2016 3053 committi
2080 2999 2291 3071 absque

295 3086 619 3161 parochialis
655 3086 956 3143 sacerdotis
984 3080 1283 3142 voluntate.
1309 3086 1376 3141 Et
1420 3086 1565 3158 quod
1596 3088 1759 3142 etiam
1800 3087 2157 3159 perniciosius
2182 3094 2287 3154 est,

292 3192 398 3233 non
431 3192 586 3249 posse
631 3176 710 3229 eis
756 3175 859 3231 hoc
901 3176 1076 3246 ipsum
1117 3183 1364 3231 asserunt
1393 3191 1490 3246 per
1530 3174 1861 3247 Apost-olicae
1885 3176 2039 3231 Sedis
2060 3175 2287 3248 privile-

291 3267 442 3337 gium
476 3264 759 3335 indulgeri.
787 3264 855 3319 Et
895 3265 975 3319 sic
1011 3280 1108 3335 per
1152 3263 1294 3319 viam
1332 3264 1663 3320 contrariam
1707 3263 1774 3319 ad
1832 3263 2083 3320 eumdem
2127 3264 2289 3317 finem

187 3390 194 3395 -
291 3352 600 3424 hujusmodi
649 3367 798 3432 error
841 3351 1073 3407 elabitur
1114 3368 1238 3407 cum
1280 3352 1561 3423 praedicto,
1605 3360 1665 3406 ut
1701 3333 1910 3408 scilicet
1964 3350 2290 3407 subtrahant

292 3440 501 3514 aliquid
537 3440 934 3498 Ecclesiasticae
976 3444 1252 3515 potestati,
1281 3442 1425 3496 sicut
1462 3450 1516 3497 et
1555 3441 1631 3497 illi
1676 3442 1768 3512 qui
1813 3441 1867 3495 in
1920 3441 2049 3495 vitae
2096 3440 2291 3495 merito

295 3536 623 3605 potestatem
651 3527 909 3584 Ecclesiae
932 3532 1228 3584 consistere
1254 3529 1573 3586 arbitratur.

363 3619 444 3676 Ad
461 3617 622 3689 hujus
642 3632 771 3688 ergo
787 3617 984 3671 erroris
1003 3617 1428 3672 destructionem
1448 3617 1549 3673 hoc
1566 3617 1752 3672 ordine
1770 3618 2166 3687 procedendum
2182 3626 2287 3676 est.

364 3709 540 3764 Primo
565 3704 934 3772 ostendemus,
959 3705 1102 3777 quod
1125 3705 1376 3777 Episcopi
1406 3711 1460 3760 et
1488 3706 1795 3776 superiores
1826 3705 2033 3776 praelati
2059 3715 2288 3778 possunt

291 3796 609 3869 praedicare,
639 3800 694 3849 et
731 3791 1012 3849 absolvere
1049 3808 1143 3849 eos
1176 3793 1269 3867 qui
1313 3791 1689 3851 sacerdotibus
1730 3793 2035 3850 subduntur
2070 3794 2186 3851 sine
2216 3794 2293 3850 li·-

291 3886 471 3949 centia
495 3885 736 3959 ipsorum
757 3883 1122 3942 sacerdotum.
1726 3908 1731 3913 ·
