2784 4392
2275 2 2298 67 χ
2371 2 2386 14 x

2391 19 2409 33 *s

2291 62 2305 81 »⁵

2326 227 2339 267 't

535 326 672 371 xm.
698 342 780 355 —
805 326 1044 372 com-Ra
1085 328 1270 374 narn.
1315 328 1467 372 nou.
1512 330 1595 373 AB
1633 310 1878 375 inertas.
1924 330 2143 377 anne.
2258 292 2365 383 51³,

335 447 385 498 et
429 442 808 509 calceamentis,
839 441 1095 514 numquid
1137 442 1343 515 aliquid
1383 442 1559 515 defait
1597 444 1777 500 vobis?
1818 444 1895 501 At
1936 444 2020 502 itti
2060 444 2341 511 dixerunt,

335 531 491 586 nihil.
523 531 626 587 Sed
663 532 791 603 quia
816 530 890 587 ibi
930 530 1182 589 subditur
1210 549 1223 585 :
1257 532 1416 587 Diaeit
1444 549 1566 605 erqo
1591 533 1666 588 eis
1690 550 1709 589 .·
1734 533 1833 589 Sed
1874 550 2015 591 nune
2053 536 2147 607 qui
2189 534 2340 591 habet

335 620 618 686 sacculum,
646 620 797 676 tollat
818 618 1072 677 similiter
1106 626 1154 677 et
1183 636 1250 693 pe
1285 637 1393 687 am,
1431 630 1613 692 posset
1639 621 1797 678 alicui
1831 623 2023 691 videri,
2051 623 2195 697 quod
2226 625 2341 679 Do-

337 708 512 763 minus
544 708 787 765 totaliter
821 710 1002 781 priora
1034 716 1307 782 praecepta
1356 709 1701 777 relaxaverit,
1738 712 1834 766 sed
1863 710 2004 768 hanc
2045 712 2341 769 relaxatio·

337 812 459 851 nem
485 803 750 871 quantum
780 797 1138 871 adpersonas
1171 798 1574 871 Apostolorum,
1606 798 1676 868 ad
1704 798 1879 855 solum
1908 808 2123 870 tempus
2155 802 2341 857 immi-

337 884 512 938 nentis
539 884 931 955 persecutionis
959 900 1078 940 esse
1107 884 1447 941 referendam
1478 892 1703 959 apparet
1729 902 1795 941 ex
1823 887 2003 943 verbis
2032 886 2209 955 Bedae,
2245 902 2340 960 qut

336 970 527 1026 dicit:
576 992 600 1023 α
646 974 765 1029 Non
810 972 999 1029 eadem
1043 972 1259 1029 vivendi
1292 973 1478 1045 regula
1523 975 1915 1047 persecutionis
1943 982 2186 1048 tem-pore
2228 991 2337 1057 qua

337 1060 504 1141 pacis,
535 1059 830 1144 discipulos
863 1061 1140 1117 informat.
1170 1061 1348 1117 Missis
1377 1063 1599 1133 quidem
1624 1063 1905 1135 discipulis
1930 1065 1997 1120 ad
2030 1064 2342 1131 praedican-

336 1148 482 1214 dum,
510 1165 578 1203 no
615 1150 747 1221 quid
776 1149 1069 1206 tollerent
1054 1167 1108 1205 in
1133 1151 1223 1206 via
1263 1151 1541 1223 praecepit,
1576 1151 1853 1219 ordinans,
1883 1152 2107 1217 scilicet,
2154 1162 2213 1208 ut
2244 1152 2339 1224 qui

334 1236 686 1309 Evangelium
715 1238 986 1305 nuntiant,
1036 1240 1104 1293 de
1132 1238 1426 1311 Evangelio
1456 1239 1663 1295 vivant.
1707 1241 1896 1296 Mortis
1925 1256 2053 1297 vero
2099 1240 2339 1297 instante

335 1326 593 1398 periculo,
633 1333 689 1382 et
719 1333 834 1383 tota
865 1326 1023 1381 simul
1064 1333 1224 1399 gente
1255 1334 1530 1400 pastorem
1561 1328 1766 1401 pariter
1791 1344 2121 1402 gregemque
2150 1321 2351 1402 perseo'

335 1422 553 1487 quante,
584 1430 881 1485 congruam
927 1416 1184 1488 temporis
1222 1414 1466 1487 regulam
1494 1416 1759 1483 decernit,
1794 1419 2115 1490 permittens
2140 1426 2199 1474 ut
2230 1416 2341 1473 tol-

334 1502 448 1559 lant
475 1504 645 1560 victui
673 1505 1000 1573 necessaria,
1043 1504 1214 1560 donec
1237 1505 1417 1577 sopita
1446 1506 1658 1561 insania
1688 1512 2095 1577 persecutorum
2122 1512 2336 1578 tempus

335 1593 740 1665 evangelizandi
782 1594 995 1651 redeat.
1035 1593 1139 1651 Ubi
1169 1594 1324 1649 nobis
1351 1608 1571 1667 quoque
1612 1593 1710 1649 dat
1737 1594 2063 1665 exemplum,
2096 1610 2164 1649 ex
2185 1596 2338 1665 justa

334 1697 721 1755 nonnunquam
761 1677 928 1741 causa
969 1683 1207 1738 instante
1246 1682 1500 1756 quaedam
1542 1681 1611 1738 de
1640 1682 1809 1739 nostri
1857 1681 2118 1755 propositi
2163 1684 2341 1753 rigore

336 1786 495 1842 posse
537 1771 651 1827 sine
680 1770 836 1845 culpa
866 1771 1176 1827 intermitti.
1216 1789 1243 1823 n
1274 1772 1352 1827 Ex
1381 1786 1491 1844 quo
1533 1772 1700 1827 etiam
1730 1778 1955 1843 apparet
2000 1772 2067 1827 ad
2100 1772 2334 1843 rigorem

334 1859 664 1931 evangelicas
687 1860 988 1934 disciplinae
1012 1859 1302 1933 pertinere,
1335 1860 1480 1934 quod
1506 1860 1705 1934 aliquis
1732 1865 1920 1917 careat
1942 1862 2089 1915 omni
2120 1868 2336 1918 terrena

336 1950 673 2023 possessione
703 1966 716 2004 :
751 1950 880 2023 quid
916 1957 1101 2006 aulem
1128 1966 1292 2022 super
1328 1950 1431 2005 hoc
1453 1948 1699 2022 Apostoli
1727 1955 1849 2021 post
1877 1950 2185 2022 passionem
2215 1966 2336 2005 ser-

334 2047 598 2095 vaverunt
627 2046 681 2093 et
717 2042 1045 2095 servandum
1077 2038 1437 2106 tradiderunt,
1474 2044 1661 2112 aperte
1699 2040 1752 2094 in
1780 2038 1933 2095 Actis
1961 2040 2335 2111 Apostolorum

333 2125 577 2183 docetur.
605 2128 826 2199 Legitur
854 2129 996 2183 enim
1029 2132 1150 2183 Act.
1185 2143 1262 2195 tv,
1289 2130 1354 2185 32
1398 2145 1411 2181 ι
1444 2128 1589 2200 quod
1613 2126 1981 2183 multitudinis
2010 2128 2338 2185 credentium

334 2222 453 2271 erat
475 2233 566 2271 cor
586 2232 773 2281 unum,
804 2223 854 2272 et
883 2215 1066 2271 anima
1091 2232 1224 2281 una,
1250 2232 1344 2271 nec
1371 2215 1649 2287 quisquam
1673 2232 1874 2283 eorum,
1904 2234 2020 2289 quae
2037 2216 2338 2290 possidebat

334 2304 539 2375 aliquid
577 2320 732 2360 suum
763 2322 867 2360 esse
907 2302 1130 2371 dicebat,
1155 2305 1246 2361 secl
1272 2312 1429 2361 erant
1458 2305 1569 2361 illis
1608 2306 1788 2367 omnia
1818 2305 2147 2375 communia3
2184 2315 2241 2363 et
2268 2320 2339 2361 ne

335 2394 530 2467 aliquis
567 2394 718 2451 dicat
762 2409 857 2451 eos
901 2392 1155 2449 habuisse
1198 2395 1587 2467 possessiones
1631 2402 1763 2466 puta
1802 2410 1961 2466 agros
1999 2395 2085 2451 vel
2126 2396 2335 2464 vineaS,

335 2482 540 2555 aliquid
565 2482 893 2554 hujusmodi,
926 2482 1030 2538 hoc
1069 2474 1478 2555 persequentia
1508 2481 1833 2550 excluditur,
1866 2482 2113 2555 sequitur
2146 2485 2290 2539 enim
2322 2500 2335 2539 ε

337 2593 362 2625 α
413 2572 672 2644 Quotquot
709 2588 1026 2645 possessores
1053 2588 1331 2645 aprorum,
1381 2578 1481 2628 out
1524 2571 1799 2628 domorum
1838 2578 2024 2637 erant,
2062 2571 2337 2647 ven-dentes

335 2661 618 2733 asserebant
653 2650 836 2734 pretia
874 2676 1056 2717 eorum
1089 2676 1214 2733 -quae
1251 2659 1561 2728 vendebant,
1612 2664 1663 2716 et
1706 2658 1966 2731 ponebant
2007 2666 2131 2716 ante
2178 2660 2336 2733 pedes

333 2750 726 2821 Apostolorum.
767 2750 844 2804 Ex
874 2766 981 2823 quo
1011 2757 1164 2823 patet
1202 2748 1341 2805 banc
1369 2764 1489 2805 esse
1518 2748 1847 2821 evangelicas
1878 2749 2007 2805 vitae
2040 2748 2341 2805 observan-

2301 64 2581 205 t⁶

335 2839 484 2905 tiam,
527 2844 588 2895 'ut
632 2854 715 2907 ea,
757 2854 880 2911 quae
921 2839 990 2894 ad
1033 2838 1417 2894 necessitatem
1455 2837 1584 2895 vilae
1632 2838 1923 2910 pertinent,
1957 2837 2342 2910 possideantur
2518 2848 2529 2858 ’

331 2926 713 2993 communiter,
761 2926 1192 2999 possessionibus
1244 2928 1465 2982 omnino
1522 2942 1555 2983 a
1603 2925 2002 3005 possessoribus
2049 2924 2341 2982 abdicatis.

321 3016 488 3091 *Quod
517 3021 698 3070 autem
725 3013 829 3071 hoc
853 3016 920 3071 ad
943 3014 1394 3071 abundantiorem
1425 3014 1815 3088 perfectionem
1844 3016 2134 3087 pertineat,
2160 3031 2336 3088 appa-

327 3104 418 3162 'ret
464 3122 559 3178 per
601 3092 963 3175 Augustinum
1011 3105 1065 3160 in
1108 3104 1244 3159 libro
1275 3104 1352 3159 De
1390 3103 1639 3159 doctrina
1666 3102 1984 3169 christiana,
2014 3104 2107 3159 ubi
2152 3103 2336 3159 dicit:

336 3214 362 3246 α
406 3194 508 3264 Qui
542 3194 890 3251 crediderunt
919 3210 987 3249 ex
1013 3193 1235 3259 ludaeis,
1269 3208 1334 3247 ex
1363 3192 1561 3264 quibus
1594 3191 1739 3248 facta
1764 3198 1849 3247 est
1890 3192 2063 3265 prima
2096 3191 2341 3249 Ecclesia

333 3281 741 3355 HierosolymiS,
773 3282 908 3338 satis
937 3281 1290 3338 ostenderunt
1324 3286 1530 3351 quanta
1580 3280 1787 3336 utilitas
1821 3279 1985 3336 fuerit
2008 3278 2340 3351 subpaeda-

333 3383 493 3441 gogo,
547 3368 688 3426 idest
719 3370 986 3445 sublege,
1025 3369 1310 3425 custodiri.
1348 3371 1598 3442 Namque
1639 3377 1750 3425 tam
1780 3382 2010 3439 capaces
2038 3368 2340 3423 extiterunt

331 3456 569 3531 Spiritus
597 3459 770 3511 sancti
801 3464 860 3512 ut
883 3458 1061 3513 omnia
1106 3474 1204 3513 sua
1246 3456 1561 3523 venderent,
1595 3472 1893 3529 eorumque
1917 3454 2153 3529 pretium
2192 3455 2341 3511 indi-

331 3545 588 3619 'gentibus
625 3544 1060 3600 distribuendum
1104 3552 1230 3600 ante
1265 3544 1649 3616 Apostolorum
1685 3544 1851 3616 pedes
1874 3552 2174 3615 ponerent,
2227 3562 2254 3598 »
2286 3554 2341 3600 et

333 3644 524 3710 postea
565 3633 750 3689 subdit
799 3650 812 3687 :
860 3653 885 3687 α
930 3634 1052 3688 Non
1080 3634 1224 3689 enim
1253 3632 1355 3689 hoc
1385 3631 1523 3688 ullas
1550 3632 1822 3689 Ecclesias
1854 3630 2099 3704 gentium
2144 3632 2340 3691 fecisse

325 3726 598 3799 scriptum
642 3729 750 3788 est,
791 3723 919 3794 quia
949 3726 1197 3779 nontam
1239 3736 1407 3795 prope
1434 3721 1640 3778 inventi
1687 3726 1875 3791 erant,
1904 3719 2010 3846 qui
2046 3722 2339 3781 simulacra

335 3814 643 3871 manufacta
673 3812 806 3869 deos
833 3810 1185 3869 habebant.»

407 3900 653 3961 Videtur
665 3909 848 3961 tamen
882 3902 1044 3977 hujus
1077 3900 1156 3961 rei
1197 3902 1364 3963 aliam
1401 3900 1671 3963 rationem
1696 3899 1979 3979 assignare
2014 3900 2342 3965 Helcbiades
