2784 4392
587 251 716 294 xxv.
746 267 826 282 -
853 253 1092 310 001«ar
1133 253 1353 297 meme.
1405 255 1504 296 nm
1530 256 1720 300 cour.
1764 256 1842 300 m·
1880 259 2095 306 numo.
2222 237 2339 306 205

1064 457 1348 526 CAPUT
1402 460 1587 527 XIII.

337 589 643 666 Quomodo
652 588 963 664 judicium
979 595 1330 668 pervertunt
1349 592 1418 652 in
1434 591 1607 654 rebus
1625 591 1941 672 reliqiosos
1957 594 2332 672 infamando,

407 685 463 741 et
480 679 690 758 prima
731 679 879 758 quia
903 695 966 741 se
997 683 1054 741 et
1081 679 1429 759 reliqionem
1464 698 1638 744 suam
1679 683 2116 762 commendant,
2148 691 2205 748 et
2220 703 2336 765 per

406 768 691 847 epistolas
719 767 1116 830 commendari
1136 775 1496 848 procurant.

393 902 550 957 Nunc
578 906 750 956 restat
789 899 974 956 videre
1003 902 1276 973 quomodo
1297 903 1568 974 judicium
1596 902 1665 958 de
1693 903 1855 959 rebus
1888 911 2227 976 pervertunt,
2260 923 2325 964 ea

324 1006 450 1063 quae
471 989 608 1046 bene
630 995 686 1044 et
716 987 856 1044 male
879 989 995 1044 fieri
1027 997 1268 1062 possunt,
1304 992 1531 1063 praecise
1562 991 2025 1062 reprehendendo·

393 1077 812 1151 Reprehendunt
842 1078 985 1133 enim
1015 1078 1296 1150 religiosos
1322 1080 1497 1150 primo
1527 1079 1595 1134 de
1618 1079 1739 1148 hoc,
1768 1080 1913 1153 quod
1944 1097 2022 1148 se,
2052 1082 2139 1139 vel
2164 1099 2319 1141 suam

322 1167 658 1238 religionem*
682 1165 1081 1234 commendant,
1125 1166 1206 1223 vel
1247 1166 1615 1224 commendari
1655 1185 1750 1240 per
1787 1169 2047 1242 epistolas
2094 1171 2326 1229 aliorum

322 1263 636 1328 procurant.
1081 1252 1088 1259 ’
1240 1309 1245 1317 ,

391 1345 656 1411 Secundo,
707 1343 852 1417 quod
899 1344 1272 1402 detractorum
1308 1361 1535 1404 suorum
1560 1346 1731 1404 verba
1758 1361 1867 1403 non
1897 1347 2187 1418 sustinent,
2226 1351 2323 1406 sed

319 1435 402 1494 eis
429 1434 712 1490 resistunt.

391 1523 596 1592 Tertio,
626 1521 696 1577 de
723 1520 826 1579 hoc
849 1522 997 1594 quod
1025 1522 1080 1578 in
1102 1521 1311 1594 judicio
1338 1521 1696 1580 contendunt.

389 1611 616 1682 Quane,
648 1607 718 1667 de
744 1611 846 1666 hoc
875 1609 1022 1683 quod
1047 1616 1425 1682 persecutores
1448 1625 1578 1666 suos
1603 1610 1781 1681 puniri
1808 1617 2126 1681 procurant.

389 1700 609 1770 Quinto,
640 1698 709 1754 de
731 1699 836 1754 hoc
865 1698 1009 1770 quod
1030 1697 1341 1754 hominibus
1365 1697 1581 1770 placere
1600 1697 1811 1753 volunt.

324 1831 335 1840 .
387 1791 572 1856 Sexto,
613 1788 683 1843 de
723 1787 827 1845 hoc
855 1786 1000 1860 quod
1039 1787 1278 1859 gaudent
1319 1787 1386 1842 de
1428 1786 1512 1843 liis
1540 1802 1666 1858 quae
1713 1785 2001 1858 magnifice
2042 1787 2189 1846 Deus
2224 1807 2320 1864 per
2380 1816 2393 1827 -

315 1894 410 1935 eos
434 1878 587 1934 facit.

385 1967 646 2041 Septimo,
678 1965 748 2022 de
775 1965 878 2022 hoc
905 1965 1050 2038 quod
1080 1965 1260 2021 curias
1292 1981 1519 2037 regnum
1548 1970 1605 2020 et
1632 1970 1915 2036 potentum
1943 1955 2314 2039 frequentant,

386 2054 539 2126 Quod
561 2062 747 2111 autem
769 2069 828 2108 se
847 2054 994 2126 ipsos
1012 2052 1397 2110 commendare
1416 2070 1521 2110 non
1539 2052 1795 2123 debeant,
1815 2053 2045 2125 probare
2070 2056 2318 2113 nituntur

314 2145 491 2218 primo
517 2159 612 2214 per
643 2142 778 2198 illud
807 2141 953 2213 quod
1001 2141 1233 2197 habetur
1261 2143 1418 2198 Rom.
1451 2141 1549 2209 ult,
1583 2157 1747 2213 super
1781 2141 1916 2197 illud
1954 2159 1967 2197 ε
1998 2142 2108 2198 Per
2144 2145 2318 2201 dulces

310 2247 575 2290 sev-mones
602 2235 655 2285 et
685 2227 1076 2294 benedictiones,
1111 2229 1307 2285 Glossa
1345 2246 1358 2282 :
1393 2249 1419 2282 α
1453 2230 1781 2301 Compositis
1808 2230 1990 2286 verbis
2016 2247 2172 2288 suam
2202 2241 2317 2290 tra-

311 2321 580 2377 ditionem
608 2314 1064 2372 commendabant
1088 2316 1549 2388 pseudoapostoli,
1574 2316 1771 2388 quibus
1794 2316 2125 2390 simplicium
2148 2323 2315 2378 corda

312 2406 692 2479 decipiebant;
745 2423 770 2455 n
812 2402 956 2459 unde
984 2419 1108 2459 cum
1152 2403 1391 2475 religiosi
1421 2418 1579 2460 suum
1626 2405 1871 2459 ordinem
1911 2408 2311 2472 commendent,

313 2503 368 2552 et
398 2512 492 2567 per
537 2494 638 2549 hoc
666 2493 879 2564 aliquos
908 2491 980 2547 ad
1008 2507 1165 2546 suum
1195 2491 1444 2546 ordinem
1475 2491 1714 2557 trahant,
1746 2506 1806 2547 se
1834 2493 2317 2564 pseudoapostolos

312 2584 606 2640 ostendunt
635 2590 690 2638 et
710 2580 915 2637 similes
937 2579 1245 2644 PharisaeiS,
1263 2580 1332 2635 de
1353 2577 1770 2652 quibusdicitur
1788 2579 1979 2635 Matth.
2008 2596 2181 2648 xxm,
2205 2584 2274 2636 45
2299 2600 2311 2637 ε

319 2673 408 2729 Vae
434 2672 596 2736 vobis,
621 2669 820 2726 Scriboe
848 2676 898 2727 et
933 2668 1199 2725 Pharisaei
1222 2669 1531 2740 hypocritae,
1556 2667 1648 2740 qui
1674 2668 1917 2734 circuitis
1941 2685 2090 2725 mare
2114 2676 2164 2726 et
2190 2670 2314 2727 ari-

313 2759 455 2823 dam,
473 2765 532 2812 nt
554 2755 770 2829 faciat-is
795 2771 961 2811 tonum
981 2756 1344 2828 proselytum:

383 2848 538 2902 ltem.
571 2847 617 2900 11
646 2847 769 2904 Cor.
804 2859 890 2911 ιιι,
919 2845 942 2898 4
984 2844 1316 2916 :Incipimus
1343 2843 1541 2900 iterum
1568 2843 1906 2918 nosmetipsos
1935 2845 2313 2911 commendare,

313 2935 507 2992 Glossa
555 2951 566 2988 ε
609 2955 634 2986 t<
673 2933 840 3003 Quasi
891 2939 975 2988 est
1017 2932 1236 3005 aliquis,
1281 2933 1376 3004 qui
1423 2933 1525 2990 boc
1552 2933 1798 3005 imponat
1840 2932 2013 2989 nobis.
2044 2934 2203 2990 Absit
2254 2942 2315 2990 ut

314 3024 417 3080 hoc
442 3024 726 3091 faciamus,
764 3040 789 3072 »ι
819 3028 872 3076 et
903 3021 984 3077 sic
1012 3021 1154 3076 idem
1187 3021 1333 3092 quod
1358 3020 1530 3092 prius.

387 3113 544 3168 Item.
597 3110 804 3167 Ibidem
851 3107 1103 3164 subditur
1137 3126 1150 3164 :
1194 3109 1310 3164 Aut
1349 3107 1607 3180 numquid
1647 3124 1851 3179 cyamus
1880 3109 2317 3166 commendatitiis

311 3199 542 3272 epistolis
563 3199 632 3253 ad
651 3215 739 3253 vos
758 3203 854 3253 aut
869 3213 934 3252 ex
952 3196 1113 3262 vobis,
1131 3195 1538 3266 sicutquidam?
1560 3195 1754 3252 Glossa
1784 3212 1797 3249 :
1828 3216 1853 3248 α
1874 3196 1929 3252 id
1960 3205 2044 3252 est
2077 3197 2319 3268 pseudo-

310 3287 543 3360 apostoli
574 3302 712 3359 quos
749 3285 896 3341 nulla
927 3287 1100 3340 virtus
1127 3283 1519 3341 commendat?
1553 3302 1579 3334 ι)
1612 3283 1815 3357 Utique
1852 3298 1960 3339 non
1990 3299 2230 3355 egemuS,
2265 3287 2319 3340 in

310 3390 421 3448 quo
449 3373 664 3428 videtur
699 3373 843 3444 quod
876 3372 952 3428 illi
981 3374 1077 3445 qui
1109 3371 1587 3429 commendatitias
1615 3369 1827 3428 litteras
1860 3381 2174 3444 procurant,
2207 3373 2319 3430 sint

312 3459 776 3538 pseudoapostoli.

385 3554 542 3607 Item.
574 3550 622 3605 11
661 3549 786 3604 Cor.
836 3563 910 3613 tv,
949 3551 979 3604 2
1013 3565 1026 3602 :
1066 3547 1136 3603 In
1161 3547 1594 3618 manifestatione
1619 3545 1865 3602 veritatis
1902 3547 2317 3606 commendantes

311 3639 668 3711 nosmetipsos.
698 3636 893 3693 Glossa
926 3653 938 3690 ε
975 3656 1000 3688 α
1029 3636 1158 3692 Sine
1185 3635 1597 3707 comparatione
1621 3634 2081 3691 adversariorum.
2116 3655 2142 3689 n
2173 3637 2313 3708 Ergo

313 3729 549 3800 religiosi
583 3728 676 3800 qui
707 3742 765 3781 so
795 3725 1241 3780 commendantes
1279 3723 1598 3795 religionem
1631 3739 1786 3781 suam
1816 3723 1937 3780 aliis
1968 3724 2317 3796 religionibus

312 3816 630 3890 praeferunt,
663 3831 767 3873 non
791 3820 916 3870 sunt
946 3813 1061 3872 veri
1093 3812 1359 3886 Apostoli.
