2784 4392
509 268 632 335 116
986 285 1040 332 s.
1083 282 1314 331 rnouAE
1354 281 1679 336 momnis
1720 281 2031 331 oruscum

512 408 676 463 datur
701 404 924 463 libertas
949 403 1306 478 praedicandi,
1334 418 1440 461 non
1472 402 1787 476 requiritur,
1818 402 1885 459 ad
1914 401 2017 459 hoc
2046 402 2191 477 quod
2219 400 2339 476 ejus
2364 416 2511 477 prae-

511 494 714 551 dicatio
752 494 995 566 legitima
1033 493 1124 560 sit,
1154 492 1300 567 quod
1337 491 1407 547 ab
1444 491 1551 549 alio
1592 496 1921 564 potestatem
1964 491 2216 563 accipiat,
2260 492 2391 567 quia
2432 496 2510 552 sic

511 584 722 640 inutilis
745 588 890 639 esset
911 582 990 639 eis
1017 588 1263 658 potestas
1295 597 1328 638 a
1357 582 1503 655 Papa
1540 586 1764 653 accepta
1802 580 1943 637 sicut
1988 589 2042 636 et
2082 580 2173 636 ille
2213 582 2313 655 qui
2346 582 2508 640 habet

511 672 790 729 licentiam
828 672 898 729 ab
923 672 1276 745 Imperat-ore,
1305 670 1451 744 quod
1490 675 1880 727 testamentum
1908 670 2129 739 condat,
2152 686 2259 727 non
2292 680 2507 745 oportet

511 762 656 835 quod
684 761 754 820 ab
773 759 880 819 alio
913 751 1144 817 ulterius
1173 757 1449 815 licentiam
1486 765 1657 832 petat,
1681 758 1775 815 sed
1814 758 1961 832 quod
1998 758 2253 816 observet
2290 777 2357 817 ea
2386 779 2507 837 quae

509 852 784 922 pertinent
831 850 900 907 ad
935 848 1178 907 debitum
1225 848 1445 905 modurn
1492 846 1748 903 testandi.
1778 846 2040 904 Similiter
2084 854 2139 904 et
2180 850 2507 921 praedicator

507 940 596 996 cui
623 940 786 995 datur
808 938 1030 995 licentia
1055 954 1088 995 a
1112 939 1256 1011 Papa
1283 936 1636 1011 praedicandi,
1662 934 1757 991 sed
1786 936 1973 992 debit-o
1998 936 2156 997 modo
2182 940 2500 1010 praedicare,

506 1032 570 1083 ut
593 1026 802 1084 scilicet
832 1027 939 1083 alia
968 1028 1227 1099 praedicet
1255 1026 1582 1100 pauperibus
1608 1031 1661 1081 et
1689 1024 1795 1082 alia
1828 1025 2109 1093 divitibus,
2137 1028 2283 1100 quod
2316 1030 2505 1087 obser-

505 1123 635 1173 vent
666 1114 977 1188 hujusmodi
1002 1132 1127 1190 quae
1155 1116 1453 1187 Gregorius
1482 1114 1537 1171 in
1561 1113 1835 1170 Pastor-ali
1858 1114 2039 1170 docet.

577 1204 659 1261 Ad
685 1204 838 1271 illud,
863 1204 1008 1277 quod
1034 1211 1221 1277 postea
1245 1204 1518 1276 objicitur,
1549 1204 1693 1278 quod
1724 1204 2021 1261 monachus
2048 1220 2171 1261 cum
2198 1208 2501 1279 ordinatur,

504 1308 612 1351 non
642 1294 843 1366 accipit
873 1293 1248 1353 executionem
1277 1292 1460 1360 officii,
1483 1293 1582 1347 nisi
1614 1308 1737 1349 cum
1764 1308 1895 1349 cura
1917 1293 2089 1365 plebis
2117 1295 2216 1351 sibi
2246 1301 2503 1357 commit-

506 1384 659 1451 titur,
684 1382 974 1439 dicendum
1015 1380 1160 1455 quod
1189 1386 1433 1453 potestas
1460 1380 1667 1437 ordinis
1692 1381 2049 1438 sacerdotalis
2091 1384 2159 1440 ad
2200 1384 2311 1441 duo
2354 1390 2504 1448 ordi-

505 1478 685 1529 natur.
717 1472 786 1527 Et
813 1471 987 1547 primo
1027 1475 1084 1526 et
1110 1468 1485 1544 principaliter
1514 1468 1581 1525 ad
1618 1484 1815 1543 corpus
1844 1470 2044 1528 Christi
2075 1488 2262 1529 verum
2310 1492 2501 1535 conse-

504 1562 788 1625 crandum,
815 1565 872 1617 et
905 1559 1062 1632 hujus
1090 1559 1383 1631 potestatis
1412 1559 1787 1615 executionem
1815 1560 2004 1616 statim
2033 1575 2155 1617 cum
2192 1562 2497 1637 ordinatur,

503 1650 721 1723 accipit,
737 1649 840 1705 nisi
869 1650 943 1707 sit
962 1647 1209 1705 defectus
1237 1648 1291 1702 in
1325 1647 1664 1704 ordinatione
1688 1646 1771 1703 vel
1797 1647 1851 1705 in
1878 1648 2149 1705 ordinato.
2168 1652 2501 1712 Secundario

503 1739 788 1794 ordinatur
813 1737 882 1793 ad
922 1738 1129 1810 Corpus
1154 1737 1354 1795 Christi
1398 1738 1689 1809 mysticum
1720 1752 1815 1809 per
1858 1736 2043 1795 claves
2076 1737 2355 1811 Ecclesiae,
2380 1762 2501 1819 quae

503 1826 607 1882 sibi
631 1826 1067 1895 committuntur,
1100 1832 1154 1881 et
1195 1826 1356 1897 hujus
1402 1824 1690 1898 potestatis
1728 1827 2102 1883 executionem
2134 1844 2239 1885 non
2284 1834 2495 1906 recipit,

501 1915 607 1971 nisi
645 1930 777 1973 cura
815 1914 863 1971 ei
901 1915 1296 1982 committatur,
1328 1912 1417 1971 vel
1454 1912 1558 1969 nisi
1598 1913 1924 1971 auctoritate
1978 1916 2201 1973 alterius
2250 1919 2501 1978 habentis

499 2020 687 2062 curam
717 2004 819 2060 hoc
842 2011 989 2075 agat.
1007 2004 1122 2060 Nec
1147 2012 1328 2060 tamen
1353 2009 1597 2075 potestas
1620 2004 1977 2061 sacerdotalis
2005 2004 2207 2063 frustra
2234 2008 2399 2066 datur
2428 2012 2495 2077 ei,

504 2094 634 2167 quia
661 2092 828 2149 habet
855 2093 1230 2149 executionem
1259 2092 1312 2147 in
1341 2090 1445 2147 hoc
1474 2090 1542 2147 ad
1572 2091 1717 2163 quod
1746 2092 2037 2149 sacerdotii
2070 2102 2312 2166 potestas
2346 2099 2500 2172 prin-

499 2181 748 2255 cipaliter
775 2180 1076 2248 ordinatur,
1109 2181 1206 2237 sed
1243 2179 1483 2236 officium
1508 2180 1914 2251 praedicationis
1958 2197 2065 2238 non
2104 2185 2393 2243 ordinatur
2432 2190 2497 2245 ad

481 2270 668 2338 'aliud,
697 2285 862 2344 quam
899 2268 968 2325 ad
1011 2268 1444 2342 praedicandum.
1491 2268 1663 2335 Unde,
1696 2284 1819 2325 cum
1858 2269 2199 2343 privilegium
2238 2276 2499 2351 principis

502 2375 612 2415 non
641 2359 850 2433 >debeat
898 2357 1061 2415 alicui
1103 2372 1223 2413 esse
1266 2356 1479 2424 inutile,
1510 2362 1573 2413 ut
1607 2358 1733 2429 jura
1776 2358 1985 2426 dicunt,
2014 2368 2229 2432 oportet
2284 2380 2353 2420 ex
2400 2366 2499 2422 hoc
2572 2388 2577 2393 ·

497 2450 636 2521 ipso,
666 2448 813 2522 quod
837 2446 983 2520 Papa
1011 2446 1306 2503 committit
1353 2446 1514 2503 alicui
1561 2445 1798 2502 officium
1840 2448 2191 2519 praedicandi,
2220 2454 2368 2525 quod
2411 2454 2499 2509 ille

499 2538 698 2595 habeat
726 2536 1103 2594 executionem
1131 2533 1313 2601 officii,
1333 2535 1664 2608 quicumque
1684 2537 1792 2591 sit:
1820 2543 1876 2592 et
1902 2541 2083 2592 tamen
2106 2540 2323 2611 quando
2354 2542 2498 2615 Papa

499 2626 595 2683 dat
619 2626 962 2698 privilegium
980 2624 1149 2681 alicui
1177 2623 1451 2694 religioso,
1483 2623 1630 2696 quod
1646 2624 1825 2697 possit
1852 2624 2170 2697 praedicare,
2188 2624 2303 2684 ‘non
2331 2646 2501 2705 prop-

499 2720 584 2769 ter
610 2714 714 2769 hoc
736 2714 1029 2770 committit
1057 2713 1106 2769 ei
1131 2710 1389 2778 officium,
1418 2712 1513 2767 sed
1543 2714 1717 2783 magis
1748 2712 1910 2769 officii
1940 2717 2331 2784 executionem,
2368 2721 2499 2792 quia
2571 2752 2575 2754 >

497 2802 736 2873 religiosi
783 2802 920 2859 tales
961 2817 1068 2859 non
1109 2800 1430 2873 praedicant,
1460 2803 1614 2874 quasi
1667 2808 1883 2858 utentes
1929 2818 2027 2859 sua
2076 2812 2365 2877 potestate,
2402 2808 2496 2865 sed

498 2883 676 2949 aliena
705 2889 806 2946 sibi
831 2884 1140 2961 commissa,
1165 2890 1307 2947 sicut
1335 2889 1543 2945 dictum
1574 2896 1675 2945 est.
1706 2889 1787 2945 Ad
1819 2890 1966 2947 aliud
1987 2892 2295 2964 dicendum,
2326 2899 2493 2969 quod,

499 2980 640 3038 sicut
665 2981 1040 3054 supradictum
1073 2985 1158 3035 est
1180 2980 1284 3035 inl
1323 2984 1519 3051 quaest.
1554 2978 1631 3035 De>
1668 2978 2275 3056 Doctrina„Dionysius
2315 2986 2389 3041 ibi
2418 2986 2499 3043 lo-

497 3070 684 3145 quitur
714 3070 782 3126 de
814 3067 1094 3125 monachis
1123 3067 1295 3135 laiciS,
1327 3069 1423 3140 qui
1462 3084 1567 3124 non
1596 3076 1725 3124 sunt
1752 3068 2020 3140 Episcopi,
2052 3072 2381 3145 presbyteri,
2410 3074 2496 3131 vel

495 3161 728 3228 diaconi,
762 3160 808 3215 si
847 3168 1027 3215 tamen
1073 3158 1142 3213 de
1171 3157 1423 3213 omnibus
1461 3156 1877 3228 intelligeretur,
1908 3172 2011 3213 non
2054 3160 2291 3217 destruit
2316 3164 2499 3220 eccle-

494 3250 772 3307 siasticam
801 3246 1161 3303 hierarchiam
1193 3247 1357 3318 Papa,
1389 3245 1615 3303 mittens
1644 3246 1935 3303 monachos
1965 3248 2031 3303 ad
2062 3250 2493 3321 praedicandum.

494 3339 624 3412 quia
649 3340 792 3395 sicut
819 3351 982 3407 supra
1007 3334 1214 3390 dictum
1235 3339 1337 3401 est,
1363 3334 1417 3389 in
1442 3334 1814 3392 ecclesiastica
1844 3335 2161 3393 Hierarchia
2190 3355 2202 3392 ε
2226 3359 2249 3391 α
2276 3341 2371 3396 Ille
2401 3342 2496 3415 qui

495 3436 577 3485 est
605 3424 877 3483 inferioris
899 3418 1124 3491 ordinis,
1149 3428 1329 3495 potest
1357 3424 1653 3494 superioris
1686 3423 1921 3479 officium
1948 3440 2220 3493 exercere,
2254 3429 2419 3485 ctiam
2442 3432 2497 3486 in

399 3585 402 3589 .
495 3531 593 3573 suo
621 3516 810 3573 ordine
854 3528 1098 3580 manens,
1125 3512 1268 3569 sicut
1297 3511 1464 3567 etiam
1503 3518 1557 3567 et
1595 3511 1649 3566 in
1680 3512 1907 3579 coelesti,
1941 3519 1997 3568 et
2042 3506 2269 3571 ulterius
2318 3524 2499 3588 potest

495 3605 563 3659 ad
610 3606 946 3678 superiorem
987 3602 1232 3659 ordinem
1274 3602 1601 3674 promoveri,
1636 3601 1777 3673 quod
1824 3616 1930 3657 non
1974 3610 2058 3659 est
2100 3604 2152 3658 in
2202 3604 2437 3663 coelesti.
2468 3625 2495 3659 ι

493 3692 648 3749 Unde
672 3698 730 3749 et
752 3692 1098 3749 Innocentius
1127 3691 1218 3757 111,
1244 3696 1370 3747 ante
1395 3690 1686 3747 concilium
1716 3690 1967 3761 generale
1992 3692 2257 3765 quosdam
2288 3694 2520 3752 Cister--

491 3780 698 3835 ciencis
725 3782 932 3837 ordinis
961 3781 1108 3835 misit
1138 3780 1205 3835 ad
1231 3778 1641 3851 praedicandum
1670 3779 1724 3834 in
1748 3778 1994 3851 partibus
2023 3780 2363 3839 Tholosanis.
2391 3806 2399 3813 ⁵

564 3866 650 3925 Ad
675 3865 821 3922 aliud
849 3868 993 3939 quod
1024 3867 1210 3925 ultimo
1241 3868 1517 3937 objicitur,
1546 3868 1691 3939 quod
1723 3867 1960 3938 religiosi
2004 3884 2109 3925 non
2139 3878 2368 3942 possunt
2394 3884 2507 3948 pe-'

2098 4200 2158 4226 ’ὴ

2157 4232 2294 4381 Ἢ
