2784 4392
425 243 546 307 288
903 259 958 307 s.
999 256 1236 305 ’moun
1275 256 1605 310 Aoumn'rxs
1624 250 1955 307 ‘croscum

430 378 598 449 sistit,
628 380 760 437 dum
805 376 894 435 vel
917 385 1045 435 sunt
1067 376 1284 436 desides
1307 378 1377 435 ad
1400 394 1467 435 ea
1498 376 1805 452 peragenda
1833 390 1960 453 quas
1988 377 2221 455 requirit
2248 390 2455 455 respu—

428 468 590 537 blica,
621 469 704 526 vel
727 470 946 542 insuper
969 470 1097 525 sunt
1116 466 1236 541 paci
1265 466 1632 524 multitudinis
1648 466 1815 533 noxii,
1840 464 1973 524 dum
1992 466 2453 542 transgrediendo

423 558 716 633 justitiam,
751 556 981 614 aliorum
1010 570 1200 631 pacem
1223 558 1565 629 perturbant.
1595 556 1840 613 Tertium
1866 562 2051 614 autem
2081 556 2451 631 impedimen-

431 656 547 705 tum
575 647 891 722 reipublicae
923 645 1310 703 conservaudae
1352 645 1424 702 ab
1452 646 1709 703 exteriori
1734 650 2020 712 causatur,
2062 644 2193 703 dum
2222 660 2321 721 per
2354 648 2450 704 in·-

426 750 648 793 cnrsum
679 736 916 792 hostium
945 747 1053 808 pax
1081 733 1400 791 dissolvitur
1429 741 1485 791 et
1526 734 1798 790 interdum
1834 746 2081 807 regnum,
2120 738 2215 792 aut
2244 736 2448 795 civitas

428 826 674 883 funditus
695 826 1014 897 dissipatur.
1037 820 1208 895 igitur
1229 823 1378 879 circa
1402 822 1505 879 tria
1530 820 1793 897 praedicta
1820 823 2018 896 triplex
2036 838 2171 882 cura
2195 823 2446 883 imminet

327 972 334 981 ,
429 914 566 987 regi.
617 914 796 971 Primo
841 912 1063 986 quidem
1093 911 1163 968 de
1203 908 1549 969 successione
1598 913 1898 982 hominum,
1944 918 2000 969 et
2051 914 2445 973 substitutione

429 1004 646 1059 illorum
666 1002 759 1075 qui
786 1002 1018 1058 diversis
1040 1000 1234 1058 officiis
1257 1008 1522 1074 praesunt,
1546 1006 1609 1057 ut
1637 1002 1777 1058 siout
1802 1014 1899 1075 per
1924 1000 2173 1061 divinum
2199 1004 2441 1076 regimen

429 1092 484 1147 in
513 1090 678 1147 rebus
699 1089 1161 1163 corruptibilibu0‚
1193 1084 1339 1164 quia.
1358 1104 1573 1163 semper
1600 1091 1792 1147 eadem
1819 1086 2018 1148 durare
2058 1104 2164 1149 non
2195 1104 2441 1167 possunt,

430 1181 709 1251 provisum
749 1184 924 1236 estut
969 1194 1064 1251 per
1087 1178 1507 1251 ,generationem
1536 1178 1644 1236 alia
1683 1181 1737 1235 in
1782 1179 1958 1237 locum
1988 1178 2219 1237 aliorum
2248 1196 2443 1240 succe-

429 1270 584 1338 dant,
616 1275 676 1323 ut
703 1266 788 1323 vel
818 1267 899 1324 sic
927 1275 1280 1324 conservetur
1309 1266 1598 1339 integritas
1628 1264 1886 1335 universi,
1919 1266 1996 1326 ita
2026 1284 2122 1343 per
2150 1271 2293 1343 regis
2320 1278 2443 1327 stu-

429 1356 582 1413 dium
630 1362 986 1413 conservetur
1026 1354 1288 1427 subjectae
1341 1354 1707 1412 multitudinis
1750 1355 1969 1425 bonum,
2021 1358 2153 1414 dum
2210 1358 2442 1417 sollicite

429 1452 588 1504 curat
611 1445 848 1519 qualiter
864 1444 956 1502 alii
978 1444 1030 1501 in
1050 1441 1425 1501 deficientium
1444 1441 1619 1500 locum
1646 1446 1962 1502 succedant.
1984 1446 2233 1504 Secundo
2260 1456 2440 1505 autem

431 1542 492 1593 ut
534 1538 650 1592 suis
690 1536 899 1608 legibus
927 1540 986 1591 et
1023 1534 1330 1608 praeceptis„
1369 1535 1545 1607 poenis
1579 1540 1636 1590 et
1664 1536 1903 1607 praemiis
1931 1536 2177 1593 homines
2206 1538 2306 1594 sibi
2346 1556 2441 1595 su-

367 1660 376 1669 ,
423 1627 602 1697 jectos
624 1622 695 1680 ab
724 1623 1014 1696 iniquitate
1043 1629 1312 1688 coerceat,
1345 1628 1402 1675 et
1428 1621 1493 1677 ad
1517 1634 1681 1693 opera
1706 1624 1947 1679 virtuosa
1978 1623 2220 1691 inducat,
2255 1640 2442 1681 exem-

429 1711 581 1785 plum
607 1728 639 1769 a
677 1714 790 1769 Deo
821 1712 1114 1784 accipiens,
1149 1711 1242 1785 qui
1273 1709 1582 1766 hominibus
1621 1711 1793 1781 legem
1825 1710 1994 1777 dedit,
2028 1710 2442 1770 observantibus

430 1802 654 1873 quidem
701 1798 1024 1866 mercedem,
1083 1798 1607 1871 transgredientibus
1658 1812 1847 1872 poenas
1894 1799 2217 1857 retribuens
2258 1802 2443 1858 Tertio

430 1890 680 1944 imminet
710 1888 823 1960 regi
859 1902 988 1945 cura
1031 1893 1090 1943 ut
1121 1885 1415 1943 multitudo
1454 1887 1557 1943 sibi
1592 1888 1837 1960 subjecta
1876 1894 2067 1945 contra
2110 1888 2292 1947 hostes
2326 1898 2443 1949 tuta

431 1974 714 2033 reddatur.
758 1975 903 2032 Nihil
947 1976 1092 2031 enim
1122 1972 1405 2048 prodesset
1446 1973 1705 2033 interiora
1753 1977 1927 2033 vitare
1976 1976 2234 2049 pericula,
2280 1980 2325 2036 si
2374 1982 2445 2039 ab

433 2066 796 2122 exterioribus
824 2063 1040 2119 defendi
1076 2076 1181 2119 non
1212 2072 1416 2136 posset.
1446 2064 1501 2121 Si
1542 2064 1705 2135 igitur
1737 2064 1893 2123 bonae
1930 2066 2295 2125 multitudinis
2325 2070 2443 2129 ins·

433 2154 676 2213 titutioni
705 2150 952 2209 'tertium
997 2160 1169 2210 restat
1219 2152 1289 2209 ad
1338 2153 1481 2225 regis
1528 2152 1762 2209 officium
1812 2156 2108 2227 pertinens,
2152 2164 2211 2213 ut
2252 2158 2324 2215 sit
2374 2160 2443 2217 de

433 2242 776 2317 promotione
793 2238 1080 2312 sollicitus,
1106 2242 1252 2315 quod
1279 2244 1340 2299 fit
1359 2242 1491 2298 dum
1518 2243 1569 2297 in
1592 2243 1818 2314 singulis
1837 2258 1962 2317 ques
1983 2246 2262 2317 praemissa
2291 2258 2438 2315 sunt,

433 2332 481 2389 si
507 2331 639 2405 quid
677 2330 1046 2389 inordinatum
1077 2338 1162 2388 est
1190 2320 1482 2403 corrigere,
1512 2334 1555 2388 si
1588 2332 1727 2404 quid,
1744 2330 1899 2389 deest
1926 2334 2197 2407 supplere,
2233 2337 2279 2392 si
2311 2338 2439 2409 quid

436 2417 790 2477 melius'lieri
831 2429 1031 2494 potest,
1077 2422 1262 2477 studet
1309 2420 1591 2500 perficere.
1638 2420 1793 2477 Unde
1830 2427 1885 2476 et
1927 2424 2293 2495 Apostolus,l
2336 2428 2442 2484 Co·-

434 2510 600 2567 rinth
630 2510 946 2578 xn,fideles
963 2517 1164 2577 monet,
1191 2509 1819 2581 utsemperaemulentur
1838 2510 2165 2569 charismata
2194 2514 2439 2572 meliora.

503 2600 636 2657 Haec
664 2601 829 2671 igitur
852 2606 980 2655 sunt
1005 2612 1132 2672 quoe
1169 2598 1235 2654 ad
1267 2598 1412 2669 regis
1437 2598 1672 2655 officium
1701 2601 1995 2709 pertinent,
2022 2602 2089 2657 de
2117 2602 2314 2675 quibus
2346 2619 2441 2675 per

434 2687 646 2759 singula
673 2687 992 2759 diligentius
1016 2693 1256 2743 tractare
1284 2690 1521 2759 oportet

1011 2962 1293 3045 LIBER
1366 2964 1866 3050 SECUNDUS

1240 3236 1524 3306 CAPUT
1580 3238 1634 3306 Ι.

442 3361 725 3437 Qualiter·
752 3360 834 3425 ad
863 3376 1068 3442 ,reffem
1091 3360 1359 3440 pertinet
1402 3362 1719 3425 instituere
1758 3363 2084 3441 civitatem,
2116 3366 2211 3431 vel
2238 3371 2441 3429 eastra

513 3451 593 3512 ad
631 3451 895 3532 aleriam
939 3448 1423 3531 consequendam,
1458 3456 1513 3513 et
1554 3452 1719 3532 quod
1753 3452 1965 3533 eliqere
2005 3454 2168 3518 debet
2210 3456 2290 3517 ad
2334 3457 2443 3518 Ιιοσ

515 3540 647 3602 loca
676 3546 1019 3620 temperata,
1047 3544 1104 3605 et
1142 3558 1274 3622 quce
1313 3557 1386 3605 ew
1410 3538 1518 3603 hoe
1550 3542 1851 3605 commoda
1874 3558 2055 3624 roano
2084 3562 2441 3625 consequen-

515 3632 642 3703 tur,
673 3635 730 3693 et
751 3646 882 3710 quce
905 3628 1274 3693 incommoda
1297 3628 1368 3693 de
1390 3631 1720 3694 contrario.

507 3751 746 3807 Primum
772 3751 938 3822 igitur
964 3753 1235 3825 praecipue
1265 3760 1482 3827 oportet
1510 3770 1779 3826 exponere
1800 3756 1945 3827 regis
1963 3756 2202 3813 officium
2228 3756 2296 3814 ab
2326 3756 2443 3813 ins-

435 3838 693 3901 titutione
721 3839 984 3911 civitatis,
1017 3846 1114 3905 aut
1137 3842 1312 3927 regni.
1345 3844 1488 3911 Nem
1514 3844 1658 3903 sicut
1697 3844 1956 3917 vegetius
1978 3844 2135 3916 dicit,
2168 3847 2445 3924 potentis-
