2784 4392
821 326 930 375 xV.
958 341 1044 400 ῥ-
1067 326 1149 373 ms
1187 327 1492 376 anamma
1536 327 1877 375 ramcn’uu
2222 286 2349 379 ³411

343 443 414 509 de
443 458 792 519 quocumque
827 459 1046 519 genere,
1086 460 1189 505 nec
1225 461 1294 505 ex
1330 444 1785 517 indifferentibus,
1811 446 1909 505 sed
1954 461 2021 503 ex
2054 444 2351 519 eligibilio-

343 533 498 591 ribus
524 534 824 594 secundum
859 534 1142 605 virtutem,
1181 536 1340 609 cujus
1365 536 1446 593 rei
1464 572 1469 579 -
1487 550 1711 595 causam
1754 536 2001 611 assignat
2025 535 2351 595 Aristoteles

345 622 476 697 quia
512 623 582 680 de
625 623 720 681 vili
764 624 884 681 loco
934 624 1204 698 assumpti
1250 626 1318 683 ad
1365 626 1752 701 principatum,
1798 632 1859 683 ut
1903 625 2105 698 pluries
2144 624 2353 682 laedunt

351 710 598 787 politiam
623 720 682 771 et
705 712 964 773 laeserunt
988 712 1280 788 aliquando
1303 713 1743 785 chalcedoniam,
1770 716 1929 789 juxta
1958 714 2091 773 illud
2118 716 2301 773 Poetae
2332 729 2347 771 ε

754 818 973 917 ‚supinus
989 851 1102 901 num
1119 857 1188 901 0⁸2
1205 852 1361 901 numm
1381 822 1481 901 e'um
1497 854 1640 912 surgit
1654 854 1700 901 in
1718 829 1874 903 situm.

344 978 500 1038 Unde
527 983 586 1037 et
613 978 668 1035 in
709 977 917 1037 Eccles.
951 994 1014 1047 x,
1044 981 1098 1047 5,
1140 980 1419 1051 scribitur,
1450 980 1609 1053 quasi
1645 978 1751 1037 hoc
1777 980 1851 1037 sit
1874 978 1930 1037 in
1960 993 2219 1051 magnum
2248 978 2351 1037 de-

342 1069 664 1125 trimentum
703 1067 984 1140 regiminis
1013 1086 1028 1125 t
1073 1069 1196 1136 Est,
1233 1069 1434 1137 inquit,
1464 1070 1666 1127 malum
1695 1068 1831 1142 quod
1864 1068 1979 1125 vidi
2004 1067 2098 1125 sub
2138 1067 2265 1133 sole,
2294 1072 2345 1123 et

307 1201 312 1207 .
343 1156 498 1231 quasi
519 1172 622 1229 per
651 1172 892 1215 errorem
927 1157 1198 1230 egrediens
1224 1174 1260 1215 a
1298 1158 1437 1230 facie
1456 1158 1729 1231 principis
1758 1158 1997 1231 positum
2022 1157 2248 1213 stultum
2285 1157 2347 1212 in

342 1244 606 1318 diqnitate
641 1244 876 1311 sublimi,
905 1251 954 1302 et
983 1244 1173 1303 divites
1198 1245 1378 1303 sedere
1405 1246 1673 1303 deorsum.
1711 1244 1837 1305 Vidi
1878 1262 2054 1303 servos
2090 1244 2150 1301 in
2176 1243 2346 1317 equis,

341 1341 393 1391 et
417 1332 689 1407 principes
706 1334 976 1391 ambulare
998 1332 1152 1408 quasi
1175 1350 1353 1392 servos
1372 1340 1784 1407 superterram.
1816 1336 1974 1403 ltem,
2003 1350 2111 1391 non
2134 1349 2351 1409 semper

344 1422 616 1494 eligebant
637 1423 704 1479 de
727 1423 919 1480 eodem
949 1438 1166 1495 genere,
1192 1422 1321 1495 quia
1345 1430 1541 1479 natura
1567 1424 1753 1479 deficit
1782 1424 1985 1495 saepius
2012 1423 2067 1479 in
2091 1438 2351 1480 successu

345 1527 460 1568 suae
483 1510 651 1585 prolis
673 1528 687 1579 ;
709 1510 805 1567 sed
829 1510 1178 1567 assumebant
1193 1510 1545 1568 Chalcedonii
1566 1508 1897 1584 ubicumque
1912 1510 2215 1583 reperirent
2230 1527 2353 1568 me·

347 1599 556 1666 liorem,
585 1600 700 1654 sive
742 1598 1060 1671 principem,
1091 1598 1208 1654 sive
1251 1598 1511 1669 genisioS,
1542 1598 1595 1653 id
1636 1604 1721 1655 est
1764 1598 2057 1655 honoratos
2086 1614 2269 1669 senes,
2298 1606 2354 1655 et

346 1688 402 1745 iu
431 1688 536 1745 hoc
572 1686 930 1744 imitabantur
952 1685 1200 1759 politiam
1240 1686 1701 1754 aristocraticam,
1733 1702 1859 1761 quae
1894 1695 1985 1744 ost
2007 1684 2355 1761 principatus

346 1793 414 1834 ex
435 1774 786 1849 paucioribus
813 1783 868 1833 et
887 1774 1168 1843 victuosis,
1189 1775 1337 1849 quod
1355 1776 1579 1850 quidem
1600 1791 1792 1833 verum
1817 1775 2109 1849 eratapud
2135 1774 2359 1832 Chalce-

346 1864 560 1929 donius,
593 1864 724 1937 quia
752 1873 848 1919 rex
873 1878 998 1919 cum
1037 1862 1316 1937 aliquibus
1349 1862 1662 1920 bominibus
1700 1862 1983 1922 honoratis
2012 1870 2067 1919 et
2090 1862 2374 1921 virtuosis·

351 1951 627 2010 tractabat
645 1952 776 2027 quae
803 1950 1030 2022 agendae
1058 1957 1216 2009 erant.
1238 1951 1294 2007 iu
1319 1950 1547 2009 civitate
1576 1966 1683 2008 non
1711 1951 1979 2025 requisito
2006 1950 2189 2027 populi
2215 1966 2353 2007 con·

350 2057 535 2109 sensu,
578 2049 642 2098 ut
683 2040 752 2095 de
794 2040 1056 2097 Romanis
1101 2039 1514 2097 scribitur.in1
1560 2039 1832 2110 Macbab„
1877 2040 2025 2115 quod
2058 2038 2377 2115 consilium·

349 2130 586 2203 agebant
633 2135 938 2186 trecentum
983 2128 1180 2202 viginti
1219 2127 1288 2185 de
1327 2128 1701 2197 multitudine,
1746 2138 1808 2189 ut
1844 2144 1979 2203 quae
2007 2129 2171 2203 digna
2224 2133 2355 2185 sunt

349 2226 562 2291 gerant.

419 2306 684 2379 Quamvis
709 2311 892 2363 autem
929 2304 1077 2362 istud
1120 2321 1215 2363 rex
1243 2314 1430 2380 posset
1462 2320 1587 2363 cum
1617 2306 1897 2380 praedictis
1928 2306 2229 2374 honoratis,
2262 2306 2354 2363 in-

348 2397 567 2454 terdum
591 2402 780 2453 tamen
812 2393 1125 2469 requirebat
1151 2393 1409 2468 populum
1438 2394 1506 2451 de
1529 2394 1859 2469 quibusdam
1896 2395 2123 2468 agendis
2144 2400 2201 2451 et
2227 2394 2355 2453 lici-

352 2496 468 2543 tum
494 2491 614 2544 erat
643 2483 842 2559 populo
878 2484 1214 2551 consentire,
1262 2482 1347 2539 vel
1377 2498 1503 2549 nou,
1537 2483 1614 2542 ita
1653 2490 1718 2541 ut
1750 2484 1931 2541 locum
1954 2498 2063 2540 non
2102 2483 2353 2551 baberet,

348 2576 451 2631 nisi
493 2575 690 2631 suisset
725 2577 1033 2645 acceptum,
1066 2578 1361 2646 postquam
1402 2572 1595 2630 fuisset
1649 2571 1989 2646 propositum
2019 2571 2251 2645 populo,
2300 2579 2360 2630 et

351 2672 482 2722 tuuc
521 2662 886 2721 reducebatur
921 2667 1104 2719 status
1137 2660 1346 2733 politiae
1383 2660 1457 2719 ad
1491 2660 1859 2737 principatum
1896 2659 2350 2728 democraticum,

349 2750 482 2824 quia
505 2750 623 2807 haec
651 2750 854 2807 fiebant
883 2748 936 2805 iu
969 2749 1215 2806 favorem
1246 2749 1679 2824 gentispleboae.
1709 2749 2016 2823 Aliquando
2044 2763 2176 2807 vero
2199 2763 2355 2805 com·

351 2837 672 2893 mittebatur
697 2836 903 2909 aliquid
935 2838 1141 2909 pauciS,
1177 2847 1232 2896 et
1257 2846 1388 2896 tunc
1415 2838 1755 2913 principatus
1786 2836 2355 2913 eligarchicusyoca-

348 2926 531 2983 batur.
560 2924 913 2997 Eligebantur
944 2925 1088 2981 enim
1129 2926 1370 3001 quinque
1417 2943 1482 2984 ex
1530 2927 1813 2994 divitibus,
1846 2942 1984 3001 quos
2029 2926 2359 2985 Aristoteles

343 3012 842 3089 pentacontarchos
881 3012 1139 3085 appellat,
1169 3013 1252 3071 ‘ad
1281 3028 1422 3087 quos
1461 3014 1770 3087 pertinebat
1796 3015 1919 3071 illos
1958 3024 2178 3072 centum
2206 3032 2353 3089 qua-

349 3114 476 3162 tuor
499 3117 782 3159 assumere
825 3101 1118 3157 honoratos
1145 3100 1262 3157 sive
1307 3102 1567 3173 genisius,
1596 3110 1652 3158 et
1690 3102 1795 3157 fuit
1838 3104 2117 3175 proprium
2142 3104 2349 3175 politiae

236 3260 240 3265 ¹
347 3191 856 3257 Chalcedoniorum,
875 3204 1038 3263 quem
1066 3188 1288 3246 modum
1311 3187 1474 3246 hodie
1500 3186 1792 3247 observant
1813 3190 2066 3247 civitates
2092 3191 2267 3250 Italiae
2297 3198 2359 3250 et

349 3282 624 3357 praecipue
651 3278 884 3337 Tusciae.
907 3278 1011 3334 Hic
1037 3276 1205 3334 etiam
1239 3278 1378 3334 ritus
1406 3283 1660 3335 servatus
1686 3278 1791 3334 fuit
1815 3280 1869 3334 in
1899 3278 2033 3335 urbe
2062 3284 2179 3336 toto
2205 3287 2367 3339 tem-

349 3383 482 3441 pore
525 3382 637 3439 quo
677 3364 994 3422 consulatus
1032 3363 1272 3421 duravit.
1313 3364 1496 3421 Primo
1533 3364 1677 3421 enim
1719 3364 1894 3421 creati
1933 3371 2062 3421 sunt
2101 3366 2359 3424 consules

349 3462 508 3513 erant
536 3456 665 3523 duo,
696 3461 887 3528 postea
923 3453 1162 3511 dictator
1191 3462 1245 3508 et
1272 3454 1538 3526 magister
1562 3454 1830 3528 equitum,
1857 3460 1919 3511 ut
1954 3454 2203 3512 historiae
2233 3461 2361 3513 tra-

347 3545 504 3611 dunt,
530 3542 599 3599 ad
629 3557 766 3616 quos
799 3540 1107 3616 pertinebat
1145 3549 1320 3597 totum
1350 3540 1512 3598 civile
1555 3540 1817 3614 regimen,
1849 3542 2012 3598 etsie
2033 3541 2349 3615 principatu

347 3632 726 3691 aristocratico
750 3630 1060 3703 regebatur.
1091 3630 1332 3687 Ulterius
1362 3632 1567 3686 inventi
1596 3630 1740 3687 'sunt
1777 3628 1979 3688 tribuni
2022 3630 2077 3687 in
2107 3629 2351 3689 favorem

347 3721 522 3795 plebis
562 3728 618 3777 et
655 3718 859 3795 populi,
901 3720 1018 3775 sine
1057 3718 1257 3795 quibus
1298 3718 1551 3779 consules
1592 3725 1650 3776 et
1675 3718 1769 3777 alii
1812 3718 2062 3794 praedicti
2107 3719 2353 3794 regimen

347 3826 602 3869 exercere
629 3826 735 3867 non
757 3816 1028 3885 poterant,
1047 3816 1104 3865 et
1127 3810 1208 3871 sic
1233 3809 1523 3882 adjunctus
1540 3816 1623 3866 est
1648 3808 2048 3869 democraticus
2067 3807 2353 3885 priucipa-

347 3906 457 3960 ωε.
485 3902 746 3961 Processu
773 3916 903 3962 vero
931 3899 1190 3977 temporis
1227 3904 1509 3959 senatores
1545 3907 1873 3977 acceperunt
1900 3898 2122 3975 regendi
2156 3902 2349 3975 potes-
