2784 4392
919 291 1026 338 ιν.
1057 305 1139 320 -
1166 290 1242 335 ms
1285 273 1587 336 nummus
1632 270 1971 338 PmNcn’uM
2330 278 2449 342 309

439 413 731 481 postquam
759 407 904 482 cepit
939 406 1298 476 Hierusalem,
1327 410 1541 483 accepit
1586 418 1825 466 montem
1853 410 1983 467 Sion
2006 427 2105 483 pro
2128 427 2231 468 suo
2260 413 2447 468 muni-

439 514 606 564 mme,
641 497 826 571 ibique
855 513 1037 554 arcem
1078 497 1392 567 aedificavit,
1431 499 1523 554 ubi
1550 499 1829 556 domatum
1874 499 2071 558 fistulae
2106 499 2449 557 ducebantur

441 602 614 662 usque
653 587 720 642 ad
762 585 938 652 Mello,
990 587 1276 658 ipsamque
1305 602 1487 643 arcem
1534 603 1690 643 suam
1732 589 1952 644 vocavit
1990 588 2292 644 civitatem.
2332 591 2447 645 Hoc

441 683 624 730 autem
675 674 874 747 ubique
911 690 1068 745 reges
1111 675 1423 730 observant.
1470 675 1618 748 quod
1663 677 1717 731 in
1765 675 1995 747 singulis
2031 677 2349 733 civitatibus
2390 684 2447 732 et
2512 699 2523 708 ‘

440 764 637 819 castris
678 763 914 835 speciale
955 763 1159 819 habent
1202 763 1537 835 praesidium,
1566 765 1683 820 sive
1725 780 1927 831 arcem,
1976 763 2065 819 ubi
2110 764 2261 834 degit
2304 765 2449 836 regis

441 851 646 908 familia
677 857 732 906 et
763 851 1021 914 officiales
1042 852 1286 924 ejusdem
1306 870 1319 920 ;
1342 855 1499 924 cujus
1518 852 1747 925 quidem·
1768 853 1847 908 rei
1878 853 2063 910 multae
2086 861 2213 909 sunt
2238 869 2442 910 causae.

511 941 628 997 Una
663 941 900 996 sumitur
935 957 1003 996 ex
1031 949 1185 1012 parte
1216 941 1542 1016 principum,
1576 942 1705 1012 quia
1739 941 1958 1013 expedit
1984 943 2063 998 eis
2092 958 2212 998 esse
2239 943 2294 998 in
2323 942 2445 999 loco

441 1035 579 1097 tuto,
609 1036 667 1085 ut
695 1029 752 1085 in
778 1029 1031 1100 regendo,
1065 1029 1386 1100 corrigendo
1414 1036 1469 1085 et
1510 1029 1862 1101 gubernando
1890 1031 2005 1087 sint
2030 1032 2203 1104 magis
2240 1033 2440 1098 securi,

440 1119 577 1174 etin
619 1117 940 1191 exequendo
969 1118 1244 1191 justitiam
1283 1117 1590 1174 efficiantur
1624 1118 1882 1175 audaces·
1915 1120 2069 1176 Unde
2112 1129 2166 1176 et
2208 1121 2442 1178 Romani

439 1206 688 1263 consules
715 1213 772 1263 et
799 1213 1080 1263 senatores
1106 1207 1364 1264 tutiorem
1394 1207 1674 1279 elegerunt
1703 1207 1899 1273 locum,
1934 1207 2193 1265 videlicet
2220 1211 2441 1282 Capito·

440 1297 590 1366 lium,
621 1297 688 1352 de
725 1311 833 1370 quo
883 1302 1106 1352 narrant
1142 1295 1404 1360 historiae,
1436 1297 1581 1367 quod
1625 1301 1741 1353 tota
1787 1303 2054 1369 occupata
2092 1297 2163 1352 ab
2196 1297 2443 1354 hostibus

437 1385 569 1440 urbe
594 1386 784 1452 Roma,
814 1375 1019 1457 in'ipso
1054 1391 1474 1458 permanserunt
1517 1385 1695 1442 illaesi.
1728 1386 1975 1457 Amplius
2000 1392 2185 1441 autem
2214 1393 2267 1441 et
2300 1387 2441 1456 regis

440 1489 660 1545 suaeque
689 1473 910 1530 familiae
935 1475 1108 1544 major
1133 1473 1388 1529 honestas
1405 1472 1511 1527 hoc
1534 1473 1721 1544 exigit,
1745 1489 1812 1529 ne
1839 1474 1923 1529 vel
1948 1489 2137 1530 earum
2168 1491 2441 1532 commer-

441 1564 525 1618 cio
546 1577 670 1617 cum
689 1561 922 1618 subditis
951 1561 1242 1616 vilificetur
1271 1561 1324 1616 in
1357 1569 1652 1633 conspectu
1681 1560 1862 1632 populi
1891 1562 2131 1634 ipsorum
2158 1565 2439 1636 maJestaS,

439 1650 522 1706 vel
555 1666 620 1704 ex
667 1649 887 1704 incauto
923 1653 1168 1720 aspectu,
1206 1647 1297 1702 ubi
1340 1647 1579 1702 maxima
1628 1648 1925 1720 requiritur
1966 1649 2253 1720 pudicitia,
2299 1652 2441 1706 sicut

441 1754 598 1794 senes
645 1736 828 1809 populi
876 1736 1094 1808 Trojani
1125 1751 1184 1790 se
1231 1734 1503 1790 habebant
1551 1735 1617 1790 ad
1662 1734 1943 1803 Helenam,
1972 1743 2035 1791 ut
2085 1737 2441 1813 Philosophus

441 1827 572 1883 dicit
598 1827 650 1881 in
687 1825 866 1882 Ethic.
911 1824 1140 1898 populus
1164 1825 1326 1894 'regis
1354 1823 1783 1894 indignationem
1826 1825 2089 1892 incurrat,
2124 1827 2209 1884 vel
2243 1827 2357 1901 ipse
2386 1835 2443 1886 et

439 1915 518 1968 sui
547 1930 604 1969 se
643 1913 710 1968 de
744 1911 1065 1968 honestandi
1107 1911 1164 1966 in
1200 1910 1435 1966 subditis
1464 1911 1806 1966 occasionem
1836 1906 2153 1981 assumant3
2196 1913 2251 1970 in
2276 1932 2441 1988 quem

439 2019 623 2059 casum
663 2001 847 2073 lapsus
884 2006 967 2056 est
1007 2017 1106 2056 rex
1143 1999 1321 2055 David
1364 1999 1513 2054 circa
1552 2014 1776 2067 uxorem
1806 2000 1953 2060 Uriae
1990 2001 2237 2059 scutiferi
2281 2005 2439 2075 soah,

439 2107 602 2166 quam
646 2092 926 2146 lavantem
971 2088 1110 2145 vidit
1152 2087 1221 2143 de
1263 2085 1465 2144 solario
1509 2087 1705 2144 domus
1741 2088 1933 2161 regiae,
1977 2096 2040 2146 ut
2078 2091 2339 2148 scribitur
2386 2096 2441 2150 in

439 2183 484 2236 ll
515 2181 650 2235 libro
675 2179 907 2249 Regum.

509 2267 758 2326 Secunda
781 2267 923 2322 ratio
947 2265 1182 2320 sumitur
1205 2281 1272 2321 ex
1319 2271 1473 2337 parte
1504 2265 1707 2338 populi,
1736 2265 1830 2338 qui
1880 2268 2055 2340 magis
2090 2269 2439 2326 sensibilibus

442 2362 706 2426 movetur,
761 2370 926 2428 quam
974 2353 1188 2408 ratione
1223 2353 1475 2410 ducatur.
1522 2353 1657 2411 Cum
1698 2354 1843 2410 enim
1888 2356 2075 2411 vident
2121 2359 2441 2430 magnificos

439 2455 688 2518 sumptus
718 2459 908 2515 regum
946 2443 1002 2498 in
1049 2441 1463 2508 munitionibuS,
1510 2441 1724 2498 facilius
1767 2459 1833 2497 ex
1876 2443 2237 2501 admiratione
2280 2447 2439 2502 incli-

439 2544 636 2592 nantur
663 2533 732 2590 ad
761 2531 1127 2588 obedientiam
1157 2538 1211 2586 et
1241 2530 1309 2586 ad
1351 2529 1466 2586 suis
1510 2529 1809 2603 parendum
1844 2523 2137 2602 mandatiS,
2166 2539 2227 2589 ut
2258 2533 2436 2590 Philo·

437 2625 639 2697 sophus
666 2623 802 2679 dicit
830 2621 885 2676 in
926 2621 997 2678 VI
1021 2619 1182 2678 Polit.
1210 2619 1459 2693 Amplius
1485 2624 1669 2675 autem
1698 2619 1966 2674 minorem
1989 2634 2213 2677 causam
2238 2621 2439 2681 habent

441 2712 754 2776 rebellandi,
785 2727 880 2766 seu
910 2708 1238 2782 subjiciendi
1272 2724 1333 2764 se
1368 2707 1637 2771 hostibus,
1670 2707 1801 2762 dum
1832 2707 2057 2764 nimium
2092 2709 2441 2769 infestantur.

440 2803 572 2856 Cum
603 2801 747 2854 enim
767 2799 1046 2855 ministros
1069 2812 1224 2868 reges
1249 2797 1641 2853 munitionibus
1664 2791 1862 2853 habent
1887 2805 2205 2870 praesenteS,
2234 2800 2443 2858 sollici-

442 2892 626 2942 tantur
647 2885 909 2939 audacius
939 2883 1006 2939 ad
1027 2883 1399 2939 defensionem
1423 2883 1529 2942 sui.
1555 2884 1644 2940 Sic
1672 2890 1727 2938 et
1749 2884 1917 2940 Judas
1940 2887 2285 2945 Machabaeus
2313 2889 2445 2946 fecit

443 2975 510 3029 de
537 2989 662 3030 arce
689 2973 836 3037 Sion,
871 2987 1035 3043 quam
1066 2973 1338 3026 devictam
1363 2972 1535 3030 cinxit
1563 2972 1731 3026 muris
1760 2972 2073 3029 fortissimis
2108 2983 2163 3030 et
2202 2978 2446 3034 turribus

441 3063 569 3120 altis
589 3076 684 3134 pro
710 3059 1022 3116 defensione
1048 3059 1240 3130 patriae
1269 3065 1461 3114 contra
1480 3061 1770 3126 hosteS,·ut
1800 3061 2057 3117 scribitur
2078 3064 2170 3118 inl
2193 3065 2442 3121 Machab.

441 3152 508 3207 Et
536 3149 786 3207 similiter
824 3149 878 3202 in
907 3143 1229 3203 Bethsuram
1256 3147 1587 3202 munitiones
1618 3146 1943 3204 fortissimas
1972 3152 2211 3205 extruxit
2253 3162 2445 3210 contra

443 3240 635 3297 factem
677 3237 951 3294 Idumaeae.
995 3236 1220 3303 Rursus,
1273 3235 1342 3290 ad
1387 3234 1533 3290 idem
1580 3235 1903 3292 necessariae
1942 3243 2068 3292 sunt
2116 3230 2449 3298 munitiones

441 3326 774 3400 principibus
800 3340 897 3399 pro
921 3324 1310 3382 conservandis
1333 3322 1563 3390 divitiis,
1592 3323 1791 3396 quibus
1830 3323 2107 3381 abundare
2135 3326 2357 3398 debent,
2385 3337 2450 3387 ut

442 3416 651 3473 dictum
669 3422 753 3471 est
777 3429 961 3486 supra,
981 3421 1034 3470 et
1064 3420 1125 3470 ut
1149 3413 1329 3469 eidem
1344 3411 1555 3483 possint
1580 3427 1705 3467 cum
1733 3427 1833 3467 sua
1858 3411 2065 3470 familia
2090 3413 2316 3472 liberius
2342 3421 2451 3491 uti,

444 3508 586 3564 unde
615 3513 672 3561 et
703 3503 937 3559 ministri
977 3502 1110 3558 fiant
1155 3501 1225 3558 ad
1262 3500 1685 3574 praeparandum
1714 3501 2023 3556 necessaria
2061 3506 2445 3577 promptiores,

443 3597 588 3670 quod
613 3602 696 3651 est
712 3591 1090 3649 delectabilius
1115 3605 1180 3646 ac
1200 3587 1647 3646 honorificentius
1662 3588 1863 3644 etiam
1850 3605 1905 3644 ιιι
1931 3592 2235 3650 domestica
2262 3593 2448 3654 domo.

443 3687 558 3742 Hoc
579 3683 724 3740 enim
755 3691 838 3738 est
858 3679 1139 3754 proprium
1166 3679 1221 3735 in
1252 3664 1507 3734 humanis
1527 3675 1760 3744 actibus,
1784 3677 1929 3750 quod
1956 3694 2022 3734 ex
2045 3681 2237 3738 ordine
2264 3683 2451 3744 debito

443 3782 673 3832 causant
699 3771 939 3846 speciem
985 3770 1100 3826 sive
1140 3765 1607 3844 pulchritudinem
1648 3771 1911 3838 tanquam
1938 3767 1993 3823 in
2038 3785 2096 3824 re
2133 3775 2453 3845 proportio-

441 3871 571 3922 nata
600 3872 656 3924 et
681 3865 1122 3923 commensurata
1151 3859 1209 3916 in
1237 3855 1356 3915 suis
1391 3853 1639 3929 partibus
1666 3869 1681 3913 z
1711 3854 1855 3914 unde
1882 3859 2240 3933 consequitur
2259 3861 2318 3921 iu
2345 3877 2415 3912 ιν·
