2784 4392
383 292 390 301 ⁰
462 312 580 375 118
939 330 990 374 s.
1036 328 1269 373 ‘morum
1309 309 1652 378 Aeumxris'
1680 326 1989 371 opuscum

349 4034 413 4085 *h

531 448 686 501 Item.
713 446 760 501 11
784 444 1026 501 Thessal.
1065 461 1158 511 ιιι,
1189 447 1255 499 lo
1290 460 1302 498 z
1335 442 1392 498 Si
1422 442 1537 515 quis
1564 458 1667 497 non
1694 443 1809 499 vult
1838 441 2075 514 operari,
2103 458 2197 497 nee
2231 440 2465 497 mandu-

460 540 556 599 cet,
589 534 785 591 Glossa
819 550 830 587 ε
863 554 885 585 α
917 534 1119 588 Dicunt
1143 532 1364 603 quidam
1391 531 1461 587 de
1486 531 1741 605 operibus
1766 530 2143 602 spiritualibus
2186 530 2463 601 hoc-prae-

459 623 668 694 cepisse
690 621 1025 694 Apostolum,
1062 638 1170 675 non
1209 621 1276 676 de
1317 636 1481 692 opere
1528 619 1815 691 corporali.
1853 618 1903 672 in
1935 635 2042 691 quo
2074 617 2347 689 agricolae,
2383 616 2461 671 vel
2556 612 2565 623 ‘

458 710 680 781 opifices
722 710 971 766 laborant
1011 726 1022 763 :
1064 729 1090 761 »
1124 718 1178 765 et
1219 708 1360 765 infra
1393 724 1410 763 ε
1444 729 1469 761 α
1502 708 1606 765 Sed
1646 706 1919 779 superfluo
1957 715 2224 763 conantur
2264 706 2367 761 sibi
2410 712 2464 760 et

459 802 674 855 caeteris
703 800 992 871 caliginem
1022 798 1298 865 inducere,
1333 804 1394 852 ut
1425 798 1571 870 quod
1606 796 1813 851 utiliter
1852 796 2093 851 charitas
2123 802 2327 860 monet,
2362 811 2462 849 non

460 877 636 941 solum
662 887 840 942 facere
867 888 1057 953 nolint,
1091 887 1186 943 sed
1214 902 1312 942 nec
1344 886 1663 958 intelligere.
1701 903 1726 935 n
1754 884 1823 939 Et
1851 880 1990 939 infra
2023 900 2036 938 z
2068 904 2094 936 α
2126 882 2256 940 Vult
2287 888 2463 955 Apos-

460 974 602 1029 tolus
627 991 813 1031 servos
853 976 945 1031 Dei
979 975 1334 1049 corporaliter
1362 975 1575 1047 operati
1614 972 1755 1029 unde
1782 973 1991 1041 vivant,
2020 972 2146 1027 licet
2195 972 2261 1027 ad
2290 987 2375 1027 ser
2380 988 2461 1026 vt·

463 1070 636 1119 tutem
661 1062 758 1119 Dei
790 1063 1027 1133 religiosi
1058 1064 1368 1136 specialiter
1397 1063 1745 1136 deputentur.
1778 1080 1804 1113 »
1836 1061 1976 1132 Ergo
2010 1060 2212 1116 debent
2248 1061 2459 1132 operari

460 1154 758 1206 secundum
789 1152 1032 1223 Apostoli
1065 1161 1419 1223 praeceptum.

531 1240 689 1295 Item.
721 1242 988 1295 Inducunt
1026 1240 1128 1295 hoc
1170 1240 1314 1311 quod
1355 1239 1582 1295 habetur
1623 1238 1688 1293 ad
1730 1237 1926 1311 Ephes.
1970 1254 2047 1305 tv,
2082 1242 2195 1295 28·
2186 1280 2196 1291 .
2230 1237 2458 1293 Laboret

461 1329 726 1399 operando
755 1329 994 1383 man-ibus
1017 1330 1147 1393 suia,
1170 1327 1306 1400 quod
1330 1327 1519 1381 bonum
1547 1332 1644 1393 est,
1664 1332 1725 1382 ut
1754 1325 1941 1381 habeat
1963 1326 2103 1383 unde
2134 1326 2339 1383 tribuat
2366 1343 2463 1380 ne-

464 1417 754 1473 cessitatem
795 1416 1048 1489 patienti.
1099 1416 1292 1473 Glossa
1326 1433 1338 1469 :
1373 1437 1397 1467 α
1440 1416 1559 1470 Νοιι
1609 1422 1820 1471 tantum
1867 1415 2007 1469 unde
2056 1415 2224 1471 vivat.
2262 1434 2287 1465 ι)
2324 1415 2462 1485 Ergo

465 1505 702 1577 religiosi
730 1508 819 1579 qui
850 1522 954 1561 non
999 1505 1200 1561 habent
1226 1504 1445 1562 aliunde
1478 1504 1621 1561 unde
1665 1504 1909 1558 tribuant
1951 1504 2335 1560 necessitatem
2368 1520 2463 1574 pa-

466 1596 641 1662 tienti,
691 1594 889 1650 debent
939 1594 1186 1650 manibus
1231 1594 1468 1665 operari.
1520 1594 1675 1647 Item.
1719 1592 1851 1647 Luc.
1898 1608 2004 1657 xu,
2046 1608 2209 1664 super
2260 1591 2393 1647 illud
2449 1608 2461 1645 ε

473 1684 694 1740 Vendite
721 1701 836 1755 quoe
858 1683 1366 1755 possidetzs,Glossa
1402 1700 1413 1736 :
1452 1702 1476 1733 α
1500 1683 1619 1736 Non
1653 1688 1863 1735 tantum
1894 1680 2045 1735 cibos
2075 1688 2283 1736 vestros
2308 1696 2463 1737 com-

467 1773 742 1827 municate
791 1773 1146 1844 pauperibus,
1183 1771 1278 1826 sed
1331 1771 1498 1825 etiarn
1544 1770 1763 1826 vendite
1812 1771 2179 1841 possessiones
2228 1778 2461 1835 vestraS,

468 1866 527 1915 ut
557 1858 805 1914 omnibus
829 1862 1026 1915 vestris
1054 1857 1220 1914 semel
1247 1875 1343 1930 pro
1382 1858 1613 1913 Domino
1651 1860 1867 1929 spretis,
1904 1866 2091 1929 postea
2136 1858 2320 1915 labore
2346 1875 2466 1913 ma·

469 1964 635 2003 nuum
660 1948 978 2020 operemini,
1011 1948 1154 2002 unde
1184 1946 1400 2013 vivatis,
1433 1946 1515 2001 vel
1558 1944 1957 2019 eleemosynam
2000 1946 2234 2004 faciatis.
2272 1940 2297 1999 ι’)
2325 1948 2466 2017 Ergo

470 2038 705 2109 religiosi
750 2038 843 2111 qui
888 2037 1070 2092 omnia
1115 2052 1213 2091 sua
1257 2035 1591 2107 relinquunt,
1625 2034 1824 2091 debent
1862 2036 1930 2091 de
1973 2035 2157 2093 labore
2207 2052 2467 2093 manuum

467 2142 688 2181 suarum
716 2128 918 2191 vivere,
951 2133 1006 2179 et
1030 2125 1405 2199 eleemosynas
1431 2124 1628 2180 facere.

539 2217 692 2270 Item.
725 2214 981 2285 Religiosi
1025 2215 1259 2269 maxime
1304 2222 1555 2269 tenentur
1595 2211 1974 2285 Apostolorum
2023 2215 2192 2271 vitam
2240 2215 2463 2285 imitari,

470 2305 596 2375 quia
625 2310 824 2359 statum
855 2304 1203 2375 perfectionis
1241 2302 1583 2376 profitentur.
1614 2303 1719 2359 Sed
1746 2302 1989 2375 Apostoli
2019 2304 2249 2375 propriis
2286 2306 2466 2362 mani-

469 2395 572 2449 bus
601 2393 938 2448 laborabant.
975 2394 992 2448 l
1025 2393 1090 2447 ad
1122 2393 1330 2448 Corint.
1363 2408 1440 2459 ιν,
1470 2394 1535 2448 ⁴2
1562 2409 1574 2446 :
1602 2392 1933 2447 Laboramus
1970 2400 2243 2463 operantes
2286 2394 2467 2449 inani-

469 2483 560 2537 bus
584 2481 800 2547 nostris,
825 2490 878 2537 et
909 2485 1030 2537 Act.
1063 2498 1162 2545 xx,
1183 2484 1250 2535 34
1279 2497 1291 2535 ι
1321 2480 1409 2536 Ad
1432 2496 1492 2535 ea
1517 2496 1633 2551 quce
1662 2477 1795 2534 mihi
1820 2496 1947 2550 opus
1976 2487 2151 2545 erant,
2180 2482 2468 2539 mIm‘stra-

467 2580 661 2627 verunt
700 2588 891 2625 manus
936 2570 1072 2634 istoe,
1101 2576 1157 2624 et
1185 2572 1237 2623 in
1262 2569 1364 2624 boc
1401 2584 1459 2623 se
1492 2567 1857 2623 immutabiles
1903 2568 2260 2625 ostendebant
2302 2570 2421 2626 aliis
2450 2588 2463 2626 τ

467 2648 678 2713 I-Tlies.
709 2674 794 2721 ιιι,
824 2662 854 2711 8
893 2676 904 2710 :
935 2658 1116 2727 Neque
1151 2657 1327 2727 qratia·
1357 2672 1553 2727 panem
1584 2655 2018 2711 manducavimus
2060 2657 2123 2711 ab
2151 2658 2349 2729 ali-que,
2382 2658 2469 2713 sed

467 2743 728 2798 inlabere
756 2744 811 2796 in
841 2743 1156 2813 futiqatione
1195 2749 1340 2797 nocte
1377 2749 1428 2798 et
1464 2743 1548 2797 die
1576 2750 1947 2814 operante3‚nt
1980 2745 2315 2818 nosmetipsos
2342 2746 2469 2817 for-

467 2848 606 2885 mam
635 2831 878 2885 daremus
901 2830 1042 2886 vobis
1068 2828 1137 2884 ad
1161 2830 1480 2887 imitandum
1500 2832 1767 2903 nos.Ergo
1797 2832 2034 2903 religiosi
2057 2834 2255 2889 debent
2285 2838 2469 2907 Apos-

471 2918 608 2971 tolos
643 2920 694 2973 in
727 2918 911 2973 labore
939 2934 1198 2974 manuum
1229 2919 1455 2975 imitari.
2167 2942 2173 2949 ·

541 3008 694 3061 Item.
719 3000 975 3079 Religiosi
1005 3007 1176 3079 magis
1202 3014 1457 3063 tenentur
1483 3008 1550 3063 ad
1581 3024 1743 3083 opera
1771 3008 2013 3076 humilia,
2041 3028 2205 3082 quam
2232 3014 2466 3070 saecula-

471 3110 556 3149 res
601 3095 784 3151 clerici
818 3096 958 3151 :sed
1003 3095 1294 3152 saeculares
1343 3097 1527 3151 clerici
1585 3103 1840 3152 tenentur
1896 3098 2145 3155 manibus
2195 3100 2465 3158 laborare.

466 3182 620 3237 Unde
649 3170 886 3238 dicitur
875 3198 930 3237 ιιι
957 3183 1192 3238 decretis
1221 3184 1350 3238 dist.
1384 3198 1559 3239 xcxi:
1578 3203 1601 3235 α
1624 3184 1861 3240 Clericus
1892 3186 2095 3241 victum
2121 3190 2175 3239 et
2206 3188 2465 3243 vestitum

467 3269 569 3324 sibi
600 3270 848 3337 artifici0‚
883 3269 968 3327 vel
1001 3271 1352 3343 agricultura,
1388 3271 1593 3343 absque
1631 3272 1713 3327 sui
1760 3272 1922 3327 officii
1967 3273 2250 3329 dumtaxat
2288 3274 2469 3332 detri-

466 3367 648 3414 mento
673 3368 961 3430 plmaeparet
995 3377 1020 3409 ι)

535 3446 690 3500 Item.
719 3448 775 3501 ln
803 3448 1052 3519 sequenti
1084 3446 1296 3519 capite:
1324 3468 1349 3499 (ι
1375 3446 1614 3517 Quilibet
1642 3447 1873 3504 clericus
1899 3449 2062 3505 verba
2092 3450 2189 3505 Dei
2220 3450 2465 3507 eruditus

464 3534 694 3589 artificio
717 3536 920 3590 victum
951 3543 1180 3607 quaerat.
1212 3554 1236 3587 ι)
1265 3537 1421 3601 item,
1455 3551 1642 3591 omnes
1676 3536 1860 3591 clerici
1892 3538 1987 3609 qui
2030 3539 2098 3594 ad
2129 3540 2465 3611 operandum

463 3622 628 3677 validi
658 3630 803 3689 sunt,
825 3623 1131 3679 artificialia
1157 3630 1210 3679 et
1237 3625 1449 3680 litteras
1477 3624 1709 3680 discant.
1743 3625 1884 3697 Ergo
1909 3627 2079 3683 multo
2110 3627 2306 3683 fortius
2333 3628 2466 3683 reli-

461 3710 598 3779 giosi
631 3718 882 3767 tenentur
910 3712 1161 3768 manibus
1184 3711 1450 3769 laborare.

530 3798 686 3853 Item.
715 3803 970 3865 Actuum,
999 3816 1099 3866 xx,
1125 3804 1191 3855 34
1222 3818 1234 3854 z
1265 3802 1354 3857 Act
1381 3818 1463 3866 ea,
1490 3818 1603 3873 quoe
1640 3802 1771 3861 mihi
1808 3820 1937 3875 opus
1968 3812 2144 3870 erant,
2174 3813 2223 3862 et
2254 3807 2336 3861 his
2372 3805 2467 3878 qui

460 3904 659 3944 mecum
699 3895 843 3954 sunt,
871 3889 1325 3950 ministraverunt
1363 3908 1553 3951 manus
1599 3892 1732 3949 istoe.
1781 3893 1978 3950 Glossa
2026 3894 2395 3953 interlinearis
2444 3913 2461 3952 ε
