2784 4392
453 241 535 304 50
935 257 986 303 s.
1032 255 1265 303 *recum
1305 255 1639 309 sommi-18
1679 257 1992 304 croscum

460 377 515 430 in
542 375 792 432 omnibus
828 375 986 432 bonis
1024 376 1156 443 suis,
1196 395 1221 428 n
1249 380 1303 432 et
1342 379 1469 449 post
1498 375 1681 451 aliqua
1711 375 1897 434 subdit
1927 392 1940 431 ε
1975 395 2000 430 α
2034 376 2268 434 Putabat
2303 392 2476 448 opor-

462 473 577 519 tere
602 466 899 521 conductos
923 464 1085 520 arrha
1113 464 1267 536 regni
1293 465 1413 530 Dei,
1449 471 1664 522 terrena
1694 466 1994 536 despicere,
2036 472 2096 521 ut
2120 480 2222 521 nec
2249 481 2464 534 aurum,

462 569 558 610 nec
589 560 895 631 argentum,
928 569 1031 610 nec
1060 555 1448 626 possessiones
1491 569 1590 610 nec
1620 553 1921 628 quidquam
1949 570 2137 610 eorum
2167 571 2290 629 quae
2319 571 2474 610 mor-

462 642 599 698 tales
644 627 1041 716 appretiantur,
1088 642 1419 714 condignum
1462 642 1777 698 existiment
1819 643 1963 699 datis
2011 641 2115 699 sibi
2156 643 2474 700 coelestibus

459 731 669 805 opibuS,
702 749 803 788 nec
832 748 939 787 non
974 747 1098 788 cum
1138 731 1339 786 milites
1369 746 1464 786 eos
1501 731 1706 786 faceret
1745 731 1895 802 regni
1933 732 2052 797 Dei,
2087 731 2344 788 monebat
2377 749 2474 790 eos

458 821 637 876 colere
661 827 1060 894 paupertatem.
1093 821 1287 876 Nullus
1308 819 1472 875 enim
1503 819 1744 876 militans
1767 822 1880 875 Deo
1925 819 2170 892 implicat
2209 837 2268 876 se
2307 821 2475 894 hujus

464 908 590 966 vitae
636 909 886 978 negotiis,
930 915 991 963 ut
1033 909 1247 982 placeat
1288 910 1423 965 Deo,
1462 909 1599 966 »tEt
1628 909 1708 964 sic
1745 909 2110 981 Hieronymus
2137 910 2270 964 dicit
2309 925 2478 981 super

462 997 652 1052 Matth.
681 1015 693 1050 ;
720 1017 745 1048 «
772 995 875 1065 Qui
899 997 1121 1053 divitias
1148 999 1573 1055 detruncaverat
1597 997 1824 1068 (scilicet
1852 998 1904 1052 in
1928 998 2110 1054 verbis
2130 999 2468 1071 praemissiS,)

465 1101 629 1156 prope
659 1085 880 1140 modum
910 1087 1077 1141 etiam
1110 1083 1241 1143 vitae
1266 1087 1572 1142 necessaria
1603 1095 1871 1158 amputat,
1907 1093 1964 1140 ut
1996 1087 2242 1158 Apostoli
2275 1087 2474 1142 docto-

465 1191 549 1230 res
580 1189 722 1230 verae
748 1173 1041 1244 religioniS,
1075 1175 1167 1246 qui
1199 1175 1628 1231 instituebantur
1657 1176 1838 1231 omnia
1869 1175 1967 1230 Dei
1999 1175 2338 1247 providentia
2366 1192 2474 1246 gu-

464 1263 695 1328 bernari,
740 1263 946 1334 seipsos
972 1263 1322 1318 ostenderent
1353 1263 1485 1318 nihil
1517 1265 1760 1334 cogitare
1784 1264 1852 1319 de
1883 1265 2142 1320 crastino.
2176 1284 2201 1316 >2
2235 1263 2302 1320 Et
2331 1264 2475 1321 sicut

464 1351 883 1424 chrysostomus
921 1352 1052 1406 dicit
1083 1367 1245 1424 super
1275 1351 1466 1407 Matth.
1508 1369 1530 1408 ·:
1575 1371 1602 1406 α
1647 1353 1748 1407 Per
1793 1351 1898 1408 hoc
1921 1362 2254 1426 praeceptum
2297 1354 2474 1426 primo

464 1440 684 1512 quidem
714 1441 975 1498 Dominus
1000 1440 1296 1508 discipulos
1324 1439 1458 1495 facit
1489 1454 1594 1496 non
1621 1455 1741 1496 esse
1774 1439 2049 1512 subjectos
2074 1459 2087 1496 :
2114 1442 2368 1510 secund0,
2404 1442 2474 1498 ab

463 1531 609 1585 omni
653 1545 746 1586 eos
806 1528 1000 1589 liberat
1044 1529 1430 1597 sollicitudine,
1475 1535 1538 1585 ut
1576 1523 1920 1587 vacationem
1971 1547 2186 1587 omnem
2231 1531 2473 1587 tribuant

466 1620 629 1676 verbo
668 1621 766 1675 Dei
817 1637 829 1676 ε
882 1621 1065 1688 tertio,
1116 1619 1275 1674 docet
1306 1634 1399 1674 eos
1428 1633 1584 1674 suam
1625 1619 1908 1675 virtutem.
1955 1618 2142 1688 Qualis
2187 1635 2314 1690 ergo
2355 1635 2472 1674 esse

465 1709 659 1765 debeat
702 1709 796 1782 qui
838 1707 1175 1780 evangelizat
1205 1724 1429 1778 regnum
1460 1708 1578 1772 Dei,
1625 1709 1916 1778 praeceptis
1955 1707 2295 1778 Evangelicis
2324 1708 2474 1763 desi-

467 1804 681 1866 gnatur,
731 1795 834 1849 hoc
878 1803 959 1849 est
1011 1802 1070 1848 ut
1108 1795 1333 1850 subsidii
1364 1792 1644 1849 saecularis
1683 1795 2013 1848 adminicula
2058 1811 2160 1849 non
2205 1796 2470 1868 requirat,

468 1883 701 1954 fideique
727 1888 871 1937 totus
892 1881 1177 1946 inhaerens,
1204 1887 1488 1954 putetque
1511 1881 1690 1936 minus
1712 1881 1815 1935 ista
1839 1882 2102 1952 requirat,
2127 1884 2300 1951 magis
2317 1901 2474 1954 posse

467 1978 754 2045 suppetere
783 1990 831 2038 n,
856 1976 918 2024 ut
937 1969 1254 2025 Ambrosius
1279 1969 1412 2024 dicit
1438 1985 1599 2039 super
1617 1969 1749 2023 Luc.
1777 1985 1788 2021 ε
1817 1967 2162 2024 Manifestum
2183 1979 2265 2026 est
2292 1982 2475 2029 autem

469 2061 609 2132 quod
632 2061 674 2114 si
702 2057 943 2131 Apostoli
968 2058 1365 2130 possessionem
1397 2057 1783 2129 suscepissent,
1818 2073 1922 2112 non
1952 2057 2148 2124 minus,
2174 2059 2271 2115 sed
2304 2061 2474 2116 multo

469 2149 641 2219 magis
660 2147 897 2220 suspecti
920 2145 1165 2214 fuissent,
1194 2146 1339 2219 quod
1362 2151 1582 2218 propter
1604 2155 1875 2218 quaestum
1903 2146 2280 2223 praedicarent,
2311 2165 2475 2220 quam

468 2237 512 2290 si
556 2250 749 2290 aurum
793 2233 875 2288 vel
922 2242 1206 2304 argentum
1243 2232 1631 2306 possiderent:
1667 2232 1838 2288 multo
1881 2234 2048 2289 etiam
2097 2235 2290 2305 majori
2319 2235 2475 2290 solli-

468 2323 708 2378 citudine
748 2321 893 2378 circa
938 2337 1186 2392 agrorum
1219 2313 1488 2377 culturam
1519 2329 1938 2393 occuparentur,
1979 2322 2261 2394 multoque
2298 2326 2474 2396 majus

376 2481 380 2487 .
452 2396 553 2468 ’est
580 2410 840 2468 saeculare
878 2410 1265 2466 adminiculum
1306 2427 1371 2466 ex
1402 2411 1566 2482 a‘griS,
1599 2410 1682 2466 vel
1713 2411 1888 2467 vineis
1922 2411 2203 2483 possessis,
2237 2428 2399 2484 quam
2427 2413 2474 2467 si

467 2503 609 2558 bona
636 2495 853 2556 mobilia
886 2499 1205 2556 habeantur.
1244 2499 1588 2555 Manifestum
1617 2505 1700 2554 est
1734 2499 1900 2571 igitur
1927 2501 2225 2556 secundum
2255 2503 2474 2573 exposi-

468 2592 643 2646 tiones
668 2589 977 2661 preemissas
998 2587 1271 2659 Apostolis
1292 2587 1646 2642 interdictum
1670 2587 1836 2643 fuisse
1862 2605 1928 2644 ne
1951 2604 2128 2659 agrOS‚
2155 2588 2236 2643 vel
2267 2589 2470 2657 vineaS,

467 2677 551 2732 vel
581 2677 686 2731 alia
704 2677 1013 2746 hujusmodi
1040 2677 1180 2730 bona
1207 2674 1504 2730 immobilia
1535 2675 1894 2747 possiderent.
1925 2677 2062 2746 Quia
2093 2689 2276 2733 autem
2302 2670 2492 2743 dicat,

468 2765 570 2818 nisi
595 2763 901 2828 haereticus,
936 2765 1167 2835 primam
1194 2763 1584 2836 discipulorum
1610 2765 2026 2821 instructionem
2052 2781 2082 2820 a
2106 2765 2319 2822 Christo
2347 2781 2473 2836 per-

466 2851 687 2908 fectioni
736 2852 1065 2923 evangelicae
1105 2852 1406 2923 derogare?
1433 2853 1767 2909 Mentiuntur
1795 2869 1924 2924 ergo
1968 2855 2020 2908 in
2051 2854 2301 2910 doctrina
2347 2853 2470 2910 fidei

466 2941 731 3007 dicente3‚
765 2941 989 2996 minoris
1014 2956 1131 2997 esse
1158 2941 1508 3014 perfectionis
1535 2958 1630 3000 eos
1653 2943 1746 3016 qui
1768 2942 2144 3002 communibus
2172 2943 2472 3015 possessio-

466 3029 625 3087 nibus
654 3036 861 3086 carent.
1134 3081 1137 3083 .
1849 3031 1852 3034 ’

534 3119 632 3174 Est
673 3124 856 3175 autem
898 3117 1127 3175 ultcrius
1164 3117 1618 3175 considerandum
1665 3118 1908 3193 qualiter.
1942 3126 2214 3193 praecepta
2258 3118 2470 3176 Domini

464 3209 746 3282 praemissa
793 3207 1010 3263 suerunt
1058 3208 1126 3264 ab
1171 3208 1445 3281 Apostolis
1483 3208 1792 3274 observata,
1825 3197 1969 3282 'quia
2032 3217 2090 3264 ut
2137 3209 2471 3281 Augustinus

463 3298 598 3354 dicit
643 3299 699 3352 in
740 3296 877 3353 libro
920 3297 1124 3352 Contra
1164 3296 1513 3362 mendacium,
1563 3297 1764 3365 divinae
1810 3298 2104 3370 Scripturae
2146 3314 2253 3353 non
2296 3298 2471 3354 solum

462 3392 737 3461 praecepta
766 3387 865 3442 Dei
906 3387 1162 3454 retinent,
1208 3385 1303 3441 sed
1342 3387 1510 3442 etiam
1541 3387 1710 3442 vitam
1755 3401 2044 3459 moresque
2067 3389 2361 3460 justorum,
2414 3393 2471 3443 ut

461 3477 508 3531 si
544 3477 685 3532 forte
714 3475 990 3532 occultum
1020 3479 1103 3531 est
1132 3475 1589 3547 quemadmodum
1633 3475 2010 3549 accipiendum
2039 3477 2110 3532 sit
2147 3476 2292 3551 quod
2324 3493 2470 3554 prae-

462 3566 681 3636 cipitur,
715 3567 769 3621 in
800 3565 961 3622 factis
978 3566 1249 3638 justorum
1278 3564 1650 3637 intelligatur.·
1677 3566 1831 3636 Quod
1862 3572 2046 3622 autem
2086 3565 2216 3622 nihil
2258 3575 2471 3639 tempo-

368 3651 373 3656 ’
462 3653 658 3709 ratium
689 3655 1049 3726 possiderent,
1081 3663 1176 3710 aut
1214 3656 1380 3712 etiam
1425 3657 1477 3710 in
1507 3657 1594 3711 via
1639 3655 1912 3710 deferrent
1942 3661 2068 3711 ante
2097 3660 2312 3728 tempus
2342 3671 2470 3728 pas-

462 3741 650 3806 sioniS,
682 3749 869 3812 aperte
902 3744 1207 3799 ostenditur
1246 3759 1312 3798 ex
1343 3743 1443 3798 hoc
1481 3745 1623 3815 quod
1656 3743 1854 3814 legitur
1893 3746 2024 3800 Luc.
2065 3760 2216 3811 xxn,
2259 3747 2345 3812 35,
2382 3743 2470 3799 ubi

463 3829 729 3888 Dominus
756 3828 1039 3902 discipulis
1080 3830 1215 3887 dixit
1249 3847 1261 3886 ε
1297 3831 1517 3898 Quando
1551 3831 1678 3888 misi
1721 3848 1810 3888 vos
1835 3833 1950 3890 sine
1986 3834 2210 3901 sacculo,
2241 3841 2468 3909 εἴρεο-α,
2504 3829 2510 3838 ’
