2784 4392
491 188 609 253 178
967 208 1021 279 s.
1065 208 1298 257 'raoMAE
1339 207 1667 261 AQmNA'rts
1710 204 2021 253 croscum

495 324 698 383 multas
743 326 997 400 penurias
1039 325 1403 395 sustinebant,
1435 324 1764 399 quandoque
1808 328 1993 379 autem
2039 318 2393 379 abundabant
2443 320 2503 379 in
2557 365 2565 368 -

497 414 744 488 utrisque
777 415 1021 474 modeste
1045 432 1104 474 se
1129 416 1411 483 habenteS‚
1442 414 1581 471 Phil.
1608 413 1713 469 ult.
1742 412 1853 470 42·
1878 406 2022 465 Scio.
2033 416 2083 467 et
2123 408 2418 475 abundare,
2450 416 2503 465 et

487 502 776 573 penuriam
803 504 941 578 pati.
967 504 1033 561 Et
1063 503 1160 561 has
1189 506 1354 561 etiam
1382 502 1787 560 vicissitudines
1816 516 2082 574 pauperes
2110 500 2505 572 praedicatores

486 593 662 649 nostri
686 594 946 667 temporis
973 596 1327 667 experiuntur
1351 590 1687 666 frequenter.

559 682 642 737 Ad
687 682 986 740 secundum
1025 682 1336 750 dicendum,
1364 680 1513 755 quod
1556 678 1944 755 praedicatores
1982 678 2359 751 eleemosynas
2401 693 2506 749 pe·
2548 672 2559 680 '

492 760 670 825 tentes
694 786 800 826 non
827 770 1036 829 faciunt
1065 769 1290 844 aliquid,
1321 770 1380 826 in
1420 783 1529 843 quo
1568 770 1640 824 sit
1687 766 1903 825 occasio
1949 766 2221 823 avaritiae.
2250 764 2505 826 Avaritia

491 857 637 912 euim
680 864 766 914 est
812 858 1207 916 immoderatus
1251 862 1407 917 umor
1454 856 1688 915 habendi
1723 855 1903 912 :velle
1952 860 2135 911 autem
2182 854 2389 910 victum
2446 862 2507 910 et

494 946 756 1001 vestitum
789 946 856 1003 ad
900 948 1284 1004 necessitatem
1320 960 1425 1003 non
1465 956 1551 1003 est
1586 943 2029 1002 immoderatum.
2056 944 2079 999 1
2110 943 2251 999 Tim.
2287 943 2387 998 ult.
2422 947 2454 998 8
2488 960 2503 997 ε

493 1033 757 1091 Habentes
802 1035 1078 1103 alimenta,
1111 1024 1387 1109 atquibus
1428 1042 1692 1109 teqamur,
1728 1034 1811 1089 his
1849 1033 2082 1089 contenti
2119 1034 2301 1087 simus.
2348 1033 2507 1089 Unde

494 1137 762 1193 pauperes
788 1124 879 1197 qui
913 1130 1104 1197 petunt
1133 1124 1440 1180 necessaria
1469 1126 1645 1179 victus
1671 1120 1726 1179 et
1750 1123 2001 1188 vestitus,
2037 1128 2090 1176 et
2120 1121 2351 1177 aliorum
2378 1138 2509 1194 quae

496 1209 734 1265 humana
757 1211 868 1267 vita
897 1210 1088 1283 exigit,
1121 1226 1227 1267 uon
1253 1217 1380 1268 sunt
1411 1211 1466 1267 in
1490 1210 1675 1283 aliqua
1703 1209 1989 1266 occasione
2018 1207 2286 1265 avaritias.

567 1299 648 1354 Ad
678 1300 900 1357 tertium
929 1301 1240 1368 dicendum,
1266 1300 1421 1375 quod.
1446 1302 1834 1374 praedicatores
1872 1314 1977 1355 non
2023 1299 2223 1355 debent
2257 1314 2511 1371 quaerere

497 1388 819 1460 temporalia
849 1390 1005 1463 quasi
1036 1386 1102 1445 eir
1132 1389 1417 1463 principali
1457 1391 1775 1457 intentione,
1803 1394 1863 1444 ut
1894 1388 1949 1444 in
1979 1386 2059 1443 eis
2098 1388 2257 1443 finem
2294 1390 2511 1444 consti-

499 1484 678 1543 tuant,
729 1484 956 1550 possunt
1004 1487 1186 1536 tamen
1233 1494 1481 1552 quaerere
1522 1478 1865 1551 secundario,
1910 1486 1969 1533 ut
2011 1483 2387 1532 sustententur
2436 1478 2509 1533 ad

499 1565 854 1637 Evangelium
891 1568 1320 1640 praedicandum,
1350 1568 1495 1641 quod
1538 1567 1713 1641 primo
1755 1581 2001 1640 quaerere
2048 1564 2270 1628 debent,
2303 1565 2507 1621 Matth-

499 1658 662 1717 v1,36
700 1672 712 1708 ε
748 1652 1000 1711 Primum
1043 1657 1268 1729 quoerite
1303 1672 1525 1729 requam
1574 1655 1678 1724 Dei
1721 1650 1769 1711 et
1793 1652 2069 1727 justitiam
2099 1654 2229 1725 ejus.
2256 1653 2455 1709 Glossa
2491 1672 2507 1709 ς

502 1762 528 1793 «
553 1743 654 1797 Hic
679 1750 866 1815 aperte
895 1745 1135 1800 ostendit
1162 1745 1267 1801 ista
1298 1760 1403 1800 non
1432 1758 1551 1801 esse
1576 1744 1811 1816 petenda
1836 1750 2097 1815 tanquam
2129 1742 2267 1797 bona
2294 1750 2506 1809 nostra,

501 1830 603 1885 etsi
633 1832 962 1887 necessaria.
993 1832 1238 1903 Regnum
1265 1833 1411 1887 enim
1437 1832 1731 1904 petendum
1772 1839 1875 1898 est,
1900 1838 1956 1887 et
1985 1832 2038 1886 in
2065 1846 2130 1887 eo
2151 1831 2289 1903 ‚finis
2320 1838 2514 1886 noster

503 1924 586 1974 est
621 1919 918 1990 ponenduS‚
949 1927 1170 1992 propter
1211 1934 1373 1993 quem
1399 1922 1581 1976 omnia
1623 1920 1907 1987 faciamuS,
1937 1919 2087 1977 verbi
2126 1920 2321 1991 gratia.
2349 1920 2519 1975 Man-

503 2006 764 2062 ducemus
794 2014 854 2061 ut
882 2008 1336 2079 evangelizemuS,
1364 2024 1469 2065 non
1497 2009 1931 2081 evangelizemus
1953 2015 2011 2063 ut
2036 2008 2449 2064 manducemus.
2482 2024 2513 2059 n

574 2095 659 2151 Ad
683 2102 940 2166 quartum
964 2097 1276 2163 dicendum,
1306 2098 1454 2171 quod
1485 2098 1627 2153 sicut
1660 2112 1823 2169 supra
1862 2096 2147 2170 probatum
2179 2104 2281 2163 est,
2316 2111 2520 2168 sump-

505 2191 594 2239 tus
621 2200 784 2257 quem
813 2185 1201 2259 praedicatores
1245 2187 1541 2260 accipiunt,
1574 2186 1801 2243 debetur
1840 2184 2149 2259 dupliciter.
2181 2186 2299 2242 Uno
2345 2186 2516 2241 modo

505 2288 571 2327 ex
595 2272 778 2329 debito
819 2273 1007 2346 legalis
1030 2274 1280 2346 justitiae,
1315 2276 1458 2331 sicut
1497 2275 1715 2348 quando
1762 2280 1983 2347 pactum
2028 2272 2321 2331 intervenit
2365 2272 2518 2331 inter

507 2370 821 2433 operantem
864 2371 920 2418 et
953 2379 1079 2418 eum
1101 2364 1188 2419 cui
1221 2372 1497 2435 operatur,
1534 2363 1611 2419 ita
1639 2364 1785 2436 quod
1825 2362 2108 2435 operarius
2131 2368 2310 2435 potest
2340 2362 2516 2417 alium

506 2449 830 2522 compellere
860 2450 927 2507 ad
952 2452 1290 2508 solvendum.
1322 2452 1445 2508 Alio
1486 2452 1666 2519 mod0,
1695 2468 1760 2506 ex
1809 2451 1991 2507 debito
2016 2449 2249 2522 justitiae
2296 2452 2515 2507 amica-

435 2571 444 2580 ·
505 2538 647 2604 bilis,
675 2540 816 2594 sicut
841 2541 1057 2612 quando
1083 2540 1282 2612 aliquis
1307 2540 1667 2595 amicabiliter
1687 2538 1853 2595 -alteri
1880 2540 1948 2595 de
1972 2555 2069 2594 suo
2093 2539 2283 2613 ‘labore
2313 2540 2511 2608 servit,

421 2618 425 2622 ’
506 2625 748 2681 debitum
775 2635 858 2681 est
891 2636 948 2683 ut
979 2628 1118 2683 alius
1153 2629 1202 2681 ei
1239 2644 1336 2683 suo
1381 2628 1539 2683 modo
1584 2628 1756 2683 vicem
1806 2620 2084 2701 rependat,
2110 2628 2361 2699 quamvis
2402 2644 2515 2683 non

459 2708 462 2711 ’
506 2714 679 2785 possit
725 2728 850 2769 eum
897 2728 993 2786 per
1038 2715 1307 2783 judicium
1363 2716 1703 2789 compellere,
1754 2717 1853 2772 hos
1898 2717 2043 2771 enim
2092 2717 2229 2772 duos
2274 2717 2517 2788 justitiae

508 2799 698 2855 modos
739 2801 1092 2873 Philosophus
1136 2802 1425 2875 distinguit
1469 2805 1522 2860 in
1569 2804 1687 2861 Vlll
1730 2802 1970 2860 Ethicor.
2002 2805 2135 2860 Dico
2174 2820 2303 2875 ergo
2358 2805 2513 2878 quod

507 2888 724 2959 quando
768 2889 964 2962 aliquis
997 2890 1251 2962 praelatus
1279 2891 1438 2949 alicui
1476 2891 1619 2965 plebi
1655 2879 1968 2965 praeficitur,
1995 2891 2098 2948 hoc
2122 2892 2283 2948 modo
2314 2894 2382 2948 ad
2417 2893 2516 2949 in-

509 2977 684 3031 vicem
725 2978 1067 3049 colligantur,
1115 2980 1260 3053 quod
1315 2981 1519 3037 subditi
1570 2988 1797 3055 possunt
1838 2996 1869 3037 a
1916 2982 2143 3053 praelato
2198 2980 2515 3053 spiritualia

506 3075 712 3139 petere,
739 3075 795 3122 et
824 3068 1032 3139 praelati
1065 3084 1095 3125 a
1121 3070 1354 3125 subditis
1386 3069 1737 3142 temporalia:
1761 3070 1855 3125 sed
1884 3066 1951 3125 ab
1980 3068 2102 3125 aliis
2125 3069 2221 3142 qui
2246 3084 2351 3125 non
2378 3078 2518 3127 sunt.

506 3149 737 3226 praelati,
765 3171 870 3212 non
917 3165 1142 3229 possunt
1179 3158 1385 3214 subditi
1431 3158 1735 3229 spiritualia
1782 3158 2017 3230 exigere,
2052 3173 2152 3214 nec
2182 3174 2211 3212 e
2236 3172 2516 3215 converso

501 3245 606 3317 ipsi
655 3252 880 3317 possunt
932 3262 1026 3305 eos
1060 3262 1254 3319 cogere
1298 3248 1366 3303 ad
1406 3246 1725 3303 solvendum
1772 3246 2109 3319 temporalia,
2138 3248 2391 3319 quamvis
2438 3263 2525 3304 ex

504 3332 722 3389 licentia
749 3334 1098 3407 praelatorum
1124 3336 1430 3408 spiritualia
1476 3337 1765 3404 seminent,
1795 3334 1897 3390 nisi
1936 3334 2074 3391 forte
2118 3343 2387 3407 quantum
2435 3338 2523 3393 ad

503 3424 684 3478 omnia
712 3422 903 3479 vicarii
931 3424 1278 3495 praelatorum
1304 3425 1727 3481 constituantur.
1761 3426 1915 3479 Patet
1943 3424 2107 3494 igitur
2137 3423 2283 3497 quod
2314 3425 2553 3501 divera-

502 3512 710 3567 simode
739 3510 1012 3583 accipiunt
1043 3522 1290 3583 sumptus
1323 3528 1587 3585 pauperes
1622 3513 1714 3585 qui
1746 3511 1963 3566 omnino
1994 3510 2125 3567 nihil
2157 3513 2521 3586 impendunt,

502 3608 556 3655 et
588 3599 823 3671 religiosi
860 3600 951 3671 qui
985 3616 1088 3655 non
1115 3608 1242 3656 sunt
1267 3600 1498 3673 praelati,
1532 3602 1627 3657 sed
1654 3602 1951 3673 praedica'nt
1981 3602 2049 3657 de
2097 3601 2317 3657 licentia
2358 3620 2532 3674 prae-

503 3688 735 3743 latorum
761 3698 816 3745 et
845 3688 1076 3760 praelati,
1109 3690 1238 3761 quia
1269 3690 1357 3745 alii
1397 3705 1661 3763 pauperes
1709 3690 1949 3746 totaliter
1992 3690 2267 3763 accipiunt
2306 3696 2529 3766 gratiS,

501 3776 646 3832 unde
673 3777 728 3832 in
754 3778 832 3832 eis
877 3784 960 3833 est
991 3794 1127 3849 pura
1170 3778 1513 3835 mendicitas⁴
1546 3780 1649 3836 Sed
1695 3780 2055 3853 praedicantes
2101 3780 2194 3852 qui
2230 3796 2337 3837 nou
2374 3798 2537 3847 sunt
