2784 4392
511 220 631 282 176
985 237 1039 281 s,
1084 234 1317 279 'rHOMAE
1359 233 1689 307 Aoum-rte
1728 234 2045 285 opuscum

507 353 854 421 mendicitas,
885 366 1010 426 quae
1036 365 1237 419 non-ex
1259 350 1563 423 cupiditate
1585 351 1849 423 procedit,
1880 358 1939 407 ut
1967 352 2178 413 dictum
2206 362 2312 425 est,
2336 356 2526 414 humi-

511 440 682 499 litatis
703 444 956 499 meritum
981 440 1143 497 habet
1164 440 1504 512 adjunctum.
1534 440 1689 497 Unde
1713 442 2051 519 Augustinus
2078 461 2174 516 per
2209 445 2376 503 verba
2428 448 2523 503 illa
2630 471 2635 478 ·

511 546 616 587 non
655 531 904 604 prohibet
942 530 1348 586 mendicitatem
1401 526 1789 595 voluntariam,
1830 531 1926 585 sed
1970 530 2130 589 docet
2176 534 2520 594 occasionem

511 621 836 677 necessariae
864 617 1234 675 mendicitatis
1259 616 1542 673 vitandam
1574 632 1694 673 esse
1719 632 1750 673 a
1784 619 2115 690 pauperibus
2138 622 2359 689 Christi,
2390 624 2519 679 dum

507 709 757 765 manibus
783 710 1051 774 laborant,
1085 706 1229 779 quod
1250 712 1403 779 patet
1433 721 1530 777 per
1557 703 1661 760 hoc
1685 704 1829 779 quod
1861 706 1996 763 dicit
2026 724 2040 762 z
2068 729 2094 761 α
2123 710 2195 767 Ut
2222 727 2331 767 non
2362 727 2520 768 com·-

511 798 780 870 pellantur
809 804 1052 869 egestate
1081 794 1390 852 necessaria
1422 799 1627 865 petere.
1666 812 1692 844 n

579 887 663 944 Ad
687 894 900 941 sextum
934 885 1244 946 dicendum,
1277 882 1422 955 quod
1463 880 1827 955 flleronymus
1864 880 2107 956 loquitur
2146 886 2214 942 de
2252 888 2517 961 petitione

437 964 444 970 ⁴
507 981 563 1030 et
593 975 906 1046 acceptione
950 989 1137 1029 eorum
1176 988 1300 1045 quae
1342 977 1471 1027 sunt
1514 969 1658 1027 ultra
1703 974 2068 1029 necessarium
2114 976 2339 1045 victum,
2370 980 2515 1050 quod

511 1070 662 1136 patet
689 1079 753 1117 ex
788 1063 890 1119 hoc
930 1061 1074 1135 quod
1117 1062 1358 1134 loquitur
1402 1060 1709 1141 Nepotiane
1753 1061 2092 1136 presbyterO,
2126 1064 2334 1136 quide
2354 1067 2518 1123 rebus

507 1151 695 1207 mundi
726 1150 1055 1207 sufficienter
1099 1149 1336 1205 habebat
1381 1147 1451 1203 ad
1497 1148 1665 1204 vitam
1706 1150 2163 1207 sustentandam.
2198 1154 2339 1210 unde
2364 1163 2516 1228 patet

510 1241 654 1313 quod
677 1254 784 1295 non
807 1238 980 1295 estad
1009 1238 1368 1311 propositum.

579 1329 660 1385 Ad
686 1328 978 1401 septimum
1007 1326 1318 1391 dicendum,
1351 1325 1498 1396 quod
1526 1324 1610 1381 lex
1633 1324 1725 1383 illa
1758 1326 1997 1399 loquitur
2026 1327 2094 1383 de
2127 1329 2323 1387 validis
2357 1348 2514 1389 men-

508 1418 834 1485 dicantibus,
863 1418 957 1490 qui
984 1416 1188 1473 nullam
1214 1414 1509 1471 utilitatem
1536 1414 1852 1487 reipublicae
1882 1416 2198 1487 afferebant,
2224 1420 2317 1479 sed
2340 1424 2514 1480 otiose

507 1509 754 1563 viventes
781 1506 1118 1579 usurpabant
1153 1503 1283 1560 illud
1314 1502 1461 1577 quod
1492 1503 1615 1558 aliis
1642 1504 1977 1576 pauperibus
2014 1506 2333 1575 debebatur,
2362 1514 2511 1583 quod

508 1603 661 1669 patet
690 1612 755 1652 ex
785 1595 886 1651 hoc
915 1596 1058 1666 quod
1087 1593 1172 1649 lex
1200 1608 1294 1650 eos
1319 1594 1524 1647 inertes
1547 1592 1810 1661 nominat,
1839 1593 1982 1650 sicut
2010 1601 2137 1649 sunt
2168 1596 2426 1667 guliardi,
2458 1609 2510 1655 et

509 1686 598 1741 alii
649 1684 876 1750 similes,
907 1684 1000 1756 qui
1038 1683 1244 1738 victum
1283 1680 1352 1736 ab
1389 1680 1699 1736 hominibus
1744 1689 1999 1753 quaerunt
2039 1683 2213 1742 otiose
2241 1686 2507 1756 viventeS,

505 1774 650 1846 quod
691 1787 796 1827 non
844 1771 947 1826 nisi
986 1770 1397 1844 perversissime
1438 1770 1492 1824 in
1536 1768 1818 1839 religiosos
1862 1773 2165 1843 retorqueri
2216 1783 2415 1845 potest,
2458 1788 2511 1833 et

506 1871 692 1917 tamen
725 1875 828 1914 non
858 1866 1073 1929 oportet
1107 1858 1250 1929 quod
1284 1865 1570 1928 peccatum
1610 1872 1823 1929 semper
1849 1858 1921 1913 sit
1964 1859 2185 1929 gravius
2210 1865 2355 1934 quod
2378 1881 2511 1935 gra-

508 1950 630 2005 vius
674 1947 895 2019 punitur
937 1962 951 1999 :
989 1944 1118 2017 quia
1165 1934 1342 2016 poenae
1382 1945 1763 2017 peccatoribus
1806 1944 2125 2018 infliguntur
2170 1966 2279 2007 non
2335 1954 2513 2011 solum

507 2044 730 2111 propter
758 2035 1058 2090 vindictam
1081 2030 1399 2106 culpae,·sed
1430 2034 1598 2090 etiam
1622 2042 1843 2106 propter
1863 2038 2256 2095 correctionem
2282 2042 2370 2096 vel
2396 2045 2517 2115 ejus

489 2126 600 2197 -qui
645 2124 912 2196 peccavit,
948 2122 1033 2180 vel
1078 2122 1327 2178 aliorum.
1373 2122 1527 2178 Unde
1568 2137 1663 2194 pro
1706 2123 1902 2179 minori
1943 2133 2170 2196 peccato
2216 2128 2514 2202 aliquando
2585 2152 2589 2156 ·

507 2213 708 2286 aliquis
733 2212 957 2283 gravius
986 2212 1228 2284 punitur,
1257 2210 1477 2283 quando
1508 2210 1754 2267 homines
1784 2212 1853 2267 ad
1896 2202 2182 2286 peccatum
2213 2216 2347 2273 illud
2384 2229 2515 2279 sunt

506 2302 804 2374 pronioreS,
836 2305 899 2354 ut
925 2305 1132 2355 terrore
1160 2313 1338 2371 poenae
1371 2299 1546 2369 magis
1574 2305 1825 2354 caveant.
1858 2300 2171 2373 Capitulum
2206 2312 2393 2363 autem
2426 2309 2513 2364 in-

505 2390 732 2446 ductum
774 2386 1016 2459 loquitur
1048 2386 1118 2443 de
1159 2402 1320 2460 poena
1350 2401 1476 2459 quae
1516 2386 1791 2443 inducitur
1836 2389 1904 2444 ad
1950 2390 2251 2447 vindictam
2298 2400 2511 2466 peccati

507 2484 742 2535 tantum.

573 2566 659 2623 Ad
687 2571 942 2623 octavum
959 2552 1270 2631 dicendum,
1287 2562 1433 2636 quod
1462 2561 1539 2619 illi
1563 2560 1859 2635 dequibus
1888 2565 2223 2635 Augustinus
2245 2567 2510 2642 loquitur,

505 2669 611 2710 non
641 2653 818 2709 solum
839 2652 1433 2724 petebant-necessaria
1455 2651 1650 2731 victuS,
1672 2651 1767 2707 sed
1799 2649 2004 2724 aliquid
2028 2654 2169 2712 ultra
2192 2656 2260 2712 ad
2288 2659 2512 2720 divitias

475 2742 914 2812 —congregandas
945 2756 960 2795 z
988 2754 1091 2796 nec
1119 2737 1392 2795 habebant
1433 2754 1622 2795 veram
1651 2738 2020 2811 sanctitatem,
2049 2742 2144 2798 sed
2171 2744 2508 2805 simulatam.

505 2828 660 2897 Quod
681 2834 843 2901 ‚patet
867 2844 933 2885 ex
957 2828 1060 2883 hoc
1089 2827 1235 2900 quod
1265 2827 1420 2895 dicit,
1453 2828 1599 2900 quod
1632 2847 1657 2879 α
1686 2827 1975 2898 exigebant
1999 2840 2249 2905 sumptus
2281 2833 2512 2895 lucrosae

505 2916 787 2987 egestatis,
821 2925 916 2973 aut
945 2915 1218 2973 simulatae
1249 2917 1487 2996 pretium
1515 2915 1846 2984 sanctitatiS,
1878 2935 1910 2968 α)
1940 2922 1997 2973 et
2020 2917 2124 2976 hoc
2154 2924 2511 2993 proculdubio

503 3004 928 3077 reprehensibile
953 3011 1095 3061 erat.

573 3091 658 3149 Ad
685 3107 886 3149 nonum
914 3093 1224 3163 dicendum,
1257 3090 1405 3165 quod
1442 3090 1822 3150 erubescentia
1855 3108 2071 3167 semper
2103 3104 2188 3155 est
2230 3098 2299 3156 de
2342 3104 2508 3177 turpi,

402 3240 405 3243 ,
475 3190 662 3256 -turpe
718 3191 902 3239 autem
931 3182 1180 3255 ‚pulchro
1227 3180 1521 3254 opponitur
1558 3196 1573 3235 τ
1607 3180 1749 3237 unde
1800 3182 2100 3240 secundum
2144 3185 2511 3248 differentiam

501 3270 712 3346 pulchri
741 3278 958 3344 oportet
988 3272 1237 3342 accipere
1273 3268 1640 3326 differentiam
1684 3270 2037 3342 turpitudinis
2065 3279 2121 3328 et
2152 3275 2389 3334 ruboris.
2420 3280 2513 3336 Est

499 3360 644 3415 enim
671 3359 871 3433 duplex
901 3357 1268 3432 pulchritudo·
1289 3358 1417 3422 ‚Una
1460 3356 1781 3429 spiritualis,
1810 3375 1935 3431 quae
1958 3361 2209 3419 consistit
2239 3364 2293 3420 in
2325 3366 2509 3425 debita

499 3448 843 3504 ordinatione
903 3454 959 3502 et
1013 3444 1290 3503 affluentia
1340 3445 1606 3500 bonorum
1664 3446 2030 3518 spiritualium
2080 3466 2095 3505 z
2153 3453 2295 3508 unde
2351 3469 2512 3512 omne

499 3535 646 3607 quod
693 3534 942 3607 procedit
982 3550 1049 3589 ex
1090 3532 1308 3589 defectu
1357 3531 1659 3605 spiritualis
1698 3532 1844 3599 boni,
1876 3536 1957 3590 vel
2001 3537 2147 3609 quod
2193 3538 2510 3599 interiorem

501 3623 953 3679 inordinationem
997 3621 1256 3687 ostendit,
1298 3621 1694 3692 turpitudinem
1734 3622 1919 3679 habet.
1969 3624 2091 3681 Alia
2134 3632 2221 3682 est
2262 3629 2511 3701 pulchri-

500 3710 633 3765 tudo
676 3712 934 3778 exterior,
980 3725 1105 3782 quae
1145 3708 1398 3765 consistit
1441 3708 1497 3764 in
1540 3708 1725 3766 debita
1769 3711 2111 3768 ordinatione
2155 3718 2423 3789 corporis,
2456 3726 2511 3775 et

463 3846 472 3853 .
503 3794 782 3853 affluentia
809 3797 1140 3863 exteriorum
1165 3812 1369 3865 rerum,
1398 3812 1523 3869 quae
1544 3798 1614 3853 ad
1638 3813 1836 3871 corpus
1860 3801 2202 3859 ordinantur.
2226 3804 2296 3861 Et
2321 3822 2353 3862 e
2376 3822 2510 3864 con-

1148 4048 1184 4075 N
