<?xml version="1.0" encoding="UTF-8"?>
<!DOCTYPE html PUBLIC "-//W3C//DTD XHTML 1.0 Transitional//EN"
    "http://www.w3.org/TR/xhtml1/DTD/xhtml1-transitional.dtd">
<html xmlns="http://www.w3.org/1999/xhtml" xml:lang="en" lang="en">
 <head>
  <title>
</title>
<meta http-equiv="Content-Type" content="text/html;charset=utf-8" />
  <meta name='ocr-system' content='tesseract 3.04.00' />
  <meta name='ocr-capabilities' content='ocr_page ocr_carea ocr_par ocr_line ocrx_word'/>
</head>
<body>
  <div class='ocr_page' id='page_1' title='image "./sthomaquinatisd01thomgoog_0440.png"; bbox 0 0 2784 4392; ppageno 0'>
   <div class='ocr_carea' id='block_1_1' title="bbox 561 269 2099 339">
    <p class='ocr_par' dir='ltr' id='par_1_1' title="bbox 561 269 2099 339">
     <span class='ocr_line' id='line_1_1' title="bbox 561 269 2099 339; baseline 0.001 -6"><span class='ocrx_word' id='word_1_1' title='bbox 561 269 683 333; x_wconf 79' lang='lat'><strong>428</strong></span> <span class='ocrx_word' id='word_1_2' title='bbox 1040 286 1097 335; x_wconf 79' lang='lat' dir='ltr'><strong>a.</strong></span> <span class='ocrx_word' id='word_1_3' title='bbox 1139 284 1376 333; x_wconf 63' lang='lat' dir='ltr'><strong>rnouae</strong></span> <span class='ocrx_word' id='word_1_4' title='bbox 1414 284 1749 339; x_wconf 53' lang='lat' dir='ltr'><strong>sommus</strong></span> <span class='ocrx_word' id='word_1_5' title='bbox 1786 285 2099 335; x_wconf 71' lang='lat' dir='ltr'><strong>oruscuu</strong></span> 
     </span>
    </p>
   </div>
   <div class='ocr_carea' id='block_1_2' title="bbox 562 400 2611 829">
    <p class='ocr_par' dir='ltr' id='par_1_2' title="bbox 562 400 2611 829">
     <span class='ocr_line' id='line_1_2' title="bbox 563 400 2611 475; baseline 0.002 -19"><span class='ocrx_word' id='word_1_6' title='bbox 563 400 795 474; x_wconf 89' lang='lat' dir='ltr'><strong>experti.</strong></span> <span class='ocrx_word' id='word_1_7' title='bbox 827 400 1092 472; x_wconf 83' lang='lat' dir='ltr'><strong>Quaedam</strong></span> <span class='ocrx_word' id='word_1_8' title='bbox 1119 408 1303 459; x_wconf 88' lang='lat' dir='ltr'><strong>autem</strong></span> <span class='ocrx_word' id='word_1_9' title='bbox 1326 402 1436 459; x_wconf 86' lang='lat' dir='ltr'><strong>alia</strong></span> <span class='ocrx_word' id='word_1_10' title='bbox 1466 402 1685 459; x_wconf 89' lang='lat' dir='ltr'><strong>nomina</strong></span> <span class='ocrx_word' id='word_1_11' title='bbox 1708 408 1837 459; x_wconf 84' lang='lat' dir='ltr'><strong>sunt</strong></span> <span class='ocrx_word' id='word_1_12' title='bbox 1866 401 2104 475; x_wconf 88' lang='lat' dir='ltr'><strong>partium</strong></span> <span class='ocrx_word' id='word_1_13' title='bbox 2134 401 2446 475; x_wconf 86' lang='lat' dir='ltr'><strong>legionum,</strong></span> <span class='ocrx_word' id='word_1_14' title='bbox 2480 406 2611 463; x_wconf 85' lang='lat' dir='ltr'><strong>sive</strong></span> 
     </span>
     <span class='ocr_line' id='line_1_3' title="bbox 562 490 2603 566; baseline 0.003 -21"><span class='ocrx_word' id='word_1_15' title='bbox 562 491 856 556; x_wconf 75' lang='lat' dir='ltr'><strong>exercituS,</strong></span> <span class='ocrx_word' id='word_1_16' title='bbox 885 506 1010 566; x_wconf 85' lang='lat' dir='ltr'><strong>quae</strong></span> <span class='ocrx_word' id='word_1_17' title='bbox 1029 506 1062 548; x_wconf 89' lang='lat' dir='ltr'><strong>a</strong></span> <span class='ocrx_word' id='word_1_18' title='bbox 1085 490 1312 563; x_wconf 74' lang='lat' dir='ltr'><strong>Vegetio</strong></span> <span class='ocrx_word' id='word_1_19' title='bbox 1335 490 1630 547; x_wconf 85' lang='lat' dir='ltr'><strong>traduntur</strong></span> <span class='ocrx_word' id='word_1_20' title='bbox 1654 490 1709 546; x_wconf 90' lang='lat' dir='ltr'><strong>in</strong></span> <span class='ocrx_word' id='word_1_21' title='bbox 1730 491 1781 547; x_wconf 90' lang='lat'><strong>11</strong></span> <span class='ocrx_word' id='word_1_22' title='bbox 1806 490 1923 555; x_wconf 70' lang='lat' dir='ltr'><strong>tib„</strong></span> <span class='ocrx_word' id='word_1_23' title='bbox 1953 498 2010 546; x_wconf 91' lang='lat' dir='ltr'><strong>et</strong></span> <span class='ocrx_word' id='word_1_24' title='bbox 2034 491 2104 546; x_wconf 91' lang='lat' dir='ltr'><strong>ab</strong></span> <span class='ocrx_word' id='word_1_25' title='bbox 2128 491 2341 549; x_wconf 81' lang='lat' dir='ltr'><strong>isidoro</strong></span> <span class='ocrx_word' id='word_1_26' title='bbox 2363 492 2468 549; x_wconf 89' lang='lat' dir='ltr'><strong>lib.</strong></span> <span class='ocrx_word' id='word_1_27' title='bbox 2495 495 2603 560; x_wconf 79' lang='lat' dir='ltr'><strong>IX,</strong></span> 
     </span>
     <span class='ocr_line' id='line_1_4' title="bbox 566 562 2605 655; baseline 0.001 -22"><span class='ocrx_word' id='word_1_28' title='bbox 566 586 626 634; x_wconf 88' lang='lat' dir='ltr'><strong>ut</strong></span> <span class='ocrx_word' id='word_1_29' title='bbox 669 579 997 655; x_wconf 87' lang='lat' dir='ltr'><strong>manipulus,</strong></span> <span class='ocrx_word' id='word_1_30' title='bbox 1039 579 1134 652; x_wconf 91' lang='lat' dir='ltr'><strong>qui</strong></span> <span class='ocrx_word' id='word_1_31' title='bbox 1167 562 1251 635; x_wconf 77' lang='lat' dir='ltr'><strong>est</strong></span> <span class='ocrx_word' id='word_1_32' title='bbox 1281 594 1541 635; x_wconf 85' lang='lat' dir='ltr'><strong>numerus</strong></span> <span class='ocrx_word' id='word_1_33' title='bbox 1582 579 1945 636; x_wconf 86' lang='lat' dir='ltr'><strong>ducentorum</strong></span> <span class='ocrx_word' id='word_1_34' title='bbox 1984 579 2245 646; x_wconf 88' lang='lat' dir='ltr'><strong>militum,</strong></span> <span class='ocrx_word' id='word_1_35' title='bbox 2277 581 2363 638; x_wconf 85' lang='lat' dir='ltr'><strong>sic</strong></span> <span class='ocrx_word' id='word_1_36' title='bbox 2410 583 2605 639; x_wconf 86' lang='lat' dir='ltr'><strong>dictus</strong></span> 
     </span>
     <span class='ocr_line' id='line_1_5' title="bbox 565 666 2600 741; baseline 0.001 -18"><span class='ocrx_word' id='word_1_37' title='bbox 565 667 710 740; x_wconf 85' lang='lat' dir='ltr'><strong>quod</strong></span> <span class='ocrx_word' id='word_1_38' title='bbox 752 682 913 725; x_wconf 87' lang='lat' dir='ltr'><strong>mane</strong></span> <span class='ocrx_word' id='word_1_39' title='bbox 948 668 1134 724; x_wconf 87' lang='lat' dir='ltr'><strong>hostes</strong></span> <span class='ocrx_word' id='word_1_40' title='bbox 1157 666 1468 740; x_wconf 79' lang='lat' dir='ltr'>impeteret,</span> <span class='ocrx_word' id='word_1_41' title='bbox 1500 667 1617 725; x_wconf 84' lang='lat' dir='ltr'><strong>sive</strong></span> <span class='ocrx_word' id='word_1_42' title='bbox 1655 668 1804 741; x_wconf 91' lang='lat' dir='ltr'><strong>quod</strong></span> <span class='ocrx_word' id='word_1_43' title='bbox 1834 683 1931 739; x_wconf 90' lang='lat' dir='ltr'><strong>pro</strong></span> <span class='ocrx_word' id='word_1_44' title='bbox 1960 668 2116 739; x_wconf 88' lang='lat' dir='ltr'><strong>signo</strong></span> <span class='ocrx_word' id='word_1_45' title='bbox 2142 670 2465 741; x_wconf 86' lang='lat' dir='ltr'><strong>manipulos</strong></span> <span class='ocrx_word' id='word_1_46' title='bbox 2488 672 2600 727; x_wconf 83' lang='lat' dir='ltr'><strong>sti-</strong></span> 
     </span>
     <span class='ocr_line' id='line_1_6' title="bbox 565 754 2423 829; baseline 0.002 -18"><span class='ocrx_word' id='word_1_47' title='bbox 565 754 726 827; x_wconf 87' lang='lat' dir='ltr'><strong>pulae,</strong></span> <span class='ocrx_word' id='word_1_48' title='bbox 754 756 872 814; x_wconf 87' lang='lat' dir='ltr'><strong>sive</strong></span> <span class='ocrx_word' id='word_1_49' title='bbox 895 757 1126 829; x_wconf 86' lang='lat' dir='ltr'><strong>alicujus</strong></span> <span class='ocrx_word' id='word_1_50' title='bbox 1152 755 1337 813; x_wconf 82' lang='lat' dir='ltr'><strong>herbae</strong></span> <span class='ocrx_word' id='word_1_51' title='bbox 1363 756 1533 813; x_wconf 84' lang='lat' dir='ltr'><strong>ferret</strong></span> <span class='ocrx_word' id='word_1_52' title='bbox 1555 771 1762 824; x_wconf 88' lang='lat' dir='ltr'><strong>secum,</strong></span> <span class='ocrx_word' id='word_1_53' title='bbox 1793 756 1864 813; x_wconf 89' lang='lat' dir='ltr'><strong>de</strong></span> <span class='ocrx_word' id='word_1_54' title='bbox 1893 756 2093 829; x_wconf 87' lang='lat' dir='ltr'><strong>quibus</strong></span> <span class='ocrx_word' id='word_1_55' title='bbox 2115 758 2377 815; x_wconf 83' lang='lat' dir='ltr'><strong>Lucanus</strong></span> <span class='ocrx_word' id='word_1_56' title='bbox 2406 774 2423 814; x_wconf 74' lang='lat' dir='ltr'><em>z</em></span> 
     </span>
    </p>
   </div>
   <div class='ocr_carea' id='block_1_3' title="bbox 941 894 2102 955">
    <p class='ocr_par' dir='ltr' id='par_1_3' title="bbox 941 894 2102 955">
     <span class='ocr_line' id='line_1_7' title="bbox 941 894 2102 955; baseline -0.001 -11"><span class='ocrx_word' id='word_1_57' title='bbox 941 894 1162 945; x_wconf 80' lang='lat' dir='ltr'><strong>Convocat</strong></span> <span class='ocrx_word' id='word_1_58' title='bbox 1181 902 1374 943; x_wconf 74' lang='lat' dir='ltr'><strong>armatos</strong></span> <span class='ocrx_word' id='word_1_59' title='bbox 1393 908 1449 944; x_wconf 86' lang='lat' dir='ltr'><strong>ex</strong></span> <span class='ocrx_word' id='word_1_60' title='bbox 1468 896 1631 955; x_wconf 85' lang='lat' dir='ltr'><strong>templo</strong></span> <span class='ocrx_word' id='word_1_61' title='bbox 1649 897 1707 941; x_wconf 87' lang='lat' dir='ltr'><strong>ad</strong></span> <span class='ocrx_word' id='word_1_62' title='bbox 1725 896 1849 953; x_wconf 76' lang='lat' dir='ltr'><strong>signa</strong></span> <span class='ocrx_word' id='word_1_63' title='bbox 1868 896 2102 955; x_wconf 82' lang='lat' dir='ltr'><strong>maniplos.</strong></span> 
     </span>
    </p>
   </div>
   <div class='ocr_carea' id='block_1_4' title="bbox 565 1022 2663 3925">
    <p class='ocr_par' dir='ltr' id='par_1_4' title="bbox 565 1022 2589 1981">
     <span class='ocr_line' id='line_1_8' title="bbox 571 1022 2587 1097; baseline 0 -17"><span class='ocrx_word' id='word_1_64' title='bbox 571 1022 679 1080; x_wconf 78' lang='lat' dir='ltr'><strong>Alii</strong></span> <span class='ocrx_word' id='word_1_65' title='bbox 711 1030 978 1083; x_wconf 86' lang='lat' dir='ltr'><strong>vocantur</strong></span> <span class='ocrx_word' id='word_1_66' title='bbox 1006 1023 1220 1091; x_wconf 69' lang='lat' dir='ltr'><strong>velites,</strong></span> <span class='ocrx_word' id='word_1_67' title='bbox 1249 1039 1282 1081; x_wconf 86' lang='lat' dir='ltr'><strong>a</strong></span> <span class='ocrx_word' id='word_1_68' title='bbox 1324 1022 1604 1083; x_wconf 83' lang='lat' dir='ltr'><strong>volitando</strong></span> <span class='ocrx_word' id='word_1_69' title='bbox 1630 1022 1766 1080; x_wconf 85' lang='lat' dir='ltr'><strong>dicti</strong></span> <span class='ocrx_word' id='word_1_70' title='bbox 1806 1030 2029 1097; x_wconf 92' lang='lat' dir='ltr'><strong>propter</strong></span> <span class='ocrx_word' id='word_1_71' title='bbox 2064 1039 2222 1081; x_wconf 88' lang='lat' dir='ltr'><strong>suam</strong></span> <span class='ocrx_word' id='word_1_72' title='bbox 2249 1024 2587 1096; x_wconf 69' lang='lat' dir='ltr'><strong>agilitatem.</strong></span> 
     </span>
     <span class='ocr_line' id='line_1_9' title="bbox 565 1110 2589 1185; baseline 0.001 -18"><span class='ocrx_word' id='word_1_73' title='bbox 565 1111 814 1168; x_wconf 84' lang='lat' dir='ltr'><strong>Romana</strong></span> <span class='ocrx_word' id='word_1_74' title='bbox 841 1112 989 1171; x_wconf 88' lang='lat' dir='ltr'><strong>enim</strong></span> <span class='ocrx_word' id='word_1_75' title='bbox 1025 1111 1335 1185; x_wconf 80' lang='lat' dir='ltr'><strong>respublica</strong></span> <span class='ocrx_word' id='word_1_76' title='bbox 1361 1112 1631 1185; x_wconf 86' lang='lat' dir='ltr'><strong>quosdam</strong></span> <span class='ocrx_word' id='word_1_77' title='bbox 1651 1110 1885 1182; x_wconf 89' lang='lat' dir='ltr'><strong>juvenes</strong></span> <span class='ocrx_word' id='word_1_78' title='bbox 1916 1110 2087 1183; x_wconf 86' lang='lat' dir='ltr'><strong>agiles</strong></span> <span class='ocrx_word' id='word_1_79' title='bbox 2114 1111 2354 1170; x_wconf 87' lang='lat' dir='ltr'><strong>habebat</strong></span> <span class='ocrx_word' id='word_1_80' title='bbox 2386 1114 2450 1169; x_wconf 90' lang='lat' dir='ltr'><strong>in</strong></span> <span class='ocrx_word' id='word_1_81' title='bbox 2476 1116 2589 1171; x_wconf 88' lang='lat' dir='ltr'><strong>mi-</strong></span> 
     </span>
     <span class='ocr_line' id='line_1_10' title="bbox 568 1197 2587 1276; baseline 0.003 -23"><span class='ocrx_word' id='word_1_82' title='bbox 568 1198 686 1257; x_wconf 89' lang='lat' dir='ltr'><strong>litia</strong></span> <span class='ocrx_word' id='word_1_83' title='bbox 709 1198 1004 1272; x_wconf 87' lang='lat' dir='ltr'><strong>legionum,</strong></span> <span class='ocrx_word' id='word_1_84' title='bbox 1036 1201 1276 1273; x_wconf 88' lang='lat' dir='ltr'><strong>quicum</strong></span> <span class='ocrx_word' id='word_1_85' title='bbox 1298 1200 1619 1257; x_wconf 82' lang='lat' dir='ltr'><strong>invaderent</strong></span> <span class='ocrx_word' id='word_1_86' title='bbox 1642 1197 1845 1266; x_wconf 86' lang='lat' dir='ltr'><strong>hostes,</strong></span> <span class='ocrx_word' id='word_1_87' title='bbox 1872 1198 2244 1257; x_wconf 78' lang='lat' dir='ltr'><strong>consedebant</strong></span> <span class='ocrx_word' id='word_1_88' title='bbox 2267 1210 2396 1273; x_wconf 87' lang='lat' dir='ltr'><strong>post</strong></span> <span class='ocrx_word' id='word_1_89' title='bbox 2422 1204 2587 1276; x_wconf 89' lang='lat' dir='ltr'><strong>eqni-</strong></span> 
     </span>
     <span class='ocr_line' id='line_1_11' title="bbox 568 1285 2579 1360; baseline 0.001 -17"><span class='ocrx_word' id='word_1_90' title='bbox 568 1294 686 1343; x_wconf 90' lang='lat' dir='ltr'><strong>tum</strong></span> <span class='ocrx_word' id='word_1_91' title='bbox 733 1296 906 1359; x_wconf 83' lang='lat' dir='ltr'><strong>terga,</strong></span> <span class='ocrx_word' id='word_1_92' title='bbox 958 1295 1089 1345; x_wconf 89' lang='lat' dir='ltr'><strong>tunc</strong></span> <span class='ocrx_word' id='word_1_93' title='bbox 1131 1285 1315 1345; x_wconf 88' lang='lat' dir='ltr'><strong>subito</strong></span> <span class='ocrx_word' id='word_1_94' title='bbox 1361 1286 1677 1343; x_wconf 80' lang='lat' dir='ltr'><strong>desilientes</strong></span> <span class='ocrx_word' id='word_1_95' title='bbox 1708 1288 1777 1343; x_wconf 87' lang='lat' dir='ltr'><strong>de</strong></span> <span class='ocrx_word' id='word_1_96' title='bbox 1822 1288 1980 1360; x_wconf 82' lang='lat' dir='ltr'><strong>equis</strong></span> <span class='ocrx_word' id='word_1_97' title='bbox 2033 1288 2332 1345; x_wconf 77' lang='lat' dir='ltr'><strong>turbabant</strong></span> <span class='ocrx_word' id='word_1_98' title='bbox 2371 1291 2579 1349; x_wconf 86' lang='lat' dir='ltr'><strong>hostes.</strong></span> 
     </span>
     <span class='ocr_line' id='line_1_12' title="bbox 567 1374 2583 1444; baseline 0.002 -13"><span class='ocrx_word' id='word_1_99' title='bbox 567 1375 727 1433; x_wconf 89' lang='lat' dir='ltr'><strong>Tales</strong></span> <span class='ocrx_word' id='word_1_100' title='bbox 749 1385 934 1435; x_wconf 88' lang='lat' dir='ltr'><strong>autem</strong></span> <span class='ocrx_word' id='word_1_101' title='bbox 969 1374 1170 1433; x_wconf 87' lang='lat' dir='ltr'><strong>milites</strong></span> <span class='ocrx_word' id='word_1_102' title='bbox 1197 1374 1474 1444; x_wconf 75' lang='lat' dir='ltr'><strong>Annibali,</strong></span> <span class='ocrx_word' id='word_1_103' title='bbox 1499 1382 1558 1431; x_wconf 89' lang='lat' dir='ltr'><strong>ut</strong></span> <span class='ocrx_word' id='word_1_104' title='bbox 1591 1374 1781 1432; x_wconf 77' lang='lat' dir='ltr'><strong>scribit</strong></span> <span class='ocrx_word' id='word_1_105' title='bbox 1810 1376 2069 1443; x_wconf 80' lang='lat' dir='ltr'><strong>Isidorus,</strong></span> <span class='ocrx_word' id='word_1_106' title='bbox 2098 1377 2335 1437; x_wconf 86' lang='lat' dir='ltr'><strong>multum</strong></span> <span class='ocrx_word' id='word_1_107' title='bbox 2357 1378 2583 1437; x_wconf 87' lang='lat' dir='ltr'><strong>fuerunt</strong></span> 
     </span>
     <span class='ocr_line' id='line_1_13' title="bbox 567 1462 2576 1543; baseline 0.001 -22"><span class='ocrx_word' id='word_1_108' title='bbox 567 1463 772 1531; x_wconf 82' lang='lat' dir='ltr'><strong>infesti,</strong></span> <span class='ocrx_word' id='word_1_109' title='bbox 799 1480 896 1538; x_wconf 92' lang='lat' dir='ltr'><strong>per</strong></span> <span class='ocrx_word' id='word_1_110' title='bbox 927 1480 1065 1539; x_wconf 85' lang='lat' dir='ltr'><strong>quos</strong></span> <span class='ocrx_word' id='word_1_111' title='bbox 1091 1462 1367 1537; x_wconf 78' lang='lat' dir='ltr'><strong>elephanti</strong></span> <span class='ocrx_word' id='word_1_112' title='bbox 1404 1464 1524 1536; x_wconf 88' lang='lat' dir='ltr'><strong>ejus</strong></span> <span class='ocrx_word' id='word_1_113' title='bbox 1561 1464 1617 1519; x_wconf 88' lang='lat' dir='ltr'><strong>in</strong></span> <span class='ocrx_word' id='word_1_114' title='bbox 1646 1465 1842 1536; x_wconf 88' lang='lat' dir='ltr'><strong>majori</strong></span> <span class='ocrx_word' id='word_1_115' title='bbox 1864 1472 2022 1537; x_wconf 89' lang='lat' dir='ltr'><strong>parte</strong></span> <span class='ocrx_word' id='word_1_116' title='bbox 2060 1474 2187 1522; x_wconf 88' lang='lat' dir='ltr'><strong>sunt</strong></span> <span class='ocrx_word' id='word_1_117' title='bbox 2211 1467 2531 1543; x_wconf 74' lang='lat' dir='ltr'><strong>interempti</strong></span> <span class='ocrx_word' id='word_1_118' title='bbox 2564 1488 2576 1523; x_wconf 92' lang='lat'>:</span> 
     </span>
     <span class='ocr_line' id='line_1_14' title="bbox 571 1545 2580 1631; baseline 0.002 -22"><span class='ocrx_word' id='word_1_119' title='bbox 571 1552 749 1627; x_wconf 88' lang='lat' dir='ltr'><strong>qualis</strong></span> <span class='ocrx_word' id='word_1_120' title='bbox 795 1545 1036 1611; x_wconf 71' lang='lat' dir='ltr'><strong>fuit&#39;ille</strong></span> <span class='ocrx_word' id='word_1_121' title='bbox 1079 1552 1392 1617; x_wconf 85' lang='lat' dir='ltr'><strong>Eleazarus,</strong></span> <span class='ocrx_word' id='word_1_122' title='bbox 1438 1552 1509 1609; x_wconf 91' lang='lat' dir='ltr'><strong>de</strong></span> <span class='ocrx_word' id='word_1_123' title='bbox 1536 1567 1646 1625; x_wconf 88' lang='lat' dir='ltr'><strong>quo</strong></span> <span class='ocrx_word' id='word_1_124' title='bbox 1676 1552 1912 1611; x_wconf 76' lang='lat' dir='ltr'><strong>traditur</strong></span> <span class='ocrx_word' id='word_1_125' title='bbox 1957 1553 2013 1611; x_wconf 93' lang='lat' dir='ltr'><strong>in</strong></span> <span class='ocrx_word' id='word_1_126' title='bbox 2054 1555 2079 1611; x_wconf 90' lang='lat'>1</span> <span class='ocrx_word' id='word_1_127' title='bbox 2115 1555 2387 1624; x_wconf 66' lang='lat' dir='ltr'><strong>machab„</strong></span> <span class='ocrx_word' id='word_1_128' title='bbox 2434 1560 2580 1631; x_wconf 88' lang='lat' dir='ltr'><strong>quod</strong></span> 
     </span>
     <span class='ocr_line' id='line_1_15' title="bbox 567 1638 2581 1713; baseline 0.002 -16"><span class='ocrx_word' id='word_1_129' title='bbox 567 1640 797 1697; x_wconf 80' lang='lat' dir='ltr'><strong>exiliens</strong></span> <span class='ocrx_word' id='word_1_130' title='bbox 825 1642 879 1697; x_wconf 87' lang='lat' dir='ltr'><strong>in</strong></span> <span class='ocrx_word' id='word_1_131' title='bbox 909 1640 1150 1699; x_wconf 88' lang='lat' dir='ltr'><strong>medium</strong></span> <span class='ocrx_word' id='word_1_132' title='bbox 1179 1638 1409 1712; x_wconf 80' lang='lat' dir='ltr'><strong>legionis</strong></span> <span class='ocrx_word' id='word_1_133' title='bbox 1436 1648 1629 1697; x_wconf 89' lang='lat' dir='ltr'><strong>contra</strong></span> <span class='ocrx_word' id='word_1_134' title='bbox 1657 1648 1840 1697; x_wconf 86' lang='lat' dir='ltr'><strong>castra</strong></span> <span class='ocrx_word' id='word_1_135' title='bbox 1868 1642 2013 1713; x_wconf 88' lang='lat' dir='ltr'><strong>regis</strong></span> <span class='ocrx_word' id='word_1_136' title='bbox 2036 1642 2311 1709; x_wconf 78' lang='lat' dir='ltr'><strong>Antiochi,</strong></span> <span class='ocrx_word' id='word_1_137' title='bbox 2345 1644 2581 1702; x_wconf 86' lang='lat' dir='ltr'><strong>bestiam</strong></span> 
     </span>
     <span class='ocr_line' id='line_1_16' title="bbox 569 1726 2579 1805; baseline 0.002 -20"><span class='ocrx_word' id='word_1_138' title='bbox 569 1728 772 1785; x_wconf 88' lang='lat' dir='ltr'><strong>invasit</strong></span> <span class='ocrx_word' id='word_1_139' title='bbox 811 1728 1218 1802; x_wconf 88' lang='lat' dir='ltr'><strong>elephantinam</strong></span> <span class='ocrx_word' id='word_1_140' title='bbox 1260 1728 1548 1785; x_wconf 81' lang='lat' dir='ltr'><strong>loricatam</strong></span> <span class='ocrx_word' id='word_1_141' title='bbox 1592 1726 1777 1791; x_wconf 86' lang='lat' dir='ltr'><strong>loricis</strong></span> <span class='ocrx_word' id='word_1_142' title='bbox 1804 1730 1979 1800; x_wconf 76' lang='lat' dir='ltr'><strong>regie,</strong></span> <span class='ocrx_word' id='word_1_143' title='bbox 2018 1730 2305 1805; x_wconf 86' lang='lat' dir='ltr'><strong>ipsamque</strong></span> <span class='ocrx_word' id='word_1_144' title='bbox 2345 1732 2579 1790; x_wconf 88' lang='lat' dir='ltr'><strong>bestiam</strong></span> 
     </span>
     <span class='ocr_line' id='line_1_17' title="bbox 569 1816 2580 1893; baseline 0.004 -22"><span class='ocrx_word' id='word_1_145' title='bbox 569 1817 792 1873; x_wconf 89' lang='lat' dir='ltr'><strong>occidit.</strong></span> <span class='ocrx_word' id='word_1_146' title='bbox 817 1817 914 1875; x_wconf 87' lang='lat' dir='ltr'><strong>Est</strong></span> <span class='ocrx_word' id='word_1_147' title='bbox 942 1825 998 1873; x_wconf 87' lang='lat' dir='ltr'><strong>et</strong></span> <span class='ocrx_word' id='word_1_148' title='bbox 1022 1816 1169 1873; x_wconf 89' lang='lat' dir='ltr'><strong>aliud</strong></span> <span class='ocrx_word' id='word_1_149' title='bbox 1199 1831 1371 1888; x_wconf 85' lang='lat' dir='ltr'><strong>genus</strong></span> <span class='ocrx_word' id='word_1_150' title='bbox 1394 1822 1751 1887; x_wconf 83' lang='lat' dir='ltr'><strong>armatorum,</strong></span> <span class='ocrx_word' id='word_1_151' title='bbox 1782 1818 1931 1890; x_wconf 89' lang='lat' dir='ltr'><strong>quod</strong></span> <span class='ocrx_word' id='word_1_152' title='bbox 1954 1818 2103 1889; x_wconf 76' lang='lat' dir='ltr'><strong>acies</strong></span> <span class='ocrx_word' id='word_1_153' title='bbox 2134 1828 2485 1893; x_wconf 88' lang='lat' dir='ltr'><strong>nuncupatur</strong></span> <span class='ocrx_word' id='word_1_154' title='bbox 2512 1823 2580 1881; x_wconf 88' lang='lat' dir='ltr'><strong>ab</strong></span> 
     </span>
     <span class='ocr_line' id='line_1_18' title="bbox 568 1902 2578 1981; baseline 0.004 -20"><span class='ocrx_word' id='word_1_155' title='bbox 568 1907 814 1963; x_wconf 89' lang='lat' dir='ltr'><strong>acuitate</strong></span> <span class='ocrx_word' id='word_1_156' title='bbox 856 1905 1026 1973; x_wconf 88' lang='lat' dir='ltr'><strong>dicta,</strong></span> <span class='ocrx_word' id='word_1_157' title='bbox 1076 1911 1138 1962; x_wconf 89' lang='lat' dir='ltr'><strong>ut</strong></span> <span class='ocrx_word' id='word_1_158' title='bbox 1180 1906 1423 1961; x_wconf 89' lang='lat' dir='ltr'><strong>Isidorus</strong></span> <span class='ocrx_word' id='word_1_159' title='bbox 1467 1905 1621 1972; x_wconf 89' lang='lat' dir='ltr'><strong>dicit,</strong></span> <span class='ocrx_word' id='word_1_160' title='bbox 1680 1905 1826 1979; x_wconf 88' lang='lat' dir='ltr'><strong>quod</strong></span> <span class='ocrx_word' id='word_1_161' title='bbox 1874 1902 2161 1963; x_wconf 84' lang='lat' dir='ltr'><strong>audaciam</strong></span> <span class='ocrx_word' id='word_1_162' title='bbox 2209 1909 2499 1981; x_wconf 86' lang='lat' dir='ltr'><strong>importat,</strong></span> <span class='ocrx_word' id='word_1_163' title='bbox 2547 1930 2578 1970; x_wconf 88' lang='lat' dir='ltr'><strong>a</strong></span> 
     </span>
    </p>

    <p class='ocr_par' dir='ltr' id='par_1_5' title="bbox 567 1992 2577 2424">
     <span class='ocr_line' id='line_1_19' title="bbox 567 1992 2577 2070; baseline 0.004 -22"><span class='ocrx_word' id='word_1_164' title='bbox 567 1993 626 2051; x_wconf 89' lang='lat' dir='ltr'><strong>in</strong></span> <span class='ocrx_word' id='word_1_165' title='bbox 667 1994 1034 2066; x_wconf 87' lang='lat' dir='ltr'><strong>aggrediendo</strong></span> <span class='ocrx_word' id='word_1_166' title='bbox 1070 1992 1274 2059; x_wconf 87' lang='lat' dir='ltr'><strong>hostes,</strong></span> <span class='ocrx_word' id='word_1_167' title='bbox 1317 1992 1388 2048; x_wconf 92' lang='lat' dir='ltr'><strong>de</strong></span> <span class='ocrx_word' id='word_1_168' title='bbox 1430 1994 1525 2066; x_wconf 90' lang='lat' dir='ltr'><strong>qui</strong></span> <span class='ocrx_word' id='word_1_169' title='bbox 1562 1994 1845 2066; x_wconf 85' lang='lat' dir='ltr'><strong>Scriptura</strong></span> <span class='ocrx_word' id='word_1_170' title='bbox 1890 2010 2049 2055; x_wconf 86' lang='lat' dir='ltr'><strong>sacra</strong></span> <span class='ocrx_word' id='word_1_171' title='bbox 2092 1997 2297 2070; x_wconf 83' lang='lat' dir='ltr'><strong>saepius</strong></span> <span class='ocrx_word' id='word_1_172' title='bbox 2338 2001 2577 2058; x_wconf 86' lang='lat' dir='ltr'><strong>mentio-</strong></span> 
     </span>
     <span class='ocr_line' id='line_1_20' title="bbox 568 2080 2575 2161; baseline 0.005 -24"><span class='ocrx_word' id='word_1_173' title='bbox 568 2097 694 2137; x_wconf 87' lang='lat' dir='ltr'><strong>nem</strong></span> <span class='ocrx_word' id='word_1_174' title='bbox 730 2082 862 2137; x_wconf 87' lang='lat' dir='ltr'><strong>facit</strong></span> <span class='ocrx_word' id='word_1_175' title='bbox 907 2096 922 2135; x_wconf 76' lang='grc' dir='ltr'><strong><em>ε</em></strong></span> <span class='ocrx_word' id='word_1_176' title='bbox 960 2081 1106 2139; x_wconf 89' lang='lat' dir='ltr'><strong>unde</strong></span> <span class='ocrx_word' id='word_1_177' title='bbox 1145 2087 1201 2137; x_wconf 85' lang='lat' dir='ltr'><strong>et</strong></span> <span class='ocrx_word' id='word_1_178' title='bbox 1229 2081 1298 2137; x_wconf 89' lang='lat' dir='ltr'><strong>de</strong></span> <span class='ocrx_word' id='word_1_179' title='bbox 1337 2096 1449 2141; x_wconf 87' lang='lat' dir='ltr'><strong>una</strong></span> <span class='ocrx_word' id='word_1_180' title='bbox 1464 2080 1623 2161; x_wconf 37' lang='lat' dir='ltr'><strong>‘tribu</strong></span> <span class='ocrx_word' id='word_1_181' title='bbox 1664 2082 1953 2141; x_wconf 80' lang='lat' dir='ltr'><strong>israelitici</strong></span> <span class='ocrx_word' id='word_1_182' title='bbox 1991 2086 2176 2157; x_wconf 86' lang='lat' dir='ltr'><strong>populi</strong></span> <span class='ocrx_word' id='word_1_183' title='bbox 2220 2088 2484 2147; x_wconf 85' lang='lat' dir='ltr'><strong>scribitur</strong></span> <span class='ocrx_word' id='word_1_184' title='bbox 2523 2094 2575 2149; x_wconf 91' lang='lat' dir='ltr'><strong>in</strong></span> 
     </span>
     <span class='ocr_line' id='line_1_21' title="bbox 571 2167 2575 2248; baseline 0.006 -23"><span class='ocrx_word' id='word_1_185' title='bbox 571 2167 920 2241; x_wconf 66' lang='lat' dir='ltr'><strong>Paralipom„</strong></span> <span class='ocrx_word' id='word_1_186' title='bbox 956 2169 1104 2243; x_wconf 90' lang='lat' dir='ltr'><strong>quod</strong></span> <span class='ocrx_word' id='word_1_187' title='bbox 1141 2168 1565 2242; x_wconf 83' lang='lat' dir='ltr'><strong>egrediebantur</strong></span> <span class='ocrx_word' id='word_1_188' title='bbox 1596 2170 1666 2228; x_wconf 89' lang='lat' dir='ltr'><strong>ad</strong></span> <span class='ocrx_word' id='word_1_189' title='bbox 1692 2187 1931 2243; x_wconf 87' lang='lat' dir='ltr'><strong>pugnam</strong></span> <span class='ocrx_word' id='word_1_190' title='bbox 1967 2172 2022 2229; x_wconf 91' lang='lat' dir='ltr'><strong>in</strong></span> <span class='ocrx_word' id='word_1_191' title='bbox 2059 2174 2179 2231; x_wconf 90' lang='lat' dir='ltr'><strong>acie</strong></span> <span class='ocrx_word' id='word_1_192' title='bbox 2215 2187 2575 2248; x_wconf 88' lang='lat' dir='ltr'><strong>provocantes</strong></span> 
     </span>
     <span class='ocr_line' id='line_1_22' title="bbox 569 2257 2573 2338; baseline 0.004 -23"><span class='ocrx_word' id='word_1_193' title='bbox 569 2264 761 2315; x_wconf 86' lang='lat' dir='ltr'><strong>contra</strong></span> <span class='ocrx_word' id='word_1_194' title='bbox 805 2258 1010 2317; x_wconf 85' lang='lat' dir='ltr'><strong>hostes.</strong></span> <span class='ocrx_word' id='word_1_195' title='bbox 1051 2257 1214 2315; x_wconf 86' lang='lat' dir='ltr'><strong>Aliud</strong></span> <span class='ocrx_word' id='word_1_196' title='bbox 1241 2257 1413 2315; x_wconf 89' lang='lat' dir='ltr'><strong>etiam</strong></span> <span class='ocrx_word' id='word_1_197' title='bbox 1453 2274 1650 2316; x_wconf 90' lang='lat' dir='ltr'><strong>nomen</strong></span> <span class='ocrx_word' id='word_1_198' title='bbox 1686 2266 1792 2329; x_wconf 90' lang='lat' dir='ltr'><strong>est,</strong></span> <span class='ocrx_word' id='word_1_199' title='bbox 1835 2262 1983 2333; x_wconf 88' lang='lat' dir='ltr'><strong>quod</strong></span> <span class='ocrx_word' id='word_1_200' title='bbox 2023 2277 2229 2319; x_wconf 86' lang='lat' dir='ltr'><strong>cuneus</strong></span> <span class='ocrx_word' id='word_1_201' title='bbox 2268 2268 2573 2338; x_wconf 82' lang='lat' dir='ltr'><strong>appellatur</strong></span> 
     </span>
     <span class='ocr_line' id='line_1_23' title="bbox 570 2346 2569 2424; baseline 0.006 -22"><span class='ocrx_word' id='word_1_202' title='bbox 570 2347 728 2419; x_wconf 88' lang='lat' dir='ltr'><strong>quasi</strong></span> <span class='ocrx_word' id='word_1_203' title='bbox 756 2347 954 2415; x_wconf 87' lang='lat' dir='ltr'><strong>coitus,</strong></span> <span class='ocrx_word' id='word_1_204' title='bbox 982 2346 1129 2419; x_wconf 90' lang='lat' dir='ltr'><strong>quod</strong></span> <span class='ocrx_word' id='word_1_205' title='bbox 1158 2355 1243 2403; x_wconf 89' lang='lat' dir='ltr'><strong>est</strong></span> <span class='ocrx_word' id='word_1_206' title='bbox 1271 2347 1326 2405; x_wconf 92' lang='lat' dir='ltr'><strong>in</strong></span> <span class='ocrx_word' id='word_1_207' title='bbox 1353 2363 1518 2403; x_wconf 86' lang='lat' dir='ltr'><strong>unum</strong></span> <span class='ocrx_word' id='word_1_208' title='bbox 1536 2346 1769 2405; x_wconf 85' lang='lat' dir='ltr'><strong>collecta</strong></span> <span class='ocrx_word' id='word_1_209' title='bbox 1794 2348 2086 2409; x_wconf 87' lang='lat' dir='ltr'><strong>multitudo</strong></span> <span class='ocrx_word' id='word_1_210' title='bbox 2110 2350 2179 2406; x_wconf 88' lang='lat' dir='ltr'><strong>ad</strong></span> <span class='ocrx_word' id='word_1_211' title='bbox 2199 2356 2569 2424; x_wconf 88' lang='lat' dir='ltr'><strong>pugnandum,</strong></span> 
     </span>
    </p>

    <p class='ocr_par' dir='ltr' id='par_1_6' title="bbox 568 2434 2571 3567">
     <span class='ocr_line' id='line_1_24' title="bbox 570 2434 2568 2511; baseline 0.005 -20"><span class='ocrx_word' id='word_1_212' title='bbox 570 2440 627 2491; x_wconf 88' lang='lat' dir='ltr'><strong>et</strong></span> <span class='ocrx_word' id='word_1_213' title='bbox 667 2435 905 2491; x_wconf 82' lang='lat' dir='ltr'><strong>maxime</strong></span> <span class='ocrx_word' id='word_1_214' title='bbox 944 2435 1287 2492; x_wconf 87' lang='lat' dir='ltr'><strong>necessarius</strong></span> <span class='ocrx_word' id='word_1_215' title='bbox 1329 2434 1384 2490; x_wconf 90' lang='lat' dir='ltr'><strong>in</strong></span> <span class='ocrx_word' id='word_1_216' title='bbox 1422 2434 1693 2501; x_wconf 88' lang='lat' dir='ltr'><strong>bellando,</strong></span> <span class='ocrx_word' id='word_1_217' title='bbox 1733 2435 1803 2491; x_wconf 90' lang='lat' dir='ltr'><strong>de</strong></span> <span class='ocrx_word' id='word_1_218' title='bbox 1844 2436 2038 2509; x_wconf 89' lang='lat' dir='ltr'><strong>quoin</strong></span> <span class='ocrx_word' id='word_1_219' title='bbox 2078 2438 2304 2495; x_wconf 86' lang='lat' dir='ltr'><strong>Denter.</strong></span> <span class='ocrx_word' id='word_1_220' title='bbox 2349 2441 2568 2511; x_wconf 86' lang='lat' dir='ltr'><strong>dicitur,</strong></span> 
     </span>
     <span class='ocr_line' id='line_1_25' title="bbox 571 2522 2571 2602; baseline 0.005 -24"><span class='ocrx_word' id='word_1_221' title='bbox 571 2522 718 2597; x_wconf 89' lang='lat' dir='ltr'><strong>quod</strong></span> <span class='ocrx_word' id='word_1_222' title='bbox 747 2522 1123 2596; x_wconf 88' lang='lat' dir='ltr'><strong>unusquisque</strong></span> <span class='ocrx_word' id='word_1_223' title='bbox 1146 2537 1275 2579; x_wconf 86' lang='lat' dir='ltr'><strong>suos</strong></span> <span class='ocrx_word' id='word_1_224' title='bbox 1296 2538 1501 2579; x_wconf 88' lang='lat' dir='ltr'><strong>cuneos</strong></span> <span class='ocrx_word' id='word_1_225' title='bbox 1528 2522 1872 2595; x_wconf 83' lang='lat' dir='ltr'><strong>praeparabat</strong></span> <span class='ocrx_word' id='word_1_226' title='bbox 1897 2525 1965 2581; x_wconf 89' lang='lat' dir='ltr'><strong>ad</strong></span> <span class='ocrx_word' id='word_1_227' title='bbox 1990 2524 2210 2593; x_wconf 87' lang='lat' dir='ltr'><strong>bellum,</strong></span> <span class='ocrx_word' id='word_1_228' title='bbox 2242 2544 2275 2584; x_wconf 91' lang='lat' dir='ltr'><strong>a</strong></span> <span class='ocrx_word' id='word_1_229' title='bbox 2299 2545 2409 2602; x_wconf 88' lang='lat' dir='ltr'><strong>quo</strong></span> <span class='ocrx_word' id='word_1_230' title='bbox 2438 2531 2571 2589; x_wconf 81' lang='lat' dir='ltr'><strong>forte</strong></span> 
     </span>
     <span class='ocr_line' id='line_1_26' title="bbox 569 2609 2568 2693; baseline 0.005 -24"><span class='ocrx_word' id='word_1_231' title='bbox 569 2612 960 2669; x_wconf 87' lang='lat' dir='ltr'><strong>conostabulus</strong></span> <span class='ocrx_word' id='word_1_232' title='bbox 1001 2612 1328 2669; x_wconf 88' lang='lat' dir='ltr'><strong>vocabulum</strong></span> <span class='ocrx_word' id='word_1_233' title='bbox 1358 2609 1527 2669; x_wconf 89' lang='lat' dir='ltr'><strong>trahit</strong></span> <span class='ocrx_word' id='word_1_234' title='bbox 1570 2610 1718 2684; x_wconf 88' lang='lat' dir='ltr'><strong>apud</strong></span> <span class='ocrx_word' id='word_1_235' title='bbox 1758 2612 2047 2669; x_wconf 88' lang='lat' dir='ltr'><strong>modernos</strong></span> <span class='ocrx_word' id='word_1_236' title='bbox 2088 2616 2372 2685; x_wconf 86' lang='lat' dir='ltr'><strong>usitatum,</strong></span> <span class='ocrx_word' id='word_1_237' title='bbox 2418 2623 2568 2693; x_wconf 87' lang='lat' dir='ltr'><strong>qnasi</strong></span> 
     </span>
     <span class='ocr_line' id='line_1_27' title="bbox 568 2698 2569 2772; baseline 0.006 -17"><span class='ocrx_word' id='word_1_238' title='bbox 568 2707 735 2772; x_wconf 88' lang='lat' dir='ltr'><strong>caput</strong></span> <span class='ocrx_word' id='word_1_239' title='bbox 755 2700 912 2758; x_wconf 86' lang='lat' dir='ltr'><strong>cunei</strong></span> <span class='ocrx_word' id='word_1_240' title='bbox 934 2699 1168 2767; x_wconf 79' lang='lat' dir='ltr'><strong>stabilis„</strong></span> <span class='ocrx_word' id='word_1_241' title='bbox 1194 2698 1297 2755; x_wconf 85' lang='lat' dir='ltr'><strong>hoc</strong></span> <span class='ocrx_word' id='word_1_242' title='bbox 1315 2706 1402 2755; x_wconf 91' lang='lat' dir='ltr'><strong>est</strong></span> <span class='ocrx_word' id='word_1_243' title='bbox 1417 2700 1718 2756; x_wconf 87' lang='lat' dir='ltr'><strong>constantis</strong></span> <span class='ocrx_word' id='word_1_244' title='bbox 1738 2709 1792 2757; x_wconf 88' lang='lat' dir='ltr'><strong>et</strong></span> <span class='ocrx_word' id='word_1_245' title='bbox 1813 2700 1989 2757; x_wconf 78' lang='lat' dir='ltr'><strong>fortis.</strong></span> <span class='ocrx_word' id='word_1_246' title='bbox 2010 2702 2108 2759; x_wconf 84' lang='lat' dir='ltr'><strong>Est</strong></span> <span class='ocrx_word' id='word_1_247' title='bbox 2130 2709 2183 2760; x_wconf 91' lang='lat' dir='ltr'><strong>et</strong></span> <span class='ocrx_word' id='word_1_248' title='bbox 2205 2704 2355 2763; x_wconf 88' lang='lat' dir='ltr'><strong>aliud</strong></span> <span class='ocrx_word' id='word_1_249' title='bbox 2378 2724 2569 2767; x_wconf 88' lang='lat' dir='ltr'><strong>nomen</strong></span> 
     </span>
     <span class='ocr_line' id='line_1_28' title="bbox 571 2786 2569 2863; baseline 0.008 -22"><span class='ocrx_word' id='word_1_250' title='bbox 571 2802 773 2842; x_wconf 87' lang='lat' dir='ltr'><strong>novum</strong></span> <span class='ocrx_word' id='word_1_251' title='bbox 797 2786 942 2860; x_wconf 89' lang='lat' dir='ltr'><strong>apud</strong></span> <span class='ocrx_word' id='word_1_252' title='bbox 970 2788 1176 2843; x_wconf 89' lang='lat' dir='ltr'><strong>Tuscos</strong></span> <span class='ocrx_word' id='word_1_253' title='bbox 1199 2786 1267 2841; x_wconf 91' lang='lat' dir='ltr'><strong>de</strong></span> <span class='ocrx_word' id='word_1_254' title='bbox 1295 2787 1471 2860; x_wconf 87' lang='lat' dir='ltr'><strong>prima</strong></span> <span class='ocrx_word' id='word_1_255' title='bbox 1499 2786 1741 2857; x_wconf 86' lang='lat' dir='ltr'><strong>cohorte,</strong></span> <span class='ocrx_word' id='word_1_256' title='bbox 1770 2797 1825 2847; x_wconf 91' lang='lat' dir='ltr'><strong>et</strong></span> <span class='ocrx_word' id='word_1_257' title='bbox 1853 2790 2011 2863; x_wconf 88' lang='lat' dir='ltr'><strong>quasi</strong></span> <span class='ocrx_word' id='word_1_258' title='bbox 2040 2792 2285 2863; x_wconf 86' lang='lat' dir='ltr'><strong>ejusdem</strong></span> <span class='ocrx_word' id='word_1_259' title='bbox 2315 2796 2569 2857; x_wconf 86' lang='lat' dir='ltr'><strong>Romanae</strong></span> 
     </span>
     <span class='ocr_line' id='line_1_29' title="bbox 569 2869 2566 2951; baseline 0.007 -24"><span class='ocrx_word' id='word_1_260' title='bbox 569 2869 811 2928; x_wconf 88' lang='lat' dir='ltr'><strong>cohortis</strong></span> <span class='ocrx_word' id='word_1_261' title='bbox 843 2871 1257 2938; x_wconf 79' lang='lat' dir='ltr'><strong>similitudinem</strong></span> <span class='ocrx_word' id='word_1_262' title='bbox 1285 2887 1497 2943; x_wconf 84' lang='lat' dir='ltr'><strong>gerens,</strong></span> <span class='ocrx_word' id='word_1_263' title='bbox 1531 2889 1641 2946; x_wconf 87' lang='lat' dir='ltr'><strong>qua</strong></span> <span class='ocrx_word' id='word_1_264' title='bbox 1664 2890 1848 2942; x_wconf 88' lang='lat' dir='ltr'><strong>censu,</strong></span> <span class='ocrx_word' id='word_1_265' title='bbox 1876 2892 2093 2947; x_wconf 88' lang='lat' dir='ltr'><strong>genere,</strong></span> <span class='ocrx_word' id='word_1_266' title='bbox 2126 2877 2347 2949; x_wconf 88' lang='lat' dir='ltr'><strong>litteris,</strong></span> <span class='ocrx_word' id='word_1_267' title='bbox 2378 2883 2566 2951; x_wconf 85' lang='lat' dir='ltr'><strong>forma,</strong></span> 
     </span>
     <span class='ocr_line' id='line_1_30' title="bbox 569 2958 2569 3039; baseline 0.008 -24"><span class='ocrx_word' id='word_1_268' title='bbox 569 2959 776 3015; x_wconf 87' lang='lat' dir='ltr'><strong>virtute</strong></span> <span class='ocrx_word' id='word_1_269' title='bbox 813 2958 1077 3031; x_wconf 91' lang='lat' dir='ltr'><strong>pollentes</strong></span> <span class='ocrx_word' id='word_1_270' title='bbox 1106 2958 1308 3026; x_wconf 83' lang='lat' dir='ltr'><strong>milites</strong></span> <span class='ocrx_word' id='word_1_271' title='bbox 1335 2959 1728 3031; x_wconf 87' lang='lat' dir='ltr'><strong>innitebantur,</strong></span> <span class='ocrx_word' id='word_1_272' title='bbox 1769 2970 1831 3019; x_wconf 90' lang='lat' dir='ltr'><strong>ut</strong></span> <span class='ocrx_word' id='word_1_273' title='bbox 1866 2963 2002 3019; x_wconf 88' lang='lat' dir='ltr'><strong>dicit</strong></span> <span class='ocrx_word' id='word_1_274' title='bbox 2031 2966 2309 3039; x_wconf 77' lang='lat' dir='ltr'><strong>vegetius,</strong></span> <span class='ocrx_word' id='word_1_275' title='bbox 2342 2973 2432 3029; x_wconf 91' lang='lat' dir='ltr'><strong>cui</strong></span> <span class='ocrx_word' id='word_1_276' title='bbox 2470 2974 2569 3030; x_wconf 88' lang='lat' dir='ltr'><strong>tri-</strong></span> 
     </span>
     <span class='ocr_line' id='line_1_31' title="bbox 568 3046 2569 3127; baseline 0.007 -22"><span class='ocrx_word' id='word_1_277' title='bbox 568 3046 749 3105; x_wconf 89' lang='lat' dir='ltr'><strong>bunus</strong></span> <span class='ocrx_word' id='word_1_278' title='bbox 774 3053 1008 3121; x_wconf 77' lang='lat' dir='ltr'><strong>praeerat</strong></span> <span class='ocrx_word' id='word_1_279' title='bbox 1031 3062 1306 3105; x_wconf 88' lang='lat' dir='ltr'><strong>armorum</strong></span> <span class='ocrx_word' id='word_1_280' title='bbox 1330 3048 1577 3117; x_wconf 89' lang='lat' dir='ltr'><strong>scientia,</strong></span> <span class='ocrx_word' id='word_1_281' title='bbox 1612 3051 1817 3107; x_wconf 82' lang='lat' dir='ltr'><strong>virtute</strong></span> <span class='ocrx_word' id='word_1_282' title='bbox 1840 3054 2105 3127; x_wconf 87' lang='lat' dir='ltr'><strong>corporis,</strong></span> <span class='ocrx_word' id='word_1_283' title='bbox 2133 3071 2201 3113; x_wconf 88' lang='lat' dir='ltr'><strong>ac</strong></span> <span class='ocrx_word' id='word_1_284' title='bbox 2222 3074 2437 3117; x_wconf 88' lang='lat' dir='ltr'><strong>morum</strong></span> <span class='ocrx_word' id='word_1_285' title='bbox 2471 3062 2569 3119; x_wconf 93' lang='lat' dir='ltr'><strong>ho-</strong></span> 
     </span>
     <span class='ocr_line' id='line_1_32' title="bbox 568 3134 2569 3215; baseline 0.006 -20"><span class='ocrx_word' id='word_1_286' title='bbox 568 3144 784 3195; x_wconf 80' lang='lat' dir='ltr'><strong>nestate</strong></span> <span class='ocrx_word' id='word_1_287' title='bbox 806 3134 1132 3209; x_wconf 75' lang='lat' dir='ltr'><strong>praecipuus,</strong></span> <span class='ocrx_word' id='word_1_288' title='bbox 1151 3144 1320 3209; x_wconf 86' lang='lat' dir='ltr'><strong>quam</strong></span> <span class='ocrx_word' id='word_1_289' title='bbox 1337 3136 1628 3209; x_wconf 88' lang='lat' dir='ltr'><strong>trapellum</strong></span> <span class='ocrx_word' id='word_1_290' title='bbox 1646 3137 1855 3207; x_wconf 86' lang='lat' dir='ltr'><strong>dicunt,</strong></span> <span class='ocrx_word' id='word_1_291' title='bbox 1874 3143 1945 3198; x_wconf 90' lang='lat' dir='ltr'><strong>ad</strong></span> <span class='ocrx_word' id='word_1_292' title='bbox 1966 3142 2407 3215; x_wconf 87' lang='lat' dir='ltr'><strong>performandum</strong></span> <span class='ocrx_word' id='word_1_293' title='bbox 2430 3152 2569 3208; x_wconf 85' lang='lat' dir='ltr'><strong>acies</strong></span> 
     </span>
     <span class='ocr_line' id='line_1_33' title="bbox 569 3223 2565 3305; baseline 0.006 -24"><span class='ocrx_word' id='word_1_294' title='bbox 569 3223 812 3281; x_wconf 87' lang='lat' dir='ltr'><strong>hostium</strong></span> <span class='ocrx_word' id='word_1_295' title='bbox 839 3224 1112 3299; x_wconf 90' lang='lat' dir='ltr'><strong>appellata</strong></span> <span class='ocrx_word' id='word_1_296' title='bbox 1143 3241 1156 3277; x_wconf 91' lang='lat'>:</span> <span class='ocrx_word' id='word_1_297' title='bbox 1185 3223 1288 3281; x_wconf 90' lang='lat' dir='ltr'><strong>hoc</strong></span> <span class='ocrx_word' id='word_1_298' title='bbox 1314 3225 1461 3281; x_wconf 88' lang='lat' dir='ltr'><strong>enim</strong></span> <span class='ocrx_word' id='word_1_299' title='bbox 1486 3225 1712 3283; x_wconf 89' lang='lat' dir='ltr'><strong>verbum</strong></span> <span class='ocrx_word' id='word_1_300' title='bbox 1742 3228 2138 3301; x_wconf 87' lang='lat' dir='ltr'><strong>trapellationis</strong></span> <span class='ocrx_word' id='word_1_301' title='bbox 2164 3233 2454 3305; x_wconf 66' lang='lat' dir='ltr'><strong>importat:</strong></span> <span class='ocrx_word' id='word_1_302' title='bbox 2468 3238 2565 3295; x_wconf 90' lang='lat' dir='ltr'><strong>Sed</strong></span> 
     </span>
     <span class='ocr_line' id='line_1_34' title="bbox 570 3313 2564 3393; baseline 0.008 -25"><span class='ocrx_word' id='word_1_303' title='bbox 570 3320 626 3369; x_wconf 89' lang='lat' dir='ltr'><strong>et</strong></span> <span class='ocrx_word' id='word_1_304' title='bbox 668 3314 738 3370; x_wconf 89' lang='lat' dir='ltr'><strong>de</strong></span> <span class='ocrx_word' id='word_1_305' title='bbox 775 3313 1100 3371; x_wconf 88' lang='lat' dir='ltr'><strong>officialibus</strong></span> <span class='ocrx_word' id='word_1_306' title='bbox 1125 3321 1432 3371; x_wconf 88' lang='lat' dir='ltr'><strong>castrorum</strong></span> <span class='ocrx_word' id='word_1_307' title='bbox 1475 3314 1649 3372; x_wconf 87' lang='lat' dir='ltr'><strong>multa</strong></span> <span class='ocrx_word' id='word_1_308' title='bbox 1686 3316 1855 3373; x_wconf 87' lang='lat' dir='ltr'><strong>tradit</strong></span> <span class='ocrx_word' id='word_1_309' title='bbox 1889 3317 2146 3391; x_wconf 83' lang='lat' dir='ltr'><strong>vegetius</strong></span> <span class='ocrx_word' id='word_1_310' title='bbox 2184 3322 2237 3377; x_wconf 89' lang='lat' dir='ltr'><strong>in</strong></span> <span class='ocrx_word' id='word_1_311' title='bbox 2270 3323 2295 3379; x_wconf 90' lang='lat'>1</span> <span class='ocrx_word' id='word_1_312' title='bbox 2332 3323 2448 3393; x_wconf 69' lang='lat' dir='ltr'><strong>lib„</strong></span> <span class='ocrx_word' id='word_1_313' title='bbox 2476 3326 2564 3383; x_wconf 88' lang='lat' dir='ltr'><strong>sed</strong></span> 
     </span>
     <span class='ocr_line' id='line_1_35' title="bbox 569 3401 2565 3485; baseline 0.008 -28"><span class='ocrx_word' id='word_1_314' title='bbox 569 3401 690 3459; x_wconf 83' lang='lat' dir='ltr'><strong>haec</strong></span> <span class='ocrx_word' id='word_1_315' title='bbox 720 3418 846 3476; x_wconf 84' lang='lat' dir='ltr'><strong>quae</strong></span> <span class='ocrx_word' id='word_1_316' title='bbox 869 3402 1017 3459; x_wconf 87' lang='lat' dir='ltr'><strong>dieta</strong></span> <span class='ocrx_word' id='word_1_317' title='bbox 1045 3408 1173 3458; x_wconf 90' lang='lat' dir='ltr'><strong>sunt</strong></span> <span class='ocrx_word' id='word_1_318' title='bbox 1201 3401 1304 3459; x_wconf 88' lang='lat' dir='ltr'><strong>sub</strong></span> <span class='ocrx_word' id='word_1_319' title='bbox 1331 3403 1672 3477; x_wconf 89' lang='lat' dir='ltr'><strong>compendio,</strong></span> <span class='ocrx_word' id='word_1_320' title='bbox 1705 3403 1775 3460; x_wconf 90' lang='lat' dir='ltr'><strong>ad</strong></span> <span class='ocrx_word' id='word_1_321' title='bbox 1806 3420 2045 3477; x_wconf 80' lang='lat' dir='ltr'><strong>praesens</strong></span> <span class='ocrx_word' id='word_1_322' title='bbox 2072 3409 2365 3480; x_wconf 86' lang='lat' dir='ltr'><strong>sufficiant,</strong></span> <span class='ocrx_word' id='word_1_323' title='bbox 2398 3429 2565 3485; x_wconf 82' lang='lat' dir='ltr'><strong>quan-</strong></span> 
     </span>
     <span class='ocr_line' id='line_1_36' title="bbox 573 3490 2235 3567; baseline 0.007 -24"><span class='ocrx_word' id='word_1_324' title='bbox 573 3495 690 3547; x_wconf 87' lang='lat' dir='ltr'><strong>tum</strong></span> <span class='ocrx_word' id='word_1_325' title='bbox 715 3490 952 3562; x_wconf 87' lang='lat' dir='ltr'><strong>pertinet</strong></span> <span class='ocrx_word' id='word_1_326' title='bbox 981 3490 1049 3546; x_wconf 86' lang='lat' dir='ltr'><strong>ad</strong></span> <span class='ocrx_word' id='word_1_327' title='bbox 1079 3490 1284 3564; x_wconf 83' lang='lat' dir='ltr'><strong>politiae</strong></span> <span class='ocrx_word' id='word_1_328' title='bbox 1310 3497 1607 3550; x_wconf 73' lang='lat' dir='ltr'><strong>tractatum</strong></span> <span class='ocrx_word' id='word_1_329' title='bbox 1636 3491 1693 3547; x_wconf 89' lang='lat' dir='ltr'><strong>iu</strong></span> <span class='ocrx_word' id='word_1_330' title='bbox 1719 3490 1825 3549; x_wconf 92' lang='lat' dir='ltr'><strong>hoc</strong></span> <span class='ocrx_word' id='word_1_331' title='bbox 1852 3501 2051 3567; x_wconf 84' lang='lat' dir='ltr'><strong>quarto</strong></span> <span class='ocrx_word' id='word_1_332' title='bbox 2076 3496 2235 3555; x_wconf 83' lang='lat' dir='ltr'><strong>libre.</strong></span> 
     </span>
    </p>

    <p class='ocr_par' dir='ltr' id='par_1_7' title="bbox 568 3578 2663 3925">
     <span class='ocr_line' id='line_1_37' title="bbox 642 3578 2563 3662; baseline 0.007 -27"><span class='ocrx_word' id='word_1_333' title='bbox 642 3578 836 3635; x_wconf 88' lang='lat' dir='ltr'><strong>Restat</strong></span> <span class='ocrx_word' id='word_1_334' title='bbox 866 3578 1096 3635; x_wconf 86' lang='lat' dir='ltr'><strong>ulterius</strong></span> <span class='ocrx_word' id='word_1_335' title='bbox 1121 3580 1190 3635; x_wconf 89' lang='lat' dir='ltr'><strong>de</strong></span> <span class='ocrx_word' id='word_1_336' title='bbox 1218 3580 1529 3652; x_wconf 87' lang='lat' dir='ltr'><strong>principatu</strong></span> <span class='ocrx_word' id='word_1_337' title='bbox 1569 3581 1930 3652; x_wconf 85' lang='lat' dir='ltr'><strong>oeconomico,</strong></span> <span class='ocrx_word' id='word_1_338' title='bbox 1955 3583 2059 3651; x_wconf 78' lang='lat' dir='ltr'><strong>hoc</strong></span> <span class='ocrx_word' id='word_1_339' title='bbox 2083 3591 2168 3642; x_wconf 88' lang='lat' dir='ltr'><strong>est</strong></span> <span class='ocrx_word' id='word_1_340' title='bbox 2208 3586 2277 3643; x_wconf 92' lang='lat' dir='ltr'><strong>de</strong></span> <span class='ocrx_word' id='word_1_341' title='bbox 2314 3588 2563 3662; x_wconf 87' lang='lat' dir='ltr'><strong>regimine</strong></span> 
     </span>
     <span class='ocr_line' id='line_1_38' title="bbox 571 3666 2567 3747; baseline 0.007 -24"><span class='ocrx_word' id='word_1_342' title='bbox 571 3666 792 3741; x_wconf 63' lang='lat' dir='ltr'><strong>domus„</strong></span> <span class='ocrx_word' id='word_1_343' title='bbox 812 3667 959 3739; x_wconf 91' lang='lat' dir='ltr'><strong>quod</strong></span> <span class='ocrx_word' id='word_1_344' title='bbox 986 3675 1070 3723; x_wconf 87' lang='lat' dir='ltr'><strong>est</strong></span> <span class='ocrx_word' id='word_1_345' title='bbox 1095 3669 1264 3739; x_wconf 88' lang='lat' dir='ltr'><strong>patris</strong></span> <span class='ocrx_word' id='word_1_346' title='bbox 1287 3667 1543 3733; x_wconf 81' lang='lat' dir='ltr'><strong>familias,</strong></span> <span class='ocrx_word' id='word_1_347' title='bbox 1572 3670 1668 3742; x_wconf 88' lang='lat' dir='ltr'><strong>qui</strong></span> <span class='ocrx_word' id='word_1_348' title='bbox 1696 3671 1919 3747; x_wconf 88' lang='lat' dir='ltr'><strong>quidem</strong></span> <span class='ocrx_word' id='word_1_349' title='bbox 1948 3673 2236 3733; x_wconf 82' lang='lat' dir='ltr'><strong>materiam</strong></span> <span class='ocrx_word' id='word_1_350' title='bbox 2264 3674 2429 3735; x_wconf 84' lang='lat' dir='ltr'><strong>habet</strong></span> <span class='ocrx_word' id='word_1_351' title='bbox 2450 3694 2567 3735; x_wconf 89' lang='lat' dir='ltr'><strong>om-</strong></span> 
     </span>
     <span class='ocr_line' id='line_1_39' title="bbox 571 3748 2581 3835; baseline 0.009 -27"><span class='ocrx_word' id='word_1_352' title='bbox 571 3754 701 3809; x_wconf 87' lang='lat' dir='ltr'><strong>nino</strong></span> <span class='ocrx_word' id='word_1_353' title='bbox 725 3754 1043 3813; x_wconf 89' lang='lat' dir='ltr'><strong>distinctam</strong></span> <span class='ocrx_word' id='word_1_354' title='bbox 1069 3756 1138 3812; x_wconf 90' lang='lat' dir='ltr'><strong>ab</strong></span> <span class='ocrx_word' id='word_1_355' title='bbox 1169 3754 1292 3813; x_wconf 87' lang='lat' dir='ltr'><strong>aliis</strong></span> <span class='ocrx_word' id='word_1_356' title='bbox 1321 3756 1738 3828; x_wconf 77' lang='lat' dir='ltr'><strong>principatibus,</strong></span> <span class='ocrx_word' id='word_1_357' title='bbox 1764 3759 1835 3817; x_wconf 87' lang='lat' dir='ltr'><strong>Et</strong></span> <span class='ocrx_word' id='word_1_358' title='bbox 1862 3759 1985 3817; x_wconf 93' lang='lat' dir='ltr'><strong>ideo</strong></span> <span class='ocrx_word' id='word_1_359' title='bbox 2022 3775 2327 3835; x_wconf 84' lang='lat' dir='ltr'><strong>congruum</strong></span> <span class='ocrx_word' id='word_1_360' title='bbox 2361 3748 2581 3825; x_wconf 77' lang='lat' dir='ltr'><strong>videtur&#39;</strong></span> 
     </span>
     <span class='ocr_line' id='line_1_40' title="bbox 568 3834 2663 3925; baseline 0.011 -33"><span class='ocrx_word' id='word_1_361' title='bbox 568 3837 677 3895; x_wconf 41' lang='lat' dir='ltr'><strong>&gt;hoc</strong></span> <span class='ocrx_word' id='word_1_362' title='bbox 704 3856 799 3913; x_wconf 89' lang='lat' dir='ltr'><strong>per</strong></span> <span class='ocrx_word' id='word_1_363' title='bbox 821 3858 880 3899; x_wconf 86' lang='lat' dir='ltr'><strong>se</strong></span> <span class='ocrx_word' id='word_1_364' title='bbox 899 3858 1036 3915; x_wconf 86' lang='lat' dir='ltr'><strong>opus</strong></span> <span class='ocrx_word' id='word_1_365' title='bbox 1058 3834 1403 3915; x_wconf 78' lang='lat' dir='ltr'><strong>componere,</strong></span> <span class='ocrx_word' id='word_1_366' title='bbox 1430 3842 1814 3917; x_wconf 84' lang='lat' dir='ltr'><strong>distinguendo</strong></span> <span class='ocrx_word' id='word_1_367' title='bbox 1839 3864 1935 3920; x_wconf 88' lang='lat' dir='ltr'><strong>per</strong></span> <span class='ocrx_word' id='word_1_368' title='bbox 1958 3848 2127 3909; x_wconf 86' lang='lat' dir='ltr'><strong>libros</strong></span> <span class='ocrx_word' id='word_1_369' title='bbox 2144 3850 2263 3913; x_wconf 77' lang='lat' dir='ltr'><strong>sive</strong></span> <span class='ocrx_word' id='word_1_370' title='bbox 2282 3858 2556 3925; x_wconf 78' lang='lat' dir='ltr'><strong>tractatus,</strong></span> <span class='ocrx_word' id='word_1_371' title='bbox 2656 3886 2663 3895; x_wconf 93' lang='lat'><strong>·</strong></span> 
     </span>
    </p>
   </div>
  </div>
 </body>
</html>
