2784 4392
751 280 861 325 xv.
891 296 973 311 -·-
996 280 1077 325 mr
1119 266 1423 325 uirorumn
1464 282 1800 325 enmmruu
2152 266 2277 327 397

183 458 188 462 ,
263 411 485 466 munes,
519 413 646 471 quae
671 395 1543 470 bellatoribus.dispensabantur3
1566 397 1834 471 quasdam
1857 413 1988 454 vero
2012 399 2279 473 propriae,

263 502 398 560 quae
428 486 682 559 agricolis
713 485 1073 543 debebantur.
1104 486 1425 543 Artificibus
1445 500 1578 543 vero
1613 486 1745 542 nihil
1784 483 2185 558 assignabatur‚
2218 505 2283 546 eo

263 576 417 649 quod
447 592 513 631 ex
538 583 656 632 arte
681 574 1012 631 sufficienter
1038 574 1224 630 vivere
1250 566 1493 647 possent.
1523 574 1628 631 Sed
1656 574 1775 631 haec
1804 574 2020 642 divisio,
2058 577 2158 633 etsi
2192 577 2281 632 in-

263 664 546 721 sufficiens
573 664 862 721 videbatur
891 663 946 719 in
978 662 1186 729 multis,
1221 663 1275 718 in
1305 671 1573 737 quantum
1605 671 1789 719 tamen
1817 663 1887 721 ad
1913 663 2123 737 aliquid
2164 665 2284 721 lau-

264 752 469 811 dabilis
508 758 644 820 erat,
689 752 744 809 in
781 767 848 809 eo
893 751 1149 808 videlicet
1175 751 1324 825 quod
1365 752 1568 823 diyinae
1615 752 1940 814 reverentiae
1980 753 2281 811 deferebat.

265 842 446 911 Quam
475 842 698 913 quidem
742 849 798 899 et
818 842 945 913 jure
987 846 1200 897 naturae
1237 847 1293 897 et
1315 840 1442 911 jure
1470 841 1657 897 divino
1694 841 1991 911 debemus;
2032 844 2114 899 sic
2142 843 2284 899 enim

265 948 389 987 mos
435 932 539 987 suit
585 930 732 1004 apud
779 930 1034 1003 antiquos
1073 930 1367 996 Romanos,
1419 930 1510 985 ubi
1558 930 1733 1001 viguit
1780 931 2090 1005 disciplina.
2130 934 2286 990 Unde

267 1020 411 1077 Gen.
457 1035 638 1085 xcvii,
683 1018 961 1086 scribitur,
997 1018 1142 1091 quod
1173 1024 1290 1075 tota
1335 1024 1483 1075 terra
1519 1018 1739 1092 AEgypti
1779 1019 2100 1077 imminente
2142 1021 2285 1077 fame

269 1117 517 1181 tempore
543 1108 763 1179 loseph,
797 1108 854 1163 in
887 1108 1210 1163 servitutem
1249 1104 1472 1163 redacta
1512 1114 1598 1163 est
1641 1108 1803 1179 regis,
1839 1118 2037 1181 praeter
2082 1116 2282 1165 terram
2352 1124 2357 1129 ·

267 1196 639 1265 sacerdotum,
685 1211 811 1268 quae
848 1195 1106 1253 videlicet
1139 1195 1222 1250 sic
1247 1201 1368 1251 erat
1398 1196 1651 1252 dedicata
1683 1196 1819 1263 Deo,
1866 1197 2013 1270 quo'd
2056 1198 2281 1253 alienari
2366 1259 2372 1265 ,

267 1300 377 1340 non
404 1291 640 1357 poterat,
677 1285 822 1340 sicut
859 1298 962 1340 nec
995 1283 1160 1339 hodie
1189 1284 1564 1356 possessiones
1590 1284 1873 1352 Ecclesiae,
1907 1287 2011 1341 nisi
2050 1288 2283 1356 multum

270 1373 530 1447 legitimis
559 1372 796 1430 casibus.
827 1372 1184 1445 Philosophus
1209 1372 1378 1427 etiam
1408 1371 1574 1429 refert
1614 1372 1667 1427 in
1710 1388 1809 1429 sua
1838 1373 2097 1446 Metaph„
2137 1377 2281 1448 quod

269 1463 510 1535 AEgyptii
541 1463 759 1518 fuerunt
784 1462 855 1518 de
884 1461 1076 1533 primis
1104 1460 1461 1533 philosophiae
1488 1461 1811 1518 vacantibus
1834 1470 1890 1517 et
1920 1465 2193 1535 praecipue
2228 1465 2281 1518 in

270 1548 676 1606 mathematicis
704 1546 934 1616 artibus,
973 1548 1129 1617 quus
1162 1547 1432 1602 rationem
1456 1547 1719 1616 assignat,
1751 1548 1881 1620 quia
1909 1564 2042 1618 gens
2066 1549 2159 1605 illa
2189 1566 2284 1606 sa·-

269 1635 566 1693 cerdotalis
594 1634 714 1707 plus
732 1650 930 1691 vacare
952 1635 1220 1707 permissa
1239 1640 1436 1713 est,‚ex
1457 1632 1794 1690 abundantia
1816 1635 2071 1692 videlicet
2094 1654 2281 1694 eorum

271 1740 438 1799 quam
465 1723 738 1781 habebant
765 1738 832 1777 ex
875 1721 1308 1795 possessionibus
1331 1721 1415 1777 eis
1442 1722 1735 1791 concessis,
1781 1738 1880 1795 per
1908 1740 2035 1796 quae
2074 1725 2282 1782 tollitur

271 1813 581 1871 sollicitudo
621 1812 677 1867 in
719 1811 1017 1885 quaerendo
1059 1810 1290 1879 victum;
1323 1817 1381 1865 et
1412 1809 1665 1884 quamvis
1702 1810 1790 1867 lex
1822 1812 2060 1870 Mosaica
2094 1815 2285 1886 prohi-

273 1905 400 1960 beat
440 1892 842 1959 sacerdotibus
875 1901 1019 1955 inter
1060 1899 1261 1955 fratres
1303 1913 1434 1955 suos
1474 1900 1847 1971 possessiones
1889 1901 2109 1971 habere,
2161 1906 2283 1976 plus

275 2000 456 2049 tamen
479 1990 686 2048 eisdem
710 1990 997 2055 concessit,
1028 1987 1158 2044 dum
1183 1988 1426 2043 omnium
1451 1988 1654 2045 civium
1680 1992 2052 2061 possessiones
2073 1994 2125 2047 in
2152 2010 2283 2066 par-

272 2089 384 2149 ,tem
409 2082 686 2137 fructuum
717 2078 1041 2151 percipiunt,
1073 2076 1330 2134 videlicet
1359 2076 1715 2133 decimarum.
1750 2079 1901 2135 Unde
1929 2081 2161 2141 Malach.
2193 2100 2279 2152 ιιι,

273 2168 530 2225 scribitur
571 2185 585 2221 :
627 2165 855 2235 Afferte,
901 2163 1099 2235 inquit,
1143 2179 1343 2218 ornnem
1379 2164 1802 2231 decimationem,
1842 2173 1905 2223 ut
1932 2167 2001 2223 sit
2039 2168 2186 2225 'cibus
2222 2171 2281 2226 in

274 2258 424 2313 domo
449 2272 588 2320 mea,
612 2259 670 2308 et
692 2253 760 2308 de
784 2252 888 2308 hoc
915 2250 1073 2323 quasi
1103 2252 1171 2305 de
1198 2266 1362 2322 opere
1393 2249 1655 2322 perfectae
1676 2253 1910 2323 justitiae
1937 2270 1997 2310 se
2023 2255 2112 2312 ille
2136 2259 2283 2315 Pha-

276 2346 466 2401 risaeus
490 2342 701 2399 extollit
738 2341 792 2396 in
816 2342 966 2396 Luca
997 2356 1012 2394 τ
1042 2338 1300 2404 Decimae,
1334 2339 1536 2412 inquit,
1568 2340 1654 2405 do,
1688 2340 1944 2402 videlicet
1972 2347 2281 2402 sacerdoti-

276 2435 378 2490 bus
404 2441 458 2501 et
479 2430 707 2499 Levitis,
738 2428 974 2485 omnium
1001 2444 1117 2499 quoe
1133 2426 1391 2499 possideo.
1417 2426 1762 2484 Rationabile
1785 2430 1952 2487 etiam
1976 2440 2114 2501 erat,
2134 2435 2280 2507 quod

277 2523 646 2596 Hippodomus
671 2516 1098 2575 debellatoribus
1119 2532 1217 2571 seu
1237 2515 1503 2573 militibus
1528 2518 1896 2585 ordinaverat,
1924 2528 1986 2577 ut
2004 2522 2279 2594 stipendia

279 2612 616 2685 perciperent
639 2607 707 2664 de
734 2606 892 2662 bonis
909 2594 1338 2672 communitatiS,
1369 2604 1515 2661 sicut
1534 2607 1914 2684 communitati
1942 2608 2282 2669 deserviunt.

187 2766 200 2781 ‚
278 2703 366 2759 Sic
403 2700 573 2757 etiam
607 2712 831 2754 romana
868 2694 1174 2768 respublica
1209 2693 1405 2749 statuit
1449 2700 1510 2750 ut
1533 2693 1602 2749 de
1635 2694 1854 2766 publico
1888 2698 2087 2756 aerario
2125 2701 2283 2758 vive-

281 2798 418 2845 rent.
468 2788 588 2856 Quo
615 2786 835 2858 quidem
876 2783 1035 2840 titulo
1075 2783 1212 2840 dicit
1247 2784 1484 2839 Joannes
1510 2783 1754 2855 Baptista
1797 2784 2079 2855 militibus,
2132 2798 2191 2846 ut
2231 2792 2285 2847 in

282 2880 445 2935 Luca.
477 2891 566 2941 m,
598 2874 687 2939 ⁴4,
717 2873 973 2929 scribitur
1005 2889 1018 2927 :
1051 2873 1255 2937 Estote,
1287 2872 1485 2945 inquit,
1517 2872 1748 2929 contenti
1770 2873 2049 2945 stipendiis
2068 2878 2284 2933 vestris.

283 2968 348 3022 Et
376 2962 668 3039 Apostolus
692 2961 796 3015 inl
833 2961 994 3033 epist.
1031 2959 1103 3015 ad
1127 2960 1276 3021 Cor„
1321 2974 1407 3025 lx,
1437 2962 1473 3015 7
1501 2978 1514 3015 z
1550 2960 1697 3026 Quiri,
1728 2963 1926 3033 inquit,
1952 2964 2154 3022 militat
2180 2966 2287 3022 sti..

280 3052 486 3131 pendiis
507 3051 620 3129 suis
649 3064 903 3121 unquam.
2126 3080 2171 3117 0

351 3142 456 3201 Sed
491 3141 548 3197 in
585 3138 688 3195 hoc
731 3152 832 3193 sua
877 3133 1168 3191 deficiebat
1209 3131 1421 3205 politia,
1468 3133 1527 3187 in
1568 3139 1837 3204 quantum
1863 3135 1997 3192 solis
2034 3140 2292 3210 agricolis

286 3232 532 3307 proprias
564 3225 878 3298 assignabat
921 3221 1310 3296 possessiones,
1357 3221 1463 3276 nisi
1506 3220 1649 3277 forte
1675 3221 1780 3278 hoc
1818 3224 2036 3281 dicatur
2079 3228 2293 3285 ratione

288 3317 654 3393 agriculturae,
699 3316 829 3387 quia
857 3314 948 3369 hic
979 3318 1064 3369 est
1102 3311 1354 3383 proprius
1384 3324 1575 3366 eorum
1611 3317 1769 3366 actus
1806 3330 1821 3367 ε
1863 3314 2006 3369 unde
2036 3317 2293 3387 agricolae

231 3426 251 3453 ε
290 3409 533 3485 proprias
556 3406 814 3461 dicuntur
837 3401 1208 3475 possessiones
1231 3398 1434 3455 babere
1457 3408 1725 3473 quantum
1750 3399 1819 3456 ad
1844 3401 2139 3460 culturam.
2170 3407 2296 3462 Cae-

291 3499 390 3557 teri
428 3511 557 3567 vero
591 3496 758 3560 cives,
791 3500 1059 3566 quantum
1097 3490 1167 3545 ad
1207 3504 1390 3545 usum.
1421 3489 1571 3545 Alias
1595 3504 1715 3543 esse
1744 3490 2064 3561 imperfecta
2106 3494 2297 3567 politia

291 3596 344 3646 et
370 3584 661 3643 defectiva.
705 3582 934 3639 Constat
959 3579 1108 3635 enim
1144 3578 1535 3651 possessiones,
1586 3582 1647 3631 ut
1674 3576 1882 3659 dictum
1920 3588 2004 3635 est
2034 3597 2199 3653 supra
2242 3584 2297 3637 in

291 3677 525 3739 secundo
555 3673 710 3740 libro,
739 3673 882 3727 inter
913 3667 1195 3726 naturales
1217 3668 1443 3724 divitias
1469 3667 1796 3739 computari,
1828 3685 1955 3742 quae
1982 3671 2062 3727 sic
2090 3686 2299 3729 vocan-

297 3777 395 3835 tur,
429 3764 562 3839 quia
605 3762 769 3819 homo
813 3759 948 3833 ipsis
984 3756 1308 3815 naturaliter
1343 3756 1553 3827 indiget
1597 3763 1657 3811 ut
1698 3758 2005 3815 necessaria
2044 3758 2299 3819 humanae

296 3857 436 3927 vitae,
465 3860 521 3911 et
541 3857 763 3927 propter
785 3850 1027 3923 ipsarum
1054 3845 1453 3913 amoenitatem,
1480 3846 1551 3902 ad
1576 3844 2023 3903 refocillationem
2052 3847 2249 3906 animae
2282 3867 2297 3906 ε
