2784 4392
343 3613 372 3655 xl

461 271 588 336 266
827 279 830 284 ’
892 281 898 287 ’
937 287 995 338 ι.
1035 287 1272 334 mona
1309 284 1643 340 sommus
1680 287 1993 336 osuseuu

461 405 676 480 patiens
729 405 962 480 injust03
1020 406 1166 462 unde
1221 417 1349 462 cum
1401 403 1575 462 multi
1628 405 1844 463 romani
1892 405 2253 480 imperatores
2300 407 2476 468 fldem

463 495 660 552 Christi
688 497 1144 569 persequerentur
1174 494 1477 568 tyrannice,
1507 509 1819 568 magnaque
1841 494 2137 553 multitudo
2164 503 2281 554 tam
2305 496 2471 554 nobi·-

461 584 592 640 lium
619 598 790 657 quam
825 583 1006 658 populi
1051 589 1196 641 esset
1233 583 1306 641 ad
1347 583 1512 640 iidem
1550 599 1835 650 conversa,
1864 599 1971 642 non
2012 585 2339 656 resistendo,
2366 587 2470 646 sed

463 677 694 728 mortem
719 671 990 744 patienter
1017 676 1072 728 et
1092 671 1290 727 armati
1317 671 1649 729 sustinentes
1675 683 1775 745 pro
1820 670 2035 729 Christo
2060 672 2373 741 laudantur,
2406 679 2473 730 ut

462 760 518 816 in
547 775 706 817 sacra
729 759 1086 818 Thebaeorum
1116 751 1326 832 legione
1358 758 1647 817 manifeste
1687 766 1947 833 apparet3
1976 761 2259 835 magisque
2298 762 2469 820 Aioth

455 847 786 923 judicandus
819 855 906 906 est
945 849 1158 906 hostem
1197 847 1561 920 interemisse,
1588 861 1757 922 quam
1796 849 1985 923 populi
2012 856 2305 917 rectorem,
2333 850 2467 908 licet

460 948 755 1011 tyrannum
784 955 798 993 ε
825 938 970 994 unde
995 944 1053 994 et
1080 938 1135 994 in
1163 938 1338 994 veteri
1367 943 1697 994 testamento
1726 935 1981 1009 leguntur
2009 938 2177 996 occisi
2212 937 2380 996 fuisse
2408 938 2469 997 hi.

464 1023 560 1100 qui
599 1025 918 1082 occiderunt
951 1027 1080 1083 Joas
1111 1041 1296 1099 regem
1330 1025 1767 1099 Juda,qua1nvis
1809 1039 1842 1082 a
1884 1025 2038 1082 cultu
2066 1027 2167 1084 Dei
2196 1041 2319 1084 rece
2434 1057 2466 1069 -·

467 1122 596 1183 tem,
625 1125 924 1188 eorumque
965 1115 1064 1172 filii
1100 1113 1366 1174 reservati
1399 1115 1701 1171 secundum
1742 1114 1881 1186 legis
1906 1027 2467 1276 praeceptumffsset

463 1211 646 1260 autem
667 1203 772 1259 hoc
795 1203 1131 1259 multitudini
1159 1203 1527 1277 periculosum
1564 1211 1621 1260 et
1654 1203 1772 1276 ejus
1812 1203 2137 1272 rectoribus,
2170 1204 2215 1260 si
2317 1204 2467 1261 iveta

465 1293 888 1365 praesumptione
925 1291 1096 1365 aliqui
1129 1298 1463 1348 attentarent
1492 1292 1905 1364 praesidentium
1946 1304 2138 1349 necem
2173 1292 2342 1350 etiam
2371 1299 2467 1366 ty·-

466 1395 780 1438 rannorum.
807 1379 1128 1454 Plerumque
1163 1381 1306 1437 enim
1332 1375 1646 1453 hujusmodi
1678 1379 1934 1454 periculis
1976 1381 2155 1453 magis
2188 1392 2467 1454 exponunt

464 1486 524 1527 se
551 1471 680 1527 mali
709 1483 874 1544 quam
903 1469 1051 1531 boni.
1081 1469 1237 1526 Malis
1263 1475 1449 1527 autem
1486 1469 1629 1526 solet
1674 1485 1795 1526 esse
1821 1485 1989 1540 grave
2028 1469 2331 1526 dominium
2358 1486 2465 1527 non

465 1559 646 1618 minus
673 1573 862 1632 regum
890 1573 1056 1632 quum
1077 1565 1457 1634 tyrannorum,
1485 1559 1615 1633 quin
1643 1559 1941 1615 secundum
1963 1559 2285 1616 sustentiam
2308 1559 2467 1618 Salo-

466 1650 662 1706 monis.
695 1652 855 1706 Prov.
879 1663 972 1715 xx,
1003 1652 1072 1707 26
1099 1665 1116 1704 ε
1144 1649 1385 1722 Dissipat
1408 1647 1601 1722 impios
1622 1663 1723 1704 rex
1746 1647 1977 1720 sapiens.
2005 1646 2177 1718 Magis
2204 1647 2373 1720 igitur
2398 1663 2465 1706 ex

465 1738 628 1810 hujus
657 1738 1076 1810 praesumptione
1117 1737 1427 1793 immineret
1470 1736 1771 1810 periculum
1808 1735 2143 1793 multitudini
2184 1735 2253 1793 de
2292 1737 2466 1794 amis-

467 1829 620 1884 sione
645 1826 808 1896 regis,
837 1837 1002 1898 quam
1032 1824 1330 1880 remedium
1355 1825 1425 1880 de
1450 1813 1823 1881 subtractione
1846 1825 2088 1898 tyranni.

539 1915 768 1971 Videtur
791 1919 976 1970 autem
1005 1913 1180 1984 magis
1206 1920 1399 1970 contra
1424 1917 1786 1986 tyrannorum
1813 1914 2084 1972 saevitiam
2122 1929 2227 1970 non
2250 1913 2465 1992 privata

466 2004 891 2083 praesumptione
917 2002 1246 2074 aliquorum,
1271 2002 1368 2058 sed
1414 2002 1745 2060 auctoritate
1786 2003 2000 2076 publica
2037 2005 2460 2077 procedendum.

466 2097 646 2154 Primo
671 2093 914 2167 quidem,
945 2091 992 2146 si
1020 2091 1090 2147 ad
1111 2093 1204 2162 jus
1231 2090 1597 2148 multitudinis
1622 2092 1855 2165 alicujus
1882 2092 2152 2167 pertineat
2174 2094 2295 2164 sibi
2334 2109 2467 2168 pro-

467 2185 653 2242 videre
675 2181 744 2237 de
771 2171 919 2252 rege,
951 2193 1056 2236 non
1085 2181 1288 2253 injuste
1310 2179 1382 2238 ab
1404 2180 1597 2238 eadem
1623 2195 1720 2238 rex
1742 2182 2027 2239 institutus
2054 2188 2232 2255 potest
2255 2183 2462 2240 destrui

468 2270 552 2328 vel
609 2269 870 2326 refrenari
915 2267 1036 2342 ejus
1070 2276 1334 2342 potestas,
1393 2270 1440 2326 si
1486 2276 1761 2342 potestate
1806 2272 1956 2343 regia
1996 2272 2281 2346 tyrannice
2325 2273 2464 2330 abu·-

471 2366 634 2418 tatur.
667 2361 781 2416 Nec
807 2359 1049 2432 putanda
1081 2367 1166 2416 est
1189 2359 1316 2416 talis
1345 2357 1635 2416 multitudo
1664 2357 1955 2416 infideliter
1982 2373 2147 2432 agere
2172 2366 2463 2435 tyrannum

467 2449 788 2516 destituens,
821 2447 1058 2504 etiamsi
1101 2447 1356 2504 eidemin
1402 2456 1660 2521 perpetuo
1702 2461 1763 2504 se
1798 2453 1927 2505 ante
1966 2449 2308 2522 subjeceram
2334 2450 2463 2523 quia

465 2538 568 2594 hoc
597 2539 713 2611 ipse
755 2538 954 2594 meruit
992 2537 1045 2592 in
1088 2535 1453 2593 multitudinis
1483 2536 1743 2608 regimine
1768 2551 1831 2593 se
1868 2552 1973 2594 non
2001 2537 2233 2595 fideliter
2272 2555 2465 2611 gerens

465 2631 524 2680 ut
549 2627 716 2698 exigit
740 2626 886 2696 regis
908 2624 1168 2691 officium,
1195 2624 1341 2698 quod
1367 2625 1417 2680 ei
1442 2634 1665 2699 pactum
1687 2638 1719 2683 a
1737 2625 1972 2682 subditis
1995 2640 2100 2682 non
2130 2636 2461 2684 reservetur.

462 2713 553 2768 Sic
580 2713 808 2770 Romani
837 2713 1194 2784 Tarquinium
1235 2713 1549 2785 superbum,
1575 2729 1737 2786 quem
1761 2714 1819 2770 in
1860 2728 2045 2786 regem
2084 2725 2492 2787 susceperunt,-

462 2807 685 2874 proptor
708 2803 824 2873 ejus
847 2808 902 2856 et
933 2801 1166 2857 filiorum
1195 2800 1539 2874 tyrannidem
1567 2817 1602 2859 a
1630 2817 1797 2878 regno
1835 2805 2117 2876 ejecerunt
2154 2805 2461 2862 'substituta

465 2888 678 2954 minori,
707 2889 918 2945 scilicet
955 2890 1249 2958 consulari,
1275 2899 1568 2963 potestate.
1610 2889 1701 2951 Sic
1748 2894 1915 2950 etiam
1961 2893 2325 2961 Domitianus,
2368 2895 2459 2967 qui

463 2977 876 3032 modestissimis
905 2979 1322 3051 imperatoribus
1351 2975 1693 3054 'Vespasiano
1716 2982 1863 3055 patri
1890 2987 1947 3038 et
1977 2983 2101 3038 Tito
2144 2982 2301 3039 fratri
2342 2985 2461 3055 ejus

461 3075 818 3134 successerat,
859 3063 989 3124 dum
1039 3065 1382 3142 tyrannidem
1433 3077 1667 3138 exercet,
1700 3083 1735 3127 a
1778 3078 1971 3128 senatu
2018 3073 2265 3150 Romano
2314 3073 2463 3128 inte·

460 3164 703 3228 remptus
727 3161 830 3227 est,
855 3157 1107 3214 omnibus
1135 3171 1260 3232 quae
1288 3171 1541 3230 perverse
1562 3159 1822 3217 Romanis
1858 3160 2063 3217 fecerat
2087 3175 2184 3234 per
2202 3167 2459 3218 senatus·-

459 3245 763 3301 consultum
797 3245 948 3317 juste
985 3253 1041 3302 et
1083 3245 1375 3302 salubriter
1418 3247 1470 3301 in
1503 3247 1727 3304 irritum·
1760 3249 2048 3306 revocatis.
2090 3249 2211 3320 Quo
2254 3250 2457 3308 sactum

457 3339 560 3398 est,
588 3341 650 3388 ut
694 3333 894 3390 Beatus
927 3335 1162 3391 loannes
1203 3334 1548 3406 Evangelista
1590 3335 1823 3393 dilectus
1869 3335 1969 3394 Dei
2014 3334 2335 3410 discipulus,
2362 3337 2456 3412 qui

455 3437 554 3495 per
596 3423 774 3494 ipsum
809 3423 1175 3480 Domitianum
1211 3424 1268 3479 in
1310 3411 1565 3480 pathmos
1602 3425 1835 3482 insulam
1884 3427 2062 3484 iuerat
2100 3427 2267 3484 exilio
2314 3427 2456 3484 rele-

454 3517 634 3581 gatus,
661 3509 728 3566 ad
752 3509 1024 3584 Ephesum
1052 3525 1151 3586 per
1176 3507 1707 3570 senatusconsultum
1735 3517 2133 3574 remitteretur.

521 3600 576 3655 Si
602 3613 728 3656 vero
753 3601 934 3672 adjus
963 3602 1194 3673 alicujus
1237 3600 1537 3676 superioris
1576 3605 1849 3677 pertineat
1887 3603 2222 3661 multitudini
2266 3605 2455 3677 provi·

451 3685 579 3742 dere
603 3688 670 3742 do
703 3703 847 3759 rege,
879 3691 1275 3762 expectandum
1321 3698 1408 3748 est
1442 3693 1515 3749 ab
1540 3705 1605 3749 eo
1642 3695 1943 3750 remedium
1989 3705 2182 3751 contra
2233 3696 2451 3766 tyranni

449 3775 768 3846 nequitiam.
789 3777 880 3833 Sic
901 3777 1174 3845 Archelai,
1207 3780 1300 3870 qni
1337 3781 1390 3836 in
1418 3781 1608 3839 Judaea
1637 3795 1737 3856 pro
1765 3783 1978 3840 Herode
2005 3791 2166 3858 patre
2190 3798 2291 3841 suo
2324 3799 2453 3856 reg·

446 3875 579 3922 nare
605 3863 724 3938 jam
759 3872 1018 3940 creperet,
1065 3874 1350 3942 paternam
1395 3869 1658 3931 malitiam
1696 3871 1984 3943 imitantis,
2004 3872 2209 3934 Judaeis
2256 3879 2447 3932 contra

2776 3885 2778 4005 ῌ
2758 3779 2779 3856 Ω.-
