2784 4392
549 221 671 285 320
1028 236 1080 279 s.
1125 234 1358 278 ‘motum
1400 234 1728 283 Aouma'ris
1768 232 2076 303 croscum

553 356 601 411 11
641 356 871 427 Regum.
917 350 1084 422 Cujus
1125 348 1437 407 sanctitatis
1478 350 1648 407 etiam
1692 344 2075 421 argumentum
2116 348 2447 407 assumimus
2490 365 2568 407 ex

555 443 725 515 gestis
753 442 1103 504 Francorum,
1143 446 1197 494 et
1230 439 1373 495 beati
1407 438 1638 511 Remigii
1670 454 1831 510 super
1860 438 2189 495 clodoveum
2223 453 2407 511 regem
2442 440 2569 511 pri·-

552 546 702 586 mum
727 530 1092 586 Christianum
1119 528 1260 582 inter
1279 540 1435 597 reges
1460 526 1793 583 Francorum
1818 530 1873 581 et
1896 522 2167 582 delatione
2192 526 2296 581 olei
2328 527 2569 599 desuper

552 636 646 693 per
687 617 1012 682 columbam,
1065 630 1172 689 quo
1220 630 1314 671 rex
1357 610 1620 686 praefatus
1662 614 1767 670 fuit
1810 614 2085 679 inunctuS‚
2134 622 2189 671 et
2226 616 2569 687 inunguntur

554 710 755 782 posteri
784 706 952 779 signis
977 714 1031 761 et
1062 705 1350 777 portentiS,
1384 718 1451 759 ac
1487 703 1655 761 variis
1678 702 1825 759 curis
1858 703 2247 777 apparentibus
2278 703 2335 760 in
2374 704 2459 760 eis
2494 721 2568 759 ex

555 797 806 854 unctione
838 793 1120 868 praedicta.

623 885 868 955 Amplius
899 890 1082 939 autem
1108 892 1164 939 et
1193 881 1246 937 in
1275 882 1423 938 dicta
1450 882 1727 947 unctione,
1756 889 1822 949 ,ut
1846 882 2183 954 Augustinus
2208 882 2287 938 De
2327 882 2567 939 Ciuitate

554 972 674 1037 Dei,
721 972 1058 1043 figurabatur
1099 986 1194 1027 rex
1223 987 1384 1027 verus
1414 978 1469 1027 et
1508 970 1781 1035 sacer-doe,
1809 972 1963 1043 juxta
2015 970 2294 1026 Danielem
2321 972 2569 1043 Prophe-

557 1068 688 1127 tam,
724 1074 787 1116 lx
816 1076 828 1115 ε
867 1060 1001 1117 Cum
1031 1058 1259 1124 venerit,
1292 1059 1490 1132 inquit,
1524 1058 1745 1115 Sanctus
1772 1067 2098 1124 sanctornm,
2132 1060 2348 1115 cessabit
2378 1061 2567 1117 unctio

553 1156 753 1206 vestra.
800 1149 861 1204 ln
899 1154 1165 1221 quantum
1201 1148 1369 1218 igitur
1408 1148 1637 1219 figuram
1675 1158 1871 1217 gerunt
1900 1146 1953 1201 in
1991 1146 2094 1202 hac
2122 1149 2377 1203 unctione
2418 1148 2569 1204 illius

556 1238 649 1311 qui
691 1246 773 1293 est
809 1258 835 1291 (ι
874 1236 992 1293 Rex
1023 1252 1226 1307 regium,
1260 1244 1306 1291 et
1364 1235 1621 1291 Dominus
1648 1233 2059 1299 dominantium,
2100 1254 2125 1285 »
2162 1242 2225 1290 ut
2266 1235 2473 1291 dicitur
2512 1239 2565 1292 in

555 1322 856 1395 Apocalyp.
885 1338 1008 1395 cap.
1044 1337 1152 1378 xix
1185 1338 1198 1377 ε
1239 1320 1346 1387 Qui
1371 1329 1448 1377 est
1494 1321 1741 1378 Christus
1772 1322 2027 1401 Dominus
2054 1328 2254 1388 noster,
2289 1322 2567 1380 debitores

553 1420 679 1469 sunt
707 1426 862 1485 reges
886 1411 1158 1483 adipsum
1188 1409 1533 1476 imitandum,
1568 1417 1627 1464 ut
1656 1410 1727 1465 sit
1762 1410 1947 1467 debita
1972 1410 2249 1483 proportio
2278 1410 2468 1483 figurae
2496 1414 2564 1469 ad

553 1501 866 1573 figuratum,
912 1498 1121 1557 umbrae
1157 1499 1224 1556 ad
1267 1514 1484 1571 corpuS,
1530 1496 1588 1553 in
1616 1514 1724 1571 quo
1761 1504 1919 1556 vetus
1967 1514 2031 1555 ac
2077 1500 2353 1571 perfectus
2382 1500 2567 1559 cultus

529 1588 534 1591 ’
553 1588 772 1647 divinus
795 1588 1114 1646 includitur.

624 1680 784 1736 Patet
812 1679 979 1751 igitur
1009 1692 1175 1751 quam
1213 1674 1584 1733 necessarium
1618 1676 1691 1731 sit
1730 1674 1953 1732 cuilibet
1982 1674 2200 1732 domino
2242 1683 2302 1732 ut
2340 1679 2413 1733 sit
2450 1680 2563 1735 Deo

557 1763 788 1823 devotus
831 1772 887 1823 et
931 1778 1204 1828 reverens,
1249 1765 1352 1820 sed·
1387 1764 1658 1836 praecipue
1704 1761 1820 1835 regi
1862 1764 1929 1820 ad
1972 1765 2441 1823 conservationem
2480 1770 2563 1823 sui

557 1854 856 1926 regiminis,
899 1854 1057 1925 cujus
1085 1852 1393 1923 exemplum
1422 1852 1687 1909 trahimus
1717 1852 1937 1923 quidem
1968 1868 1999 1909 a
2028 1853 2203 1925 primo
2230 1854 2380 1911 urbis
2414 1872 2562 1929 rege,

555 1942 813 1999 videlicet
839 1941 1090 2007 Romulo.
1123 1946 1186 1996 ut
1213 1938 1459 1997 historiae
1490 1941 1732 1997 tradunt.
1764 1942 1825 1996 In
1865 1938 2161 2013 primordio
2186 1944 2333 1999 enim
2362 1945 2446 2000 sui
2474 1960 2567 2001 re-

558 2028 777 2104 giminis
801 2030 856 2085 in
889 2029 1022 2093 urbs
1053 2030 1320 2107 Romana,
1352 2028 1641 2086 fabricavit
1672 2029 1903 2103 asylum,
1938 2030 2082 2103 quod
2126 2030 2389 2103 templum
2418 2034 2567 2104 pacis

558 2116 894 2186 nominabat,
927 2117 1115 2175 multis
1161 2118 1428 2190 amplians
1468 2119 1680 2189 gratiiS,
1732 2133 1829 2191 pro
1867 2118 2024 2191 cujus
2061 2119 2279 2177 nomine
2308 2126 2363 2176 et
2407 2136 2569 2179 rove-

557 2208 754 2275 rentia,
788 2222 1004 2271 omnem
1027 2202 1354 2263 sceleratum
1383 2207 1477 2279 qui
1505 2206 1571 2261 ad
1604 2207 1781 2277 ipsum
1806 2206 2139 2279 confugeret,
2174 2210 2569 2283 cujuscumque

559 2301 737 2353 status
763 2302 926 2361 esset,
957 2294 1218 2350 reddebat
1245 2294 1561 2350 immunem.
1585 2294 1813 2363 Qualem
1842 2302 2027 2351 autem
2050 2295 2339 2353 habuerint
2358 2297 2570 2355 exitum

559 2384 763 2457 posteri
785 2383 904 2455 ejus
933 2381 1026 2455 qui
1069 2382 1122 2437 in
1151 2382 1334 2437 divino
1361 2381 1511 2437 cultu
1536 2381 1756 2437 fuerunt
1788 2381 2121 2455 negligentes
2144 2390 2201 2439 et
2228 2385 2323 2456 qui
2346 2383 2570 2442 fuerunt

557 2473 848 2539 ferventes,
883 2470 1074 2527 scribit
1095 2469 1346 2527 Valerius
1365 2470 1633 2527 Maximus
1662 2469 1715 2525 in
1742 2470 2009 2543 principio
2039 2470 2177 2527 libro
2208 2473 2315 2527 sui.

628 2560 770 2631 Quid
796 2574 925 2617 vero
949 2561 1130 2616 dicam
1159 2560 1227 2614 de
1266 2557 1493 2614 deicolis
1517 2558 1737 2629 regibus
1772 2559 1889 2615 sive
1914 2559 2116 2615 veteris
2152 2560 2269 2616 sive
2300 2561 2425 2617 novi
2454 2566 2566 2619 tes·-

559 2650 786 2705 tamenti
805 2649 834 2704 ⁶?
862 2648 1066 2704 Omnes
1092 2648 1236 2703 enim
1275 2647 1368 2719 qui
1401 2647 1471 2701 ad
1500 2644 1743 2703 divinam
1787 2646 2152 2703 reverentiam
2181 2647 2402 2705 fuerunt
2429 2650 2569 2706 soli-

559 2736 678 2801 citi,
715 2736 947 2791 feliciter
981 2750 1140 2791 suum
1167 2740 1685 2791 consummaverunt
1712 2750 1969 2803 cursum3
2002 2738 2094 2808 qui
2135 2751 2264 2791 vero
2294 2753 2325 2792 e
2352 2744 2565 2803 contra,

559 2822 832 2878 infelicem
856 2822 1134 2877 consecuti
1168 2828 1296 2877 sunt
1323 2822 1553 2877 exitum.
1582 2822 1829 2881 Tradunt
1847 2824 2015 2880 etiam
2044 2823 2307 2891 historiae,
2335 2827 2481 2897 quod
2513 2827 2570 2880 in

559 2908 803 2979 qualibet
835 2908 1148 2964 monarchia
1183 2908 1252 2965 ab
1282 2910 1437 2963 initio
1467 2910 1652 2965 saeculi
1680 2910 1786 2967 tria
1824 2926 1882 2965 se
1914 2910 2147 2967 invicem
2184 2926 2281 2983 per
2318 2913 2569 2968 ordinem

562 3000 824 3055 comitata
853 3004 1001 3062 sunt,
1048 2996 1263 3053 divinus
1292 2997 1492 3067 cultuS,
1540 2998 1811 3072 sapientia
1836 2998 2165 3055 scholastica
2202 3008 2257 3055 et
2286 3001 2572 3056 saecularis

560 3088 826 3159 potentia.
859 3087 994 3156 Quae
1023 3084 1244 3159 quidem
1269 3086 1374 3143 tria
1398 3101 1457 3141 se
1486 3086 1719 3142 invicem
1742 3101 1839 3159 per
1860 3088 2106 3143 ordinem
2134 3096 2568 3162 consequuntur,

560 3177 698 3233 etin
745 3192 874 3249 rege
901 3176 1188 3233 Salomone
1234 3192 1300 3231 ex
1348 3176 1461 3230 suis
1492 3173 1703 3231 meritis
1740 3182 2064 3232 conservata
2109 3184 2254 3242 sunt,
2298 3178 2427 3249 quia
2470 3192 2574 3250 per

557 3266 801 3322 divinam
847 3262 1209 3321 reverentiam
1234 3280 1361 3319 ‚cum
1391 3264 1673 3321 descendit
1714 3265 1773 3319 in
1812 3262 2031 3319 Hebron
2070 3264 2246 3320 locum
2280 3267 2569 3334 orationiS,

560 3362 875 3428 assumptus
917 3354 971 3409 in
1015 3367 1198 3423 regem
1241 3359 1569 3409 consecutus
1605 3360 1688 3409 est
1738 3352 2083 3423 sapientiam,
2130 3357 2187 3408 et
2224 3370 2293 3409 ex
2336 3360 2574 3428 utroquo

561 3443 794 3498 ulterius
833 3445 889 3497 in
920 3442 1086 3514 regali
1125 3442 1330 3497 virtute
1363 3456 1529 3514 super
1557 3458 1712 3513 reges
1746 3443 1830 3497 s-ui
1863 3442 2123 3515 temporis
2165 3442 2570 3499 excellentiam.

559 3532 694 3589 Cum
727 3546 854 3586 vero
885 3543 913 3585 a
946 3544 1074 3586 vero
1101 3530 1254 3586 cultu
1295 3530 1393 3585 Dei
1432 3531 1678 3599 recessit,
1718 3528 1991 3587 infelicem
2018 3530 2226 3586 exitum
2256 3528 2466 3597 habuit,
2504 3538 2577 3589 ut

558 3630 710 3693 putot
738 3623 791 3675 in
825 3620 894 3674 lli
925 3620 1018 3673 lib.
1051 3618 1184 3691 Reg.

629 3711 758 3763 iiaec
785 3710 948 3779 igilur
977 3704 1046 3761 de
1077 3704 1475 3780 pertinentibus
1510 3706 1581 3763 ad
1620 3707 1859 3778 regimen
1896 3706 2292 3780 cujuscumque
2316 3705 2575 3783 dominii,

555 3796 658 3853 scd
681 3796 957 3869 principue
981 3794 1198 3865 regalis,
1225 3792 1282 3852 in
1302 3794 1407 3851 hoc
1435 3792 1575 3853 libro
1602 3794 1659 3853 in
1687 3802 1902 3854 tantum
1926 3796 2038 3851 sint
2066 3792 2236 3852 dicta.
