<?xml version="1.0" encoding="UTF-8"?>
<!DOCTYPE html PUBLIC "-//W3C//DTD XHTML 1.0 Transitional//EN"
    "http://www.w3.org/TR/xhtml1/DTD/xhtml1-transitional.dtd">
<html xmlns="http://www.w3.org/1999/xhtml" xml:lang="en" lang="en">
 <head>
  <title>
</title>
<meta http-equiv="Content-Type" content="text/html;charset=utf-8" />
  <meta name='ocr-system' content='tesseract 3.04.00' />
  <meta name='ocr-capabilities' content='ocr_page ocr_carea ocr_par ocr_line ocrx_word'/>
</head>
<body>
  <div class='ocr_page' id='page_1' title='image "./sthomaquinatisd01thomgoog_0427.png"; bbox 0 0 2784 4392; ppageno 0'>
   <div class='ocr_carea' id='block_1_1' title="bbox 297 155 2306 898">
    <p class='ocr_par' dir='ltr' id='par_1_1' title="bbox 297 155 2306 898">
     <span class='ocr_line' id='line_1_1' title="bbox 552 155 2302 240; baseline -0.001 -1"><span class='ocrx_word' id='word_1_1' title='bbox 552 155 614 197; x_wconf 30' lang='grc' dir='ltr'><strong>χ’*</strong></span> <span class='ocrx_word' id='word_1_2' title='bbox 776 189 886 239; x_wconf 80' lang='lat' dir='ltr'><strong>xv.</strong></span> <span class='ocrx_word' id='word_1_3' title='bbox 915 208 996 227; x_wconf 88' lang='lat'><strong>--</strong></span> <span class='ocrx_word' id='word_1_4' title='bbox 1020 192 1102 240; x_wconf 69' lang='lat' dir='ltr'><strong>nn</strong></span> <span class='ocrx_word' id='word_1_5' title='bbox 1138 192 1447 239; x_wconf 68' lang='lat' dir='ltr'><strong>anemius</strong></span> <span class='ocrx_word' id='word_1_6' title='bbox 1474 192 1825 239; x_wconf 59' lang='lat' dir='ltr'><strong>ammomum</strong></span> <span class='ocrx_word' id='word_1_7' title='bbox 2182 174 2302 239; x_wconf 81' lang='lat'><strong>415</strong></span> 
     </span>
     <span class='ocr_line' id='line_1_2' title="bbox 310 292 2303 384; baseline 0.001 -20"><span class='ocrx_word' id='word_1_8' title='bbox 310 303 519 365; x_wconf 69' lang='lat' dir='ltr'><strong>Covatra</strong></span> <span class='ocrx_word' id='word_1_9' title='bbox 537 307 906 377; x_wconf 77' lang='lat' dir='ltr'><strong>Jovinianum,</strong></span> <span class='ocrx_word' id='word_1_10' title='bbox 930 310 1074 383; x_wconf 90' lang='lat' dir='ltr'><strong>quod</strong></span> <span class='ocrx_word' id='word_1_11' title='bbox 1099 309 1268 367; x_wconf 84' lang='lat' dir='ltr'><strong>filiam</strong></span> <span class='ocrx_word' id='word_1_12' title='bbox 1290 310 1482 368; x_wconf 85' lang='lat' dir='ltr'><strong>hahuit</strong></span> <span class='ocrx_word' id='word_1_13' title='bbox 1524 316 1695 368; x_wconf 84' lang='lat' dir='ltr'><strong>tantae</strong></span> <span class='ocrx_word' id='word_1_14' title='bbox 1740 292 2038 384; x_wconf 83' lang='lat' dir='ltr'><strong>pudicitiae,</strong></span> <span class='ocrx_word' id='word_1_15' title='bbox 2077 314 2141 366; x_wconf 88' lang='lat' dir='ltr'><strong>ut</strong></span> <span class='ocrx_word' id='word_1_16' title='bbox 2181 308 2303 368; x_wconf 86' lang='lat' dir='ltr'><strong>vir-</strong></span> 
     </span>
     <span class='ocr_line' id='line_1_3' title="bbox 300 388 2297 472; baseline 0.003 -22"><span class='ocrx_word' id='word_1_17' title='bbox 300 395 588 467; x_wconf 85' lang='lat' dir='ltr'><strong>ginitatem</strong></span> <span class='ocrx_word' id='word_1_18' title='bbox 627 413 870 466; x_wconf 76' lang='lat' dir='ltr'><strong>servanS,</strong></span> <span class='ocrx_word' id='word_1_19' title='bbox 919 388 1088 456; x_wconf 83' lang='lat' dir='ltr'><strong>choro</strong></span> <span class='ocrx_word' id='word_1_20' title='bbox 1125 398 1287 456; x_wconf 85' lang='lat' dir='ltr'><strong>simui</strong></span> <span class='ocrx_word' id='word_1_21' title='bbox 1321 400 1592 472; x_wconf 84' lang='lat' dir='ltr'><strong>virginum</strong></span> <span class='ocrx_word' id='word_1_22' title='bbox 1622 400 1737 471; x_wconf 78' lang='lat' dir='ltr'><strong>jam</strong></span> <span class='ocrx_word' id='word_1_23' title='bbox 1778 406 2061 472; x_wconf 68' lang='lat' dir='ltr'><strong>praeesset,</strong></span> <span class='ocrx_word' id='word_1_24' title='bbox 2092 412 2297 471; x_wconf 89' lang='lat' dir='ltr'><strong>easque</strong></span> 
     </span>
     <span class='ocr_line' id='line_1_4' title="bbox 298 484 2300 562; baseline 0.002 -24"><span class='ocrx_word' id='word_1_25' title='bbox 298 484 574 541; x_wconf 85' lang='lat' dir='ltr'><strong>castitatis</strong></span> <span class='ocrx_word' id='word_1_26' title='bbox 595 485 859 543; x_wconf 80' lang='lat' dir='ltr'><strong>instruxit</strong></span> <span class='ocrx_word' id='word_1_27' title='bbox 881 486 1149 545; x_wconf 84' lang='lat' dir='ltr'><strong>doctrina.</strong></span> <span class='ocrx_word' id='word_1_28' title='bbox 1177 488 1278 544; x_wconf 92' lang='lat' dir='ltr'><strong>Per</strong></span> <span class='ocrx_word' id='word_1_29' title='bbox 1306 486 1452 562; x_wconf 87' lang='lat' dir='ltr'><strong>quod</strong></span> <span class='ocrx_word' id='word_1_30' title='bbox 1479 492 1704 561; x_wconf 89' lang='lat' dir='ltr'><strong>apparet</strong></span> <span class='ocrx_word' id='word_1_31' title='bbox 1724 486 1869 560; x_wconf 88' lang='lat' dir='ltr'><strong>quod</strong></span> <span class='ocrx_word' id='word_1_32' title='bbox 1900 487 1954 541; x_wconf 89' lang='lat' dir='ltr'><strong>in</strong></span> <span class='ocrx_word' id='word_1_33' title='bbox 1980 500 2083 543; x_wconf 85' lang='lat' dir='ltr'><strong>sua</strong></span> <span class='ocrx_word' id='word_1_34' title='bbox 2105 484 2300 557; x_wconf 57' lang='lat' dir='ltr'><strong>politia</strong></span> 
     </span>
     <span class='ocr_line' id='line_1_5' title="bbox 301 571 2301 648; baseline 0.001 -20"><span class='ocrx_word' id='word_1_35' title='bbox 301 572 370 629; x_wconf 90' lang='lat' dir='ltr'><strong>ad</strong></span> <span class='ocrx_word' id='word_1_36' title='bbox 408 571 512 629; x_wconf 88' lang='lat' dir='ltr'><strong>hoc</strong></span> <span class='ocrx_word' id='word_1_37' title='bbox 553 582 667 631; x_wconf 86' lang='lat' dir='ltr'><strong>tota</strong></span> <span class='ocrx_word' id='word_1_38' title='bbox 706 590 805 632; x_wconf 85' lang='lat' dir='ltr'><strong>sua</strong></span> <span class='ocrx_word' id='word_1_39' title='bbox 846 574 1122 633; x_wconf 81' lang='lat' dir='ltr'><strong>ferebatur</strong></span> <span class='ocrx_word' id='word_1_40' title='bbox 1157 576 1406 645; x_wconf 85' lang='lat' dir='ltr'><strong>intentio,</strong></span> <span class='ocrx_word' id='word_1_41' title='bbox 1435 592 1673 648; x_wconf 86' lang='lat' dir='ltr'><strong>suusque</strong></span> <span class='ocrx_word' id='word_1_42' title='bbox 1700 580 1948 641; x_wconf 78' lang='lat' dir='ltr'><strong>eonatuS,</strong></span> <span class='ocrx_word' id='word_1_43' title='bbox 1966 581 2024 631; x_wconf 89' lang='lat' dir='ltr'><strong>ut</strong></span> <span class='ocrx_word' id='word_1_44' title='bbox 2053 572 2301 630; x_wconf 90' lang='lat' dir='ltr'><strong>homines</strong></span> 
     </span>
     <span class='ocr_line' id='line_1_6' title="bbox 307 658 2301 738; baseline 0.001 -23"><span class='ocrx_word' id='word_1_45' title='bbox 307 660 550 716; x_wconf 83' lang='lat' dir='ltr'><strong>traheret</strong></span> <span class='ocrx_word' id='word_1_46' title='bbox 577 661 646 718; x_wconf 93' lang='lat' dir='ltr'><strong>ad</strong></span> <span class='ocrx_word' id='word_1_47' title='bbox 675 661 968 719; x_wconf 88' lang='lat' dir='ltr'><strong>vivendum</strong></span> <span class='ocrx_word' id='word_1_48' title='bbox 995 664 1295 721; x_wconf 86' lang='lat' dir='ltr'><strong>secundum</strong></span> <span class='ocrx_word' id='word_1_49' title='bbox 1324 663 1603 731; x_wconf 86' lang='lat' dir='ltr'><strong>virtutem,</strong></span> <span class='ocrx_word' id='word_1_50' title='bbox 1632 662 1777 737; x_wconf 91' lang='lat' dir='ltr'><strong>quod</strong></span> <span class='ocrx_word' id='word_1_51' title='bbox 1806 668 1861 719; x_wconf 85' lang='lat' dir='ltr'><strong>et</strong></span> <span class='ocrx_word' id='word_1_52' title='bbox 1889 660 2213 738; x_wconf 81' lang='lat' dir='ltr'><strong>Aristoteles</strong></span> <span class='ocrx_word' id='word_1_53' title='bbox 2246 658 2301 716; x_wconf 88' lang='lat' dir='ltr'><strong>in</strong></span> 
     </span>
     <span class='ocr_line' id='line_1_7' title="bbox 300 747 2306 827; baseline 0.001 -24"><span class='ocrx_word' id='word_1_54' title='bbox 300 747 532 806; x_wconf 71' lang='lat' dir='ltr'><strong>Politice</strong></span> <span class='ocrx_word' id='word_1_55' title='bbox 559 751 721 807; x_wconf 89' lang='lat' dir='ltr'><strong>docet</strong></span> <span class='ocrx_word' id='word_1_56' title='bbox 747 767 761 805; x_wconf 76' lang='grc' dir='ltr'><strong><em>ε</em></strong></span> <span class='ocrx_word' id='word_1_57' title='bbox 788 752 919 825; x_wconf 89' lang='lat' dir='ltr'><strong>quin</strong></span> <span class='ocrx_word' id='word_1_58' title='bbox 936 752 1104 810; x_wconf 78' lang='lat' dir='ltr'><strong>etiam</strong></span> <span class='ocrx_word' id='word_1_59' title='bbox 1126 751 1306 811; x_wconf 88' lang='lat' dir='ltr'><strong>omnis</strong></span> <span class='ocrx_word' id='word_1_60' title='bbox 1346 768 1480 814; x_wconf 83' lang='lat' dir='ltr'><strong>vera</strong></span> <span class='ocrx_word' id='word_1_61' title='bbox 1507 752 1698 827; x_wconf 88' lang='lat' dir='ltr'><strong>politia</strong></span> <span class='ocrx_word' id='word_1_62' title='bbox 1735 750 2123 825; x_wconf 77' lang='lat' dir='ltr'><strong>corrumpitur,</strong></span> <span class='ocrx_word' id='word_1_63' title='bbox 2156 749 2203 806; x_wconf 88' lang='lat' dir='ltr'><strong>si</strong></span> <span class='ocrx_word' id='word_1_64' title='bbox 2232 747 2306 807; x_wconf 89' lang='lat' dir='ltr'><strong>ab</strong></span> 
     </span>
     <span class='ocr_line' id='line_1_8' title="bbox 297 834 884 898; baseline 0.009 -5"><span class='ocrx_word' id='word_1_65' title='bbox 297 834 403 895; x_wconf 89' lang='lat' dir='ltr'><strong>hoc</strong></span> <span class='ocrx_word' id='word_1_66' title='bbox 425 837 534 897; x_wconf 85' lang='lat' dir='ltr'><strong>fine</strong></span> <span class='ocrx_word' id='word_1_67' title='bbox 559 838 884 898; x_wconf 74' lang='lat' dir='ltr'><strong>declinetur.</strong></span> 
     </span>
    </p>
   </div>
   <div class='ocr_carea' id='block_1_2' title="bbox 1022 1019 1574 1090">
    <p class='ocr_par' dir='ltr' id='par_1_2' title="bbox 1022 1019 1574 1090">
     <span class='ocr_line' id='line_1_9' title="bbox 1022 1019 1574 1090; baseline 0 -1"><span class='ocrx_word' id='word_1_68' title='bbox 1022 1019 1307 1089; x_wconf 86' lang='lat' dir='ltr'>CAPUT</span> <span class='ocrx_word' id='word_1_69' title='bbox 1347 1020 1574 1090; x_wconf 85' lang='lat' dir='ltr'><strong>XXII.</strong></span> 
     </span>
    </p>
   </div>
   <div class='ocr_carea' id='block_1_3' title="bbox 298 1146 2303 1322">
    <p class='ocr_par' dir='ltr' id='par_1_3' title="bbox 298 1146 2303 1322">
     <span class='ocr_line' id='line_1_10' title="bbox 298 1146 2303 1233; baseline 0 -20"><span class='ocrx_word' id='word_1_70' title='bbox 298 1146 397 1214; x_wconf 74' lang='lat' dir='ltr'><strong>De</strong></span> <span class='ocrx_word' id='word_1_71' title='bbox 419 1146 786 1214; x_wconf 76' lang='lat' dir='ltr'><strong>documentis</strong></span> <span class='ocrx_word' id='word_1_72' title='bbox 809 1150 1247 1233; x_wconf 64' lang='lat' dir='ltr'><strong>Pythayoriois</strong></span> <span class='ocrx_word' id='word_1_73' title='bbox 1267 1152 1376 1217; x_wconf 77' lang='lat' dir='ltr'><strong>sub</strong></span> <span class='ocrx_word' id='word_1_74' title='bbox 1395 1152 1623 1233; x_wconf 67' lang='lat' dir='ltr'><strong>fiyuris</strong></span> <span class='ocrx_word' id='word_1_75' title='bbox 1648 1157 1707 1216; x_wconf 79' lang='lat' dir='ltr'><strong>et</strong></span> <span class='ocrx_word' id='word_1_76' title='bbox 1730 1148 2153 1233; x_wconf 68' lang='lat' dir='ltr'><strong>aeniqmatibus</strong></span> <span class='ocrx_word' id='word_1_77' title='bbox 2176 1150 2303 1213; x_wconf 71' lang='lat' dir='ltr'><strong>tra-</strong></span> 
     </span>
     <span class='ocr_line' id='line_1_11' title="bbox 439 1238 2164 1322; baseline -0.001 -20"><span class='ocrx_word' id='word_1_78' title='bbox 439 1239 614 1315; x_wconf 75' lang='lat' dir='ltr'><strong>ditis,</strong></span> <span class='ocrx_word' id='word_1_79' title='bbox 645 1240 796 1303; x_wconf 78' lang='lat' dir='ltr'><strong>etde</strong></span> <span class='ocrx_word' id='word_1_80' title='bbox 822 1240 1052 1306; x_wconf 78' lang='lat' dir='ltr'><strong>duobus</strong></span> <span class='ocrx_word' id='word_1_81' title='bbox 1070 1241 1515 1322; x_wconf 67' lang='lat' dir='ltr'><strong>Pythaqoriois</strong></span> <span class='ocrx_word' id='word_1_82' title='bbox 1538 1242 1909 1322; x_wconf 74' lang='lat' dir='ltr'><strong>fidelissimis</strong></span> <span class='ocrx_word' id='word_1_83' title='bbox 1932 1238 2164 1305; x_wconf 72' lang='lat' dir='ltr'><strong>amieis,</strong></span> 
     </span>
    </p>
   </div>
   <div class='ocr_carea' id='block_1_4' title="bbox 296 1360 2376 3857">
    <p class='ocr_par' dir='ltr' id='par_1_4' title="bbox 296 1360 2376 3857">
     <span class='ocr_line' id='line_1_12' title="bbox 367 1360 2303 1447; baseline 0 -21"><span class='ocrx_word' id='word_1_84' title='bbox 367 1370 559 1429; x_wconf 82' lang='lat' dir='ltr'><strong>Tradit</strong></span> <span class='ocrx_word' id='word_1_85' title='bbox 598 1374 764 1430; x_wconf 88' lang='lat' dir='ltr'><strong>etiam</strong></span> <span class='ocrx_word' id='word_1_86' title='bbox 801 1360 1165 1447; x_wconf 81' lang='lat' dir='ltr'><strong>Hieronymus</strong></span> <span class='ocrx_word' id='word_1_87' title='bbox 1199 1374 1292 1431; x_wconf 88' lang='lat' dir='ltr'><strong>ubi</strong></span> <span class='ocrx_word' id='word_1_88' title='bbox 1331 1389 1502 1447; x_wconf 87' lang='lat' dir='ltr'><strong>supra</strong></span> <span class='ocrx_word' id='word_1_89' title='bbox 1540 1374 1804 1447; x_wconf 84' lang='lat' dir='ltr'><strong>quasdam</strong></span> <span class='ocrx_word' id='word_1_90' title='bbox 1848 1372 1995 1445; x_wconf 86' lang='lat' dir='ltr'><strong>leges</strong></span> <span class='ocrx_word' id='word_1_91' title='bbox 2018 1369 2303 1445; x_wconf 83' lang='lat' dir='ltr'><strong>Pythago-</strong></span> 
     </span>
     <span class='ocr_line' id='line_1_13' title="bbox 296 1456 2303 1534; baseline -0 -18"><span class='ocrx_word' id='word_1_92' title='bbox 296 1459 440 1517; x_wconf 86' lang='lat' dir='ltr'><strong>rieas</strong></span> <span class='ocrx_word' id='word_1_93' title='bbox 463 1460 535 1518; x_wconf 90' lang='lat' dir='ltr'><strong>ob</strong></span> <span class='ocrx_word' id='word_1_94' title='bbox 575 1463 1044 1519; x_wconf 85' lang='lat' dir='ltr'><strong>conservationem</strong></span> <span class='ocrx_word' id='word_1_95' title='bbox 1084 1477 1200 1520; x_wconf 82' lang='lat' dir='ltr'><strong>suae</strong></span> <span class='ocrx_word' id='word_1_96' title='bbox 1229 1462 1435 1533; x_wconf 85' lang='lat' dir='ltr'><strong>politiae</strong></span> <span class='ocrx_word' id='word_1_97' title='bbox 1462 1456 1917 1534; x_wconf 61' lang='lat' dir='ltr'><strong>sub&#39;quibusdam</strong></span> <span class='ocrx_word' id='word_1_98' title='bbox 1946 1458 2303 1533; x_wconf 76' lang='lat' dir='ltr'><strong>paradigmis</strong></span> 
     </span>
     <span class='ocr_line' id='line_1_14' title="bbox 297 1537 2303 1621; baseline -0.001 -16"><span class='ocrx_word' id='word_1_99' title='bbox 297 1557 354 1605; x_wconf 87' lang='lat' dir='ltr'><strong>et</strong></span> <span class='ocrx_word' id='word_1_100' title='bbox 384 1549 658 1621; x_wconf 85' lang='lat' dir='ltr'><strong>parabolis</strong></span> <span class='ocrx_word' id='word_1_101' title='bbox 687 1537 836 1606; x_wconf 84' lang='lat' dir='ltr'><strong>more</strong></span> <span class='ocrx_word' id='word_1_102' title='bbox 864 1550 1214 1621; x_wconf 88' lang='lat' dir='ltr'><strong>antiquorum</strong></span> <span class='ocrx_word' id='word_1_103' title='bbox 1247 1550 1481 1607; x_wconf 84' lang='lat' dir='ltr'><strong>traditas</strong></span> <span class='ocrx_word' id='word_1_104' title='bbox 1508 1567 1522 1605; x_wconf 79' lang='lat' dir='ltr'><strong>t</strong></span> <span class='ocrx_word' id='word_1_105' title='bbox 1554 1568 1580 1603; x_wconf 80' lang='grc' dir='ltr'><strong>α</strong></span> <span class='ocrx_word' id='word_1_106' title='bbox 1606 1547 1904 1620; x_wconf 83' lang='lat' dir='ltr'><strong>Fugienda,</strong></span> <span class='ocrx_word' id='word_1_107' title='bbox 1932 1547 2130 1620; x_wconf 86' lang='lat' dir='ltr'><strong>inquit,</strong></span> <span class='ocrx_word' id='word_1_108' title='bbox 2171 1554 2303 1604; x_wconf 83' lang='lat' dir='ltr'><strong>sunt</strong></span> 
     </span>
     <span class='ocr_line' id='line_1_15' title="bbox 298 1636 2305 1710; baseline -0.001 -16"><span class='ocrx_word' id='word_1_109' title='bbox 298 1638 476 1694; x_wconf 89' lang='lat' dir='ltr'><strong>modis</strong></span> <span class='ocrx_word' id='word_1_110' title='bbox 495 1637 747 1694; x_wconf 88' lang='lat' dir='ltr'><strong>omnibus</strong></span> <span class='ocrx_word' id='word_1_111' title='bbox 775 1645 829 1694; x_wconf 90' lang='lat' dir='ltr'><strong>et</strong></span> <span class='ocrx_word' id='word_1_112' title='bbox 859 1637 1245 1704; x_wconf 87' lang='lat' dir='ltr'><strong>abscindenda,</strong></span> <span class='ocrx_word' id='word_1_113' title='bbox 1277 1637 1507 1709; x_wconf 83' lang='lat' dir='ltr'><strong>languor</strong></span> <span class='ocrx_word' id='word_1_114' title='bbox 1534 1636 1755 1709; x_wconf 86' lang='lat' dir='ltr'><strong>quidem</strong></span> <span class='ocrx_word' id='word_1_115' title='bbox 1784 1651 1817 1693; x_wconf 86' lang='lat' dir='ltr'><strong>a</strong></span> <span class='ocrx_word' id='word_1_116' title='bbox 1844 1652 2089 1710; x_wconf 86' lang='lat' dir='ltr'><strong>corpore,</strong></span> <span class='ocrx_word' id='word_1_117' title='bbox 2121 1636 2305 1707; x_wconf 89' lang='lat' dir='ltr'><strong>impe-</strong></span> 
     </span>
     <span class='ocr_line' id='line_1_16' title="bbox 299 1724 2302 1797; baseline -0.001 -14"><span class='ocrx_word' id='word_1_118' title='bbox 299 1726 427 1784; x_wconf 86' lang='lat' dir='ltr'><strong>ritia</strong></span> <span class='ocrx_word' id='word_1_119' title='bbox 451 1727 522 1785; x_wconf 87' lang='lat' dir='ltr'><strong>ab</strong></span> <span class='ocrx_word' id='word_1_120' title='bbox 543 1728 745 1797; x_wconf 87' lang='lat' dir='ltr'><strong>anime,</strong></span> <span class='ocrx_word' id='word_1_121' title='bbox 773 1726 985 1784; x_wconf 83' lang='lat' dir='ltr'><strong>luxuria</strong></span> <span class='ocrx_word' id='word_1_122' title='bbox 1025 1742 1058 1784; x_wconf 86' lang='lat' dir='ltr'><strong>a</strong></span> <span class='ocrx_word' id='word_1_123' title='bbox 1101 1734 1307 1794; x_wconf 81' lang='lat' dir='ltr'><strong>ventre,</strong></span> <span class='ocrx_word' id='word_1_124' title='bbox 1336 1744 1368 1785; x_wconf 88' lang='lat' dir='ltr'><strong>a</strong></span> <span class='ocrx_word' id='word_1_125' title='bbox 1398 1727 1623 1784; x_wconf 87' lang='lat' dir='ltr'><strong>civitate</strong></span> <span class='ocrx_word' id='word_1_126' title='bbox 1668 1725 1887 1797; x_wconf 86' lang='lat' dir='ltr'><strong>seditio,</strong></span> <span class='ocrx_word' id='word_1_127' title='bbox 1920 1742 1951 1782; x_wconf 94' lang='lat' dir='ltr'><strong>a</strong></span> <span class='ocrx_word' id='word_1_128' title='bbox 1994 1725 2157 1781; x_wconf 89' lang='lat' dir='ltr'><strong>domo</strong></span> <span class='ocrx_word' id='word_1_129' title='bbox 2179 1724 2302 1781; x_wconf 84' lang='lat' dir='ltr'><strong>dis-</strong></span> 
     </span>
     <span class='ocr_line' id='line_1_17' title="bbox 298 1810 2303 1892; baseline 0 -21"><span class='ocrx_word' id='word_1_130' title='bbox 298 1816 504 1882; x_wconf 81' lang='lat' dir='ltr'><strong>cordia,</strong></span> <span class='ocrx_word' id='word_1_131' title='bbox 532 1822 588 1872; x_wconf 87' lang='lat' dir='ltr'><strong>et</strong></span> <span class='ocrx_word' id='word_1_132' title='bbox 618 1816 673 1872; x_wconf 89' lang='lat' dir='ltr'><strong>in</strong></span> <span class='ocrx_word' id='word_1_133' title='bbox 705 1831 991 1873; x_wconf 87' lang='lat' dir='ltr'><strong>commune</strong></span> <span class='ocrx_word' id='word_1_134' title='bbox 1022 1831 1055 1892; x_wconf 77' lang='lat' dir='ltr'><strong>a</strong></span> <span class='ocrx_word' id='word_1_135' title='bbox 1095 1810 1306 1872; x_wconf 84' lang='lat' dir='ltr'><strong>cunctis</strong></span> <span class='ocrx_word' id='word_1_136' title='bbox 1352 1816 1515 1873; x_wconf 89' lang='lat' dir='ltr'><strong>rebus</strong></span> <span class='ocrx_word' id='word_1_137' title='bbox 1556 1814 1999 1889; x_wconf 73' lang='lat' dir='ltr'><strong>intemperantia.</strong></span> <span class='ocrx_word' id='word_1_138' title='bbox 2024 1832 2060 1867; x_wconf 56' lang='lat'><strong>¹»</strong></span> <span class='ocrx_word' id='word_1_139' title='bbox 2092 1812 2303 1888; x_wconf 87' lang='lat' dir='ltr'><strong>Pytha-</strong></span> 
     </span>
     <span class='ocr_line' id='line_1_18' title="bbox 299 1892 2301 1977; baseline -0.001 -16"><span class='ocrx_word' id='word_1_140' title='bbox 299 1905 606 1977; x_wconf 84' lang='lat' dir='ltr'><strong>goricorum</strong></span> <span class='ocrx_word' id='word_1_141' title='bbox 635 1906 800 1963; x_wconf 86' lang='lat' dir='ltr'><strong>etiam</strong></span> <span class='ocrx_word' id='word_1_142' title='bbox 828 1914 955 1963; x_wconf 88' lang='lat' dir='ltr'><strong>sunt</strong></span> <span class='ocrx_word' id='word_1_143' title='bbox 979 1905 1085 1963; x_wconf 85' lang='lat' dir='ltr'><strong>ista</strong></span> <span class='ocrx_word' id='word_1_144' title='bbox 1117 1922 1132 1960; x_wconf 76' lang='grc' dir='ltr'><strong>ε</strong></span> <span class='ocrx_word' id='word_1_145' title='bbox 1165 1926 1194 1959; x_wconf 78' lang='grc' dir='ltr'><strong>α</strong></span> <span class='ocrx_word' id='word_1_146' title='bbox 1224 1892 1541 1964; x_wconf 82' lang='lat' dir='ltr'><strong>Amicorum</strong></span> <span class='ocrx_word' id='word_1_147' title='bbox 1578 1906 1760 1961; x_wconf 90' lang='lat' dir='ltr'><strong>omnia</strong></span> <span class='ocrx_word' id='word_1_148' title='bbox 1800 1920 1925 1962; x_wconf 87' lang='lat' dir='ltr'><strong>esse</strong></span> <span class='ocrx_word' id='word_1_149' title='bbox 1968 1902 2301 1973; x_wconf 85' lang='lat' dir='ltr'><strong>communia,</strong></span> 
     </span>
     <span class='ocr_line' id='line_1_19' title="bbox 299 1991 2299 2067; baseline 0.001 -18"><span class='ocrx_word' id='word_1_150' title='bbox 299 1999 355 2050; x_wconf 87' lang='lat' dir='ltr'><strong>et</strong></span> <span class='ocrx_word' id='word_1_151' title='bbox 380 1995 616 2051; x_wconf 89' lang='lat' dir='ltr'><strong>amicum</strong></span> <span class='ocrx_word' id='word_1_152' title='bbox 643 2010 704 2051; x_wconf 90' lang='lat' dir='ltr'><strong>se</strong></span> <span class='ocrx_word' id='word_1_153' title='bbox 727 1993 960 2051; x_wconf 83' lang='lat' dir='ltr'><strong>alterum</strong></span> <span class='ocrx_word' id='word_1_154' title='bbox 981 2010 1121 2061; x_wconf 86' lang='lat' dir='ltr'><strong>esse,</strong></span> <span class='ocrx_word' id='word_1_155' title='bbox 1158 2014 1185 2046; x_wconf 71' lang='lat' dir='ltr'><strong>n</strong></span> <span class='ocrx_word' id='word_1_156' title='bbox 1211 1995 1268 2051; x_wconf 91' lang='lat' dir='ltr'><strong>in</strong></span> <span class='ocrx_word' id='word_1_157' title='bbox 1291 2010 1402 2067; x_wconf 83' lang='lat' dir='ltr'><strong>quo</strong></span> <span class='ocrx_word' id='word_1_158' title='bbox 1428 1994 1665 2053; x_wconf 88' lang='lat' dir='ltr'><strong>maxime</strong></span> <span class='ocrx_word' id='word_1_159' title='bbox 1693 1991 1798 2050; x_wconf 82' lang='lat' dir='ltr'><strong>fuit</strong></span> <span class='ocrx_word' id='word_1_160' title='bbox 1832 2008 2021 2050; x_wconf 88' lang='lat' dir='ltr'><strong>eorum</strong></span> <span class='ocrx_word' id='word_1_161' title='bbox 2048 1998 2299 2050; x_wconf 87' lang='lat' dir='ltr'><strong>conatus.</strong></span> 
     </span>
     <span class='ocr_line' id='line_1_20' title="bbox 299 2081 2305 2158; baseline 0 -19"><span class='ocrx_word' id='word_1_162' title='bbox 299 2082 453 2139; x_wconf 87' lang='lat' dir='ltr'><strong>Unde</strong></span> <span class='ocrx_word' id='word_1_163' title='bbox 509 2089 697 2143; x_wconf 83' lang='lat' dir='ltr'><strong>narrat</strong></span> <span class='ocrx_word' id='word_1_164' title='bbox 744 2082 1012 2140; x_wconf 82' lang='lat' dir='ltr'><strong>Maximus</strong></span> <span class='ocrx_word' id='word_1_165' title='bbox 1065 2081 1314 2141; x_wconf 84' lang='lat' dir='ltr'><strong>Valerius</strong></span> <span class='ocrx_word' id='word_1_166' title='bbox 1364 2085 1434 2141; x_wconf 87' lang='lat' dir='ltr'><strong>de</strong></span> <span class='ocrx_word' id='word_1_167' title='bbox 1494 2083 1705 2141; x_wconf 89' lang='lat' dir='ltr'><strong>duobus</strong></span> <span class='ocrx_word' id='word_1_168' title='bbox 1754 2081 2149 2158; x_wconf 79' lang='lat' dir='ltr'><strong>PythagoriciS,</strong></span> <span class='ocrx_word' id='word_1_169' title='bbox 2204 2097 2305 2141; x_wconf 87' lang='lat' dir='ltr'><strong>seu</strong></span> 
     </span>
     <span class='ocr_line' id='line_1_21' title="bbox 298 2170 2303 2247; baseline -0 -20"><span class='ocrx_word' id='word_1_170' title='bbox 298 2170 625 2247; x_wconf 69' lang='lat' dir='ltr'><strong>Pythagorae</strong></span> <span class='ocrx_word' id='word_1_171' title='bbox 653 2171 953 2245; x_wconf 79' lang='lat' dir='ltr'><strong>discipuliS,</strong></span> <span class='ocrx_word' id='word_1_172' title='bbox 986 2172 1230 2229; x_wconf 83' lang='lat' dir='ltr'><strong>Damone</strong></span> <span class='ocrx_word' id='word_1_173' title='bbox 1251 2179 1305 2229; x_wconf 85' lang='lat' dir='ltr'><strong>et</strong></span> <span class='ocrx_word' id='word_1_174' title='bbox 1330 2172 1546 2246; x_wconf 85' lang='lat' dir='ltr'><strong>Pythia,</strong></span> <span class='ocrx_word' id='word_1_175' title='bbox 1588 2171 1733 2245; x_wconf 86' lang='lat' dir='ltr'><strong>quod</strong></span> <span class='ocrx_word' id='word_1_176' title='bbox 1762 2179 1875 2229; x_wconf 89' lang='lat' dir='ltr'><strong>tam</strong></span> <span class='ocrx_word' id='word_1_177' title='bbox 1916 2171 2132 2229; x_wconf 80' lang='lat' dir='ltr'><strong>fidelem</strong></span> <span class='ocrx_word' id='word_1_178' title='bbox 2159 2170 2303 2228; x_wconf 86' lang='lat' dir='ltr'><strong>inter</strong></span> 
     </span>
     <span class='ocr_line' id='line_1_22' title="bbox 299 2260 2305 2335; baseline 0 -20"><span class='ocrx_word' id='word_1_179' title='bbox 299 2276 358 2315; x_wconf 89' lang='lat' dir='ltr'><strong>se</strong></span> <span class='ocrx_word' id='word_1_180' title='bbox 404 2262 703 2331; x_wconf 82' lang='lat' dir='ltr'><strong>junxerunt</strong></span> <span class='ocrx_word' id='word_1_181' title='bbox 755 2260 1076 2327; x_wconf 84' lang='lat' dir='ltr'><strong>amicitiam,</strong></span> <span class='ocrx_word' id='word_1_182' title='bbox 1104 2260 1248 2333; x_wconf 86' lang='lat' dir='ltr'><strong>quod</strong></span> <span class='ocrx_word' id='word_1_183' title='bbox 1306 2276 1431 2318; x_wconf 87' lang='lat' dir='ltr'><strong>cum</strong></span> <span class='ocrx_word' id='word_1_184' title='bbox 1476 2260 1711 2318; x_wconf 89' lang='lat' dir='ltr'><strong>alterum</strong></span> <span class='ocrx_word' id='word_1_185' title='bbox 1749 2262 1953 2317; x_wconf 82' lang='lat' dir='ltr'><strong>&#39;eorum</strong></span> <span class='ocrx_word' id='word_1_186' title='bbox 2007 2260 2305 2335; x_wconf 84' lang='lat' dir='ltr'><strong>Dionysius</strong></span> 
     </span>
     <span class='ocr_line' id='line_1_23' title="bbox 301 2348 2305 2423; baseline 0 -17"><span class='ocrx_word' id='word_1_187' title='bbox 301 2358 570 2423; x_wconf 83' lang='lat' dir='ltr'><strong>tyrannus</strong></span> <span class='ocrx_word' id='word_1_188' title='bbox 598 2348 988 2421; x_wconf 85' lang='lat' dir='ltr'><strong>adjudicasset,</strong></span> <span class='ocrx_word' id='word_1_189' title='bbox 1020 2355 1077 2405; x_wconf 84' lang='lat' dir='ltr'><strong>et</strong></span> <span class='ocrx_word' id='word_1_190' title='bbox 1103 2350 1150 2404; x_wconf 89' lang='lat' dir='ltr'><strong>is</strong></span> <span class='ocrx_word' id='word_1_191' title='bbox 1180 2356 1392 2423; x_wconf 88' lang='lat' dir='ltr'><strong>tempus</strong></span> <span class='ocrx_word' id='word_1_192' title='bbox 1421 2348 1492 2405; x_wconf 85' lang='lat' dir='ltr'><strong>ab</strong></span> <span class='ocrx_word' id='word_1_193' title='bbox 1523 2364 1588 2406; x_wconf 88' lang='lat' dir='ltr'><strong>eo</strong></span> <span class='ocrx_word' id='word_1_194' title='bbox 1619 2350 1995 2421; x_wconf 70' lang='lat' dir='ltr'><strong>=impetrasset,</strong></span> <span class='ocrx_word' id='word_1_195' title='bbox 2027 2354 2089 2404; x_wconf 78' lang='lat' dir='ltr'><strong>ut</strong></span> <span class='ocrx_word' id='word_1_196' title='bbox 2116 2349 2305 2422; x_wconf 87' lang='lat' dir='ltr'><strong>prius-</strong></span> 
     </span>
     <span class='ocr_line' id='line_1_24' title="bbox 300 2435 2306 2511; baseline -0.002 -16"><span class='ocrx_word' id='word_1_197' title='bbox 300 2453 467 2511; x_wconf 89' lang='lat' dir='ltr'><strong>quam</strong></span> <span class='ocrx_word' id='word_1_198' title='bbox 496 2438 697 2510; x_wconf 86' lang='lat' dir='ltr'><strong>periret</strong></span> <span class='ocrx_word' id='word_1_199' title='bbox 740 2438 1016 2511; x_wconf 83' lang='lat' dir='ltr'><strong>profectus</strong></span> <span class='ocrx_word' id='word_1_200' title='bbox 1059 2438 1280 2495; x_wconf 87' lang='lat' dir='ltr'><strong>domum</strong></span> <span class='ocrx_word' id='word_1_201' title='bbox 1324 2452 1412 2494; x_wconf 85' lang='lat' dir='ltr'><strong>res</strong></span> <span class='ocrx_word' id='word_1_202' title='bbox 1467 2438 1796 2495; x_wconf 82' lang='lat' dir='ltr'><strong>domesticas</strong></span> <span class='ocrx_word' id='word_1_203' title='bbox 1835 2438 2132 2503; x_wconf 87' lang='lat' dir='ltr'><strong>ordinaret,</strong></span> <span class='ocrx_word' id='word_1_204' title='bbox 2166 2435 2306 2491; x_wconf 81' lang='lat' dir='ltr'><strong>aiter</strong></span> 
     </span>
     <span class='ocr_line' id='line_1_25' title="bbox 300 2524 2305 2600; baseline -0.002 -16"><span class='ocrx_word' id='word_1_205' title='bbox 300 2528 496 2585; x_wconf 89' lang='lat' dir='ltr'><strong>vadem</strong></span> <span class='ocrx_word' id='word_1_206' title='bbox 522 2543 619 2600; x_wconf 91' lang='lat' dir='ltr'><strong>pro</strong></span> <span class='ocrx_word' id='word_1_207' title='bbox 645 2524 818 2585; x_wconf 81' lang='lat' dir='ltr'><strong>altero</strong></span> <span class='ocrx_word' id='word_1_208' title='bbox 847 2542 905 2584; x_wconf 90' lang='lat' dir='ltr'><strong>se</strong></span> <span class='ocrx_word' id='word_1_209' title='bbox 935 2536 1168 2600; x_wconf 78' lang='lat' dir='ltr'><strong>tyranno</strong></span> <span class='ocrx_word' id='word_1_210' title='bbox 1193 2528 1324 2583; x_wconf 89' lang='lat' dir='ltr'><strong>dare</strong></span> <span class='ocrx_word' id='word_1_211' title='bbox 1355 2540 1461 2582; x_wconf 88' lang='lat' dir='ltr'><strong>non</strong></span> <span class='ocrx_word' id='word_1_212' title='bbox 1494 2524 1788 2582; x_wconf 86' lang='lat' dir='ltr'><strong>dubitavit.</strong></span> <span class='ocrx_word' id='word_1_213' title='bbox 1818 2524 2305 2598; x_wconf 86' lang='lat' dir='ltr'><strong>Appropinquante</strong></span> 
     </span>
     <span class='ocr_line' id='line_1_26' title="bbox 301 2614 2307 2688; baseline -0.003 -14"><span class='ocrx_word' id='word_1_214' title='bbox 301 2625 488 2675; x_wconf 88' lang='lat' dir='ltr'><strong>autem</strong></span> <span class='ocrx_word' id='word_1_215' title='bbox 511 2616 735 2675; x_wconf 85' lang='lat' dir='ltr'><strong>definita</strong></span> <span class='ocrx_word' id='word_1_216' title='bbox 777 2616 885 2684; x_wconf 91' lang='lat' dir='ltr'><strong>die,</strong></span> <span class='ocrx_word' id='word_1_217' title='bbox 917 2631 1020 2682; x_wconf 85' lang='lat' dir='ltr'><strong>nec</strong></span> <span class='ocrx_word' id='word_1_218' title='bbox 1048 2615 1139 2672; x_wconf 83' lang='lat' dir='ltr'><strong>illo</strong></span> <span class='ocrx_word' id='word_1_219' title='bbox 1169 2615 1450 2681; x_wconf 86' lang='lat' dir='ltr'><strong>redeunte,</strong></span> <span class='ocrx_word' id='word_1_220' title='bbox 1484 2630 1609 2671; x_wconf 89' lang='lat' dir='ltr'><strong>cum</strong></span> <span class='ocrx_word' id='word_1_221' title='bbox 1650 2614 2027 2688; x_wconf 87' lang='lat' dir='ltr'><strong>unusquisque</strong></span> <span class='ocrx_word' id='word_1_222' title='bbox 2064 2621 2178 2670; x_wconf 86' lang='lat' dir='ltr'><strong>tam</strong></span> <span class='ocrx_word' id='word_1_223' title='bbox 2208 2620 2307 2669; x_wconf 61' lang='lat' dir='ltr'><strong>‹te-</strong></span> 
     </span>
     <span class='ocr_line' id='line_1_27' title="bbox 302 2702 2306 2778; baseline -0.003 -15"><span class='ocrx_word' id='word_1_224' title='bbox 302 2707 598 2763; x_wconf 87' lang='lat' dir='ltr'><strong>merarium</strong></span> <span class='ocrx_word' id='word_1_225' title='bbox 621 2721 935 2778; x_wconf 84' lang='lat' dir='ltr'><strong>sponsorem</strong></span> <span class='ocrx_word' id='word_1_226' title='bbox 962 2703 1214 2762; x_wconf 84' lang='lat' dir='ltr'><strong>stultitiae</strong></span> <span class='ocrx_word' id='word_1_227' title='bbox 1238 2704 1573 2771; x_wconf 72' lang='lat' dir='ltr'><strong>damnasset,</strong></span> <span class='ocrx_word' id='word_1_228' title='bbox 1601 2704 1649 2759; x_wconf 91' lang='lat' dir='ltr'><strong>is</strong></span> <span class='ocrx_word' id='word_1_229' title='bbox 1672 2702 1803 2759; x_wconf 86' lang='lat' dir='ltr'><strong>nihil</strong></span> <span class='ocrx_word' id='word_1_230' title='bbox 1846 2719 1905 2759; x_wconf 87' lang='lat' dir='ltr'><strong>se</strong></span> <span class='ocrx_word' id='word_1_231' title='bbox 1940 2702 2101 2759; x_wconf 87' lang='lat' dir='ltr'><strong>amici</strong></span> <span class='ocrx_word' id='word_1_232' title='bbox 2139 2716 2306 2758; x_wconf 88' lang='lat' dir='ltr'><strong>eons-</strong></span> 
     </span>
     <span class='ocr_line' id='line_1_28' title="bbox 304 2786 2304 2867; baseline -0.003 -14"><span class='ocrx_word' id='word_1_233' title='bbox 304 2796 534 2853; x_wconf 86' lang='lat' dir='ltr'><strong>tantiam</strong></span> <span class='ocrx_word' id='word_1_234' title='bbox 557 2800 800 2851; x_wconf 87' lang='lat' dir='ltr'><strong>metuere</strong></span> <span class='ocrx_word' id='word_1_235' title='bbox 841 2794 1196 2866; x_wconf 81' lang='lat' dir='ltr'><strong>praedicabat.</strong></span> <span class='ocrx_word' id='word_1_236' title='bbox 1228 2786 1442 2849; x_wconf 65' lang='lat' dir='ltr'><strong>Eodem&#39;</strong></span> <span class='ocrx_word' id='word_1_237' title='bbox 1461 2794 1649 2867; x_wconf 88' lang='lat' dir='ltr'><strong>itaque</strong></span> <span class='ocrx_word' id='word_1_238' title='bbox 1676 2798 1972 2861; x_wconf 84' lang='lat' dir='ltr'><strong>momente,</strong></span> <span class='ocrx_word' id='word_1_239' title='bbox 2000 2791 2304 2865; x_wconf 88' lang='lat' dir='ltr'><strong>eademque</strong></span> 
     </span>
     <span class='ocr_line' id='line_1_29' title="bbox 301 2882 2297 2956; baseline -0.003 -14"><span class='ocrx_word' id='word_1_240' title='bbox 301 2886 434 2942; x_wconf 87' lang='lat' dir='ltr'><strong>hora</strong></span> <span class='ocrx_word' id='word_1_241' title='bbox 478 2899 574 2955; x_wconf 89' lang='lat' dir='ltr'><strong>per</strong></span> <span class='ocrx_word' id='word_1_242' title='bbox 614 2882 936 2955; x_wconf 80' lang='lat' dir='ltr'><strong>Dionysium</strong></span> <span class='ocrx_word' id='word_1_243' title='bbox 971 2884 1270 2939; x_wconf 86' lang='lat' dir='ltr'><strong>constituta</strong></span> <span class='ocrx_word' id='word_1_244' title='bbox 1315 2884 1411 2955; x_wconf 87' lang='lat' dir='ltr'><strong>qui</strong></span> <span class='ocrx_word' id='word_1_245' title='bbox 1454 2898 1573 2939; x_wconf 88' lang='lat' dir='ltr'><strong>eam</strong></span> <span class='ocrx_word' id='word_1_246' title='bbox 1617 2888 1923 2955; x_wconf 88' lang='lat' dir='ltr'><strong>acceperat,</strong></span> <span class='ocrx_word' id='word_1_247' title='bbox 1960 2882 2297 2956; x_wconf 86' lang='lat' dir='ltr'><strong>supervenit.</strong></span> 
     </span>
     <span class='ocr_line' id='line_1_30' title="bbox 301 2968 2305 3045; baseline -0.002 -13"><span class='ocrx_word' id='word_1_248' title='bbox 301 2971 619 3032; x_wconf 82' lang='lat' dir='ltr'><strong>Admiratus</strong></span> <span class='ocrx_word' id='word_1_249' title='bbox 665 2976 930 3043; x_wconf 82' lang='lat' dir='ltr'><strong>tyrannus</strong></span> <span class='ocrx_word' id='word_1_250' title='bbox 969 2968 1252 3025; x_wconf 81' lang='lat' dir='ltr'><strong>amborum</strong></span> <span class='ocrx_word' id='word_1_251' title='bbox 1281 2972 1543 3039; x_wconf 87' lang='lat' dir='ltr'><strong>animum,</strong></span> <span class='ocrx_word' id='word_1_252' title='bbox 1575 2972 1902 3045; x_wconf 80' lang='lat' dir='ltr'><strong>supplicium</strong></span> <span class='ocrx_word' id='word_1_253' title='bbox 1943 2972 2173 3041; x_wconf 86' lang='lat' dir='ltr'><strong>remisit,</strong></span> <span class='ocrx_word' id='word_1_254' title='bbox 2205 2986 2305 3028; x_wconf 90' lang='lat' dir='ltr'><strong>eo·</strong></span> 
     </span>
     <span class='ocr_line' id='line_1_31' title="bbox 301 3059 2376 3137; baseline -0.005 -17"><span class='ocrx_word' id='word_1_255' title='bbox 301 3076 532 3136; x_wconf 87' lang='lat' dir='ltr'><strong>rumque</strong></span> <span class='ocrx_word' id='word_1_256' title='bbox 556 3059 683 3137; x_wconf 85' lang='lat' dir='ltr'><strong>fidei</strong></span> <span class='ocrx_word' id='word_1_257' title='bbox 721 3074 780 3115; x_wconf 88' lang='lat' dir='ltr'><strong>se</strong></span> <span class='ocrx_word' id='word_1_258' title='bbox 821 3059 1074 3131; x_wconf 84' lang='lat' dir='ltr'><strong>conjungi</strong></span> <span class='ocrx_word' id='word_1_259' title='bbox 1120 3059 1455 3123; x_wconf 70' lang='lat' dir='ltr'><strong>desider-ane,</strong></span> <span class='ocrx_word' id='word_1_260' title='bbox 1486 3074 1599 3123; x_wconf 80' lang='lat' dir='ltr'><strong>eOS,</strong></span> <span class='ocrx_word' id='word_1_261' title='bbox 1632 3066 1693 3113; x_wconf 87' lang='lat' dir='ltr'><strong>ut</strong></span> <span class='ocrx_word' id='word_1_262' title='bbox 1735 3059 1913 3131; x_wconf 89' lang='lat' dir='ltr'><strong>ipsum</strong></span> <span class='ocrx_word' id='word_1_263' title='bbox 1954 3060 2008 3114; x_wconf 90' lang='lat' dir='ltr'><strong>in</strong></span> <span class='ocrx_word' id='word_1_264' title='bbox 2034 3060 2301 3117; x_wconf 87' lang='lat' dir='ltr'><strong>societate</strong></span> <span class='ocrx_word' id='word_1_265' title='bbox 2366 3102 2376 3110; x_wconf 72' lang='grc'>.</span> 
     </span>
     <span class='ocr_line' id='line_1_32' title="bbox 301 3144 2303 3221; baseline -0.002 -12"><span class='ocrx_word' id='word_1_266' title='bbox 301 3167 418 3209; x_wconf 84' lang='lat' dir='ltr'><strong>suae</strong></span> <span class='ocrx_word' id='word_1_267' title='bbox 445 3149 704 3207; x_wconf 76' lang='lat' dir='ltr'><strong>amicitiae</strong></span> <span class='ocrx_word' id='word_1_268' title='bbox 741 3148 1065 3221; x_wconf 83' lang='lat' dir='ltr'><strong>reciperent,</strong></span> <span class='ocrx_word' id='word_1_269' title='bbox 1099 3147 1331 3219; x_wconf 87' lang='lat' dir='ltr'><strong>rogavit.</strong></span> <span class='ocrx_word' id='word_1_270' title='bbox 1359 3144 1559 3201; x_wconf 87' lang='lat' dir='ltr'><strong>Scribit</strong></span> <span class='ocrx_word' id='word_1_271' title='bbox 1596 3146 1760 3201; x_wconf 90' lang='lat' dir='ltr'><strong>etiam</strong></span> <span class='ocrx_word' id='word_1_272' title='bbox 1800 3147 2165 3220; x_wconf 78' lang='lat' dir='ltr'><strong>Hieronymus</strong></span> <span class='ocrx_word' id='word_1_273' title='bbox 2193 3146 2303 3205; x_wconf 88' lang='lat' dir='ltr'><strong>alia</strong></span> 
     </span>
     <span class='ocr_line' id='line_1_33' title="bbox 301 3233 2302 3311; baseline -0.003 -14"><span class='ocrx_word' id='word_1_274' title='bbox 301 3240 628 3297; x_wconf 85' lang='lat' dir='ltr'><strong>documenta</strong></span> <span class='ocrx_word' id='word_1_275' title='bbox 669 3254 764 3294; x_wconf 90' lang='lat' dir='ltr'><strong>seu</strong></span> <span class='ocrx_word' id='word_1_276' title='bbox 813 3236 980 3309; x_wconf 74' lang='lat' dir='ltr'><strong>leges,</strong></span> <span class='ocrx_word' id='word_1_277' title='bbox 1010 3252 1148 3310; x_wconf 87' lang='lat' dir='ltr'><strong>quas</strong></span> <span class='ocrx_word' id='word_1_278' title='bbox 1193 3234 1527 3309; x_wconf 83' lang='lat' dir='ltr'><strong>Pythagoras</strong></span> <span class='ocrx_word' id='word_1_279' title='bbox 1563 3233 1617 3289; x_wconf 90' lang='lat' dir='ltr'><strong>in</strong></span> <span class='ocrx_word' id='word_1_280' title='bbox 1658 3249 1758 3291; x_wconf 90' lang='lat' dir='ltr'><strong>sua</strong></span> <span class='ocrx_word' id='word_1_281' title='bbox 1806 3234 2033 3293; x_wconf 87' lang='lat' dir='ltr'><strong>tradidit</strong></span> <span class='ocrx_word' id='word_1_282' title='bbox 2087 3234 2302 3311; x_wconf 85' lang='lat' dir='ltr'><strong>politia,</strong></span> 
     </span>
     <span class='ocr_line' id='line_1_34' title="bbox 301 3324 2301 3402; baseline -0.002 -17"><span class='ocrx_word' id='word_1_283' title='bbox 301 3329 542 3385; x_wconf 86' lang='lat' dir='ltr'><strong>duorum·</strong></span> <span class='ocrx_word' id='word_1_284' title='bbox 566 3326 821 3385; x_wconf 85' lang='lat' dir='ltr'><strong>videlicet</strong></span> <span class='ocrx_word' id='word_1_285' title='bbox 861 3332 1166 3402; x_wconf 80' lang='lat' dir='ltr'><strong>temporum</strong></span> <span class='ocrx_word' id='word_1_286' title='bbox 1203 3324 1439 3381; x_wconf 84' lang='lat' dir='ltr'><strong>maxime</strong></span> <span class='ocrx_word' id='word_1_287' title='bbox 1470 3324 1908 3389; x_wconf 83' lang='lat' dir='ltr'><strong>curam-habere,</strong></span> <span class='ocrx_word' id='word_1_288' title='bbox 1942 3338 2100 3380; x_wconf 88' lang='lat' dir='ltr'><strong>mane</strong></span> <span class='ocrx_word' id='word_1_289' title='bbox 2142 3325 2301 3382; x_wconf 89' lang='lat' dir='ltr'><strong>vide-</strong></span> 
     </span>
     <span class='ocr_line' id='line_1_35' title="bbox 301 3414 2299 3488; baseline -0.001 -17"><span class='ocrx_word' id='word_1_290' title='bbox 301 3417 430 3473; x_wconf 86' lang='lat' dir='ltr'><strong>licet</strong></span> <span class='ocrx_word' id='word_1_291' title='bbox 459 3425 516 3473; x_wconf 90' lang='lat' dir='ltr'><strong>et</strong></span> <span class='ocrx_word' id='word_1_292' title='bbox 539 3432 783 3488; x_wconf 88' lang='lat' dir='ltr'><strong>vespere,</strong></span> <span class='ocrx_word' id='word_1_293' title='bbox 815 3416 871 3471; x_wconf 87' lang='lat' dir='ltr'><strong>id</strong></span> <span class='ocrx_word' id='word_1_294' title='bbox 907 3420 990 3475; x_wconf 83' lang='lat' dir='ltr'><strong>est</strong></span> <span class='ocrx_word' id='word_1_295' title='bbox 1014 3430 1202 3471; x_wconf 88' lang='lat' dir='ltr'><strong>eorum</strong></span> <span class='ocrx_word' id='word_1_296' title='bbox 1243 3428 1367 3487; x_wconf 84' lang='lat' dir='ltr'><strong>quae</strong></span> <span class='ocrx_word' id='word_1_297' title='bbox 1411 3414 1585 3471; x_wconf 80' lang='lat' dir='ltr'><strong>acturi</strong></span> <span class='ocrx_word' id='word_1_298' title='bbox 1622 3430 1812 3471; x_wconf 87' lang='lat' dir='ltr'><strong>sumus</strong></span> <span class='ocrx_word' id='word_1_299' title='bbox 1852 3420 1909 3469; x_wconf 89' lang='lat' dir='ltr'><strong>et</strong></span> <span class='ocrx_word' id='word_1_300' title='bbox 1944 3427 2131 3470; x_wconf 90' lang='lat' dir='ltr'><strong>eorum</strong></span> <span class='ocrx_word' id='word_1_301' title='bbox 2170 3430 2299 3487; x_wconf 83' lang='lat' dir='ltr'><strong>quae</strong></span> 
     </span>
     <span class='ocr_line' id='line_1_36' title="bbox 301 3499 2303 3579; baseline -0.002 -17"><span class='ocrx_word' id='word_1_302' title='bbox 301 3506 592 3578; x_wconf 77' lang='lat' dir='ltr'><strong>gessimus.</strong></span> <span class='ocrx_word' id='word_1_303' title='bbox 634 3507 764 3562; x_wconf 86' lang='lat' dir='ltr'><strong>Post</strong></span> <span class='ocrx_word' id='word_1_304' title='bbox 818 3503 990 3561; x_wconf 82' lang='lat' dir='ltr'><strong>Deum</strong></span> <span class='ocrx_word' id='word_1_305' title='bbox 1026 3505 1316 3579; x_wconf 74' lang='lat' dir='ltr'><strong>veritatem</strong></span> <span class='ocrx_word' id='word_1_306' title='bbox 1356 3501 1687 3574; x_wconf 86' lang='lat' dir='ltr'><strong>colendam,-</strong></span> <span class='ocrx_word' id='word_1_307' title='bbox 1713 3516 1837 3577; x_wconf 86' lang='lat' dir='ltr'><strong>quae</strong></span> <span class='ocrx_word' id='word_1_308' title='bbox 1886 3499 2001 3559; x_wconf 89' lang='lat' dir='ltr'><strong>sola</strong></span> <span class='ocrx_word' id='word_1_309' title='bbox 2050 3502 2303 3558; x_wconf 89' lang='lat' dir='ltr'><strong>homines</strong></span> 
     </span>
     <span class='ocr_line' id='line_1_37' title="bbox 301 3578 2295 3669; baseline -0.004 -18"><span class='ocrx_word' id='word_1_310' title='bbox 301 3594 578 3669; x_wconf 80' lang='lat' dir='ltr'><strong>proximos</strong></span> <span class='ocrx_word' id='word_1_311' title='bbox 610 3596 724 3651; x_wconf 85' lang='lat' dir='ltr'><strong>Deo</strong></span> <span class='ocrx_word' id='word_1_312' title='bbox 761 3592 914 3651; x_wconf 81' lang='lat' dir='ltr'><strong>facit.</strong></span> <span class='ocrx_word' id='word_1_313' title='bbox 939 3594 1126 3651; x_wconf 80' lang='lat' dir='ltr'><strong>Refert</strong></span> <span class='ocrx_word' id='word_1_314' title='bbox 1155 3594 1320 3653; x_wconf 86' lang='lat' dir='ltr'><strong>etiam</strong></span> <span class='ocrx_word' id='word_1_315' title='bbox 1355 3593 1716 3667; x_wconf 84' lang='lat' dir='ltr'><strong>Hieronymus</strong></span> <span class='ocrx_word' id='word_1_316' title='bbox 1758 3578 1917 3666; x_wconf 79' lang='lat' dir='ltr'><strong>super</strong></span> <span class='ocrx_word' id='word_1_317' title='bbox 1952 3591 2295 3661; x_wconf 59' lang='lat' dir='ltr'><strong>Ecclesia&#39;st„</strong></span> 
     </span>
     <span class='ocr_line' id='line_1_38' title="bbox 303 3676 2301 3759; baseline -0.002 -18"><span class='ocrx_word' id='word_1_318' title='bbox 303 3683 724 3759; x_wconf 81' lang='lat' dir='ltr'><strong>Pythagorioam</strong></span> <span class='ocrx_word' id='word_1_319' title='bbox 773 3683 940 3743; x_wconf 81' lang='lat' dir='ltr'><strong>fuisse</strong></span> <span class='ocrx_word' id='word_1_320' title='bbox 991 3676 1314 3751; x_wconf 74' lang='lat' dir='ltr'><strong>doctrinam,</strong></span> <span class='ocrx_word' id='word_1_321' title='bbox 1361 3688 1424 3740; x_wconf 86' lang='lat' dir='ltr'><strong>ut</strong></span> <span class='ocrx_word' id='word_1_322' title='bbox 1465 3680 1712 3739; x_wconf 85' lang='lat' dir='ltr'><strong>homines</strong></span> <span class='ocrx_word' id='word_1_323' title='bbox 1762 3680 2071 3739; x_wconf 78' lang='lat' dir='ltr'><strong>scholasti-ci</strong></span> <span class='ocrx_word' id='word_1_324' title='bbox 2096 3708 2101 3711; x_wconf 96' lang='lat'>·</span> <span class='ocrx_word' id='word_1_325' title='bbox 2127 3696 2301 3755; x_wconf 88' lang='lat' dir='ltr'><strong>usque</strong></span> 
     </span>
     <span class='ocr_line' id='line_1_39' title="bbox 305 3769 2317 3857; baseline -0.003 -24"><span class='ocrx_word' id='word_1_326' title='bbox 305 3780 432 3848; x_wconf 86' lang='lat' dir='ltr'><strong>post</strong></span> <span class='ocrx_word' id='word_1_327' title='bbox 449 3772 906 3849; x_wconf 77' lang='lat' dir='ltr'><strong>quinquennium·</strong></span> <span class='ocrx_word' id='word_1_328' title='bbox 921 3776 1156 3843; x_wconf 84' lang='lat' dir='ltr'><strong>taceant,</strong></span> <span class='ocrx_word' id='word_1_329' title='bbox 1189 3779 1379 3857; x_wconf 84' lang='lat' dir='ltr'><strong>postea</strong></span> <span class='ocrx_word' id='word_1_330' title='bbox 1403 3774 1547 3836; x_wconf 71' lang='lat' dir='ltr'><strong>&#39;vero</strong></span> <span class='ocrx_word' id='word_1_331' title='bbox 1567 3771 1767 3831; x_wconf 83' lang='lat' dir='ltr'><strong>eruditi</strong></span> <span class='ocrx_word' id='word_1_332' title='bbox 1798 3769 2107 3845; x_wconf 83' lang='lat' dir='ltr'><strong>loquantur.</strong></span> <span class='ocrx_word' id='word_1_333' title='bbox 2136 3772 2317 3842; x_wconf 78' lang='lat' dir='ltr'><strong>Item,</strong></span> 
     </span>
    </p>
   </div>
  </div>
 </body>
</html>
