2784 4392
509 342 640 387 x1v.
673 354 754 369 —
781 338 1019 385 comm
1059 338 1273 386 mene.
1318 339 1422 384 nm
1463 338 1638 388 eum.
1683 338 1761 386 m·
1800 340 2004 387 naue.
2143 324 2261 386 149

257 457 523 516 Dominus
564 456 777 513 dixerat
814 456 1106 530 Apostolis,
1140 457 1282 529 quod
1331 473 1439 514 non
1465 472 1649 513 secum
1697 460 2002 515 necessaria
2036 459 2257 528 ferrent,

256 562 365 603 non
392 546 636 605 totaliter
660 546 938 602 revocavit
959 546 1016 601 in
1043 560 1218 611 coena,
1246 545 1342 602 sed
1371 540 1549 603 solum
1572 552 1813 619 tempore
1844 549 2258 619 persecutioniS,

258 636 476 711 quando
538 651 569 691 a
620 634 1062 710 persecutoribus
1113 635 1423 690 necessaria
1475 633 1675 691 habere
1716 634 1838 690 'non
1880 637 2187 708 potuissent
2244 653 2260 693 ε

263 726 404 781 unde
450 726 582 780 Luc.
625 739 778 789 xxu,
821 724 887 778 35
922 740 933 777 τ
970 722 1192 788 Quando
1228 722 1372 778 misit
1414 740 1524 789 vos,
1570 724 1684 779 sine
1722 724 1925 780 sacculo
1962 731 2009 780 et
2046 742 2184 797 pera
2213 733 2264 782 et

259 813 642 879 calceamentis,
677 812 936 884 numquid
964 811 1168 885 aliquid
1191 812 1362 883 defuit
1383 812 1559 869 vobis?
1584 813 1779 870 Glossa
1811 831 1826 870 ε
1861 834 1886 867 «
1918 812 2037 871 Non
2070 815 2261 872 eadem

261 903 475 958 vivendi
507 901 692 974 regula
730 902 1124 975 persecutionis
1163 908 1425 973 tempore,
1450 917 1557 973 qna
1584 904 1735 974 pacis
1761 902 2058 976 discipulos
2087 904 2261 959 infor-

263 1000 394 1047 mat.
426 992 603 1047 Missis
649 989 916 1064 siquidem
955 990 1236 1063 discipulis
1278 989 1347 1045 ad
1376 990 1807 1063 praedicandum,
1838 1008 1904 1047 ne
1934 992 2063 1064 quid
2097 993 2259 1049 tolle-

259 1090 380 1138 rent
405 1082 460 1136 in
486 1082 575 1136 via
601 1079 881 1152 praecepit,
905 1078 1181 1145 ordinans,
1203 1079 1412 1135 scilicet
1430 1086 1489 1134 ut
1512 1080 1605 1151 qui
1636 1078 1991 1151 Evangelium
2021 1084 2257 1150 nuntiat,

257 1168 326 1225 de
373 1168 663 1239 Evangelio
705 1169 877 1225 vivat.
923 1170 1165 1227 Instante
1204 1183 1332 1224 vero
1378 1167 1572 1224 mortis
1619 1168 1868 1236 articulO,
1915 1178 1972 1226 et
2014 1176 2130 1228 tota
2168 1172 2261 1229 illa

257 1263 417 1328 gente
446 1262 717 1327 pastorem
747 1253 906 1311 simul
947 1261 1002 1310 et
1039 1270 1256 1327 gregem
1286 1261 1665 1329 persequente,
1690 1271 1986 1327 congruam
2026 1260 2257 1331 tempori

257 1345 500 1417 regulam
525 1344 786 1411 decernit,
819 1345 1136 1417 permittens
1165 1345 1473 1400 necessaria
1503 1345 1693 1411 victui,
1717 1345 1889 1401 donec
1917 1347 2096 1418 sopita
2132 1364 2259 1419 per-

256 1442 570 1492 secutorum
599 1433 827 1499 insania‚
860 1442 1074 1504 tempus
1103 1433 1511 1504 evangelizandi
1543 1432 1749 1499 redeat,
1788 1453 1813 1483 »
1840 1439 1895 1488 et
1924 1434 2031 1490 alia
2061 1435 2257 1492 Glossa

257 1522 392 1578 dicit
426 1540 440 1577 ε
471 1542 497 1574 α
529 1521 730 1578 ln-hoc
766 1521 922 1577 nobis
947 1537 1164 1593 quoque
1198 1522 1361 1576 datur
1409 1522 1735 1593 exemplum,
1769 1528 1831 1576 ut
1870 1537 2258 1595 nonnunquam

257 1627 422 1668 causa
448 1612 692 1669 instante·
712 1612 962 1684 quaedam
990 1610 1057 1666 de
1081 1612 1249 1665 nostri
1279 1610 1540 1682 propositi
1569 1611 1748 1681 rigore
1772 1611 1895 1665 sine·
1919 1611 2078 1684 culpa
2100 1612 2257 1667 inter·

257 1704 478 1757 mittere
519 1701 805 1772 possimus,
856 1720 882 1750 n
929 1698 1082 1755 verbi
1121 1699 1299 1769 gratia
1341 1715 1353 1752 ε
1391 1699 1564 1770 siper
1606 1697 1960 1771 inhospitales
1985 1700 2253 1772 *regiones

255 1792 363 1847 iter
389 1790 616 1863 agimus,
644 1790 800 1864 plura
830 1788 1016 1844 viatici
1056 1801 1221 1844 causa
1257 1785 1384 1843 licet
1416 1792 1653 1859 portare,
1688 1802 1855 1859 quam
1880 1787 2026 1843 domi
2052 1787 2257 1845 habea-

256 1896 398 1937 mus.
440 1881 544 1937 Sed
592 1879 815 1952 quidam
860 1878 1126 1944 haeretici,
1177 1891 1411 1951 quorum
1450 1881 1533 1933 est
1576 1876 1667 1932 illa
1702 1876 1956 1948 objecti0,
2002 1877 2255 1935 Glossam

256 1987 366 2027 non
393 1968 680 2042 recipiunt,
713 1969 830 2041 ipso
862 1974 1012 2023 textu
1051 1966 1407 2023 ostendemus
1434 1966 1580 2039 quod
1604 1963 1983 2038 multiplicatis
2006 1966 2255 2023 fidelibus

256 2059 509 2131 discipuli
537 2058 738 2114 Christi
775 2073 958 2113 secum
1001 2057 1309 2112 necessaria
1341 2056 1392 2110 in
1429 2057 1518 2111 via
1559 2070 1663 2110 non
1704 2055 2015 2127 portabant.
2044 2057 2257 2113 Dicitur

257 2150 400 2204 enim
433 2150 484 2202 in
515 2148 615 2202 ult.
649 2162 772 2202 can.
799 2147 955 2201 ioan.
987 2160 1022 2199 v
1056 2160 1070 2199 z
1097 2144 1405 2210 carissime,
1435 2144 1669 2215 fideliter
1693 2143 1829 2215 facis
1852 2144 2105 2216 quidquid
2132 2163 2259 2219 ope-

256 2237 412 2293 raris
437 2237 496 2292 in
514 2235 742 2307 fratres,
768 2240 817 2289 et
843 2234 937 2287 hoc
971 2232 1031 2287 in
1049 2232 1391 2304 pereqrino35
1420 2238 1476 2286 et
1510 2231 1651 2287 infra
1679 2249 1691 2286 :
1722 2232 1832 2287 Pro
1878 2234 2087 2290 nomine
2116 2237 2255 2291 enim

257 2327 372 2399 ejus
409 2323 642 2397 profecti
679 2328 802 2377 sunt
830 2320 971 2375 nihil
1008 2320 1320 2391 accipientes
1347 2334 1380 2374 a
1407 2319 1709 2391 qentilibus,
1734 2336 1828 2375 nos
1856 2338 1977 2394 erqo
2020 2323 2254 2379 debemus

258 2430 520 2487 susctpere
566 2409 887 2483 hujusmodi.
933 2409 1051 2465 Non
1095 2414 1277 2463 autem
1323 2414 1471 2462 esset
1514 2410 1879 2471 necessarium
1927 2414 2177 2482 quamvis
2224 2431 2254 2468 a

253 2504 549 2577 gentilibus
571 2499 700 2557 nihil
732 2501 1060 2572 acciperent,
1085 2497 1230 2569 quod
1257 2497 1627 2568 reciperentur
1653 2512 1684 2551 a
1706 2495 1972 2566 fidelibus,
2000 2500 2044 2553 si
2071 2516 2254 2556 secum

255 2596 567 2650 necessaria
613 2589 681 2646 ad
726 2589 929 2645 victum
960 2586 1271 2655 deferrent3
1318 2584 1465 2657 quod
1508 2583 1675 2639 etiam
1704 2591 1856 2656 patet
1879 2602 1977 2659 per
2006 2586 2257 2644 Glossam

255 2682 357 2750 ibi,
399 2696 529 2755 ,quae
566 2680 700 2736 dicit
731 2695 744 2731 :
780 2698 805 2730 α
838 2677 942 2732 Pro
985 2674 1203 2731 nomine
1247 2676 1365 2746 ejus
1395 2672 1622 2746 perfecti
1650 2679 1778 2731 sunt
1820 2672 1981 2731 alieni
2024 2692 2057 2732 a
2100 2676 2258 2735 rebus

255 2758 513 2849 propriis.
545 2789 572 2821 »

333 2861 415 2917 Ad
445 2858 715 2914 decimum
748 2855 1040 2928 septimum
1080 2852 1390 2919 dicendum,
1421 2852 1564 2925 quod
1601 2852 1845 2910 Ecclesia
1872 2854 2071 2913 multos
2102 2856 2259 2913 infir-

258 2966 382 3008 mos
408 2949 658 3014 sustinet,
691 2960 828 3019 quos
857 2960 962 3000 non
987 2941 1144 2999 facile
1167 2942 1463 2999 sustineret
1490 2943 1607 2998 sine
1638 2944 2017 3015 temporalium
2041 2961 2260 3019 posses-

261 3041 477 3096 sionum
519 3035 746 3103 solati03
795 3033 1016 3105 expedit
1061 3046 1189 3102 ergo
1234 3030 1523 3087 facultates
1562 3046 1877 3089 communes
1920 3035 1976 3089 in
2018 3035 2261 3093 Ecclesia

261 3126 527 3203 possideri
557 3123 791 3199 propriis
813 3120 1070 3187 dimissis,
1104 3126 1160 3175 et
1184 3121 1457 3193 praecipue
1492 3128 1711 3192 propter
1740 3138 2006 3195 pauperes
2041 3130 2264 3179 susten-

261 3217 482 3275 tandos.
499 3216 618 3271 Non
640 3218 821 3269 tamen
849 3209 1096 3285 sequitur
1115 3209 1258 3281 quod
1286 3224 1390 3263 non
1417 3208 1489 3263 sit
1506 3208 1799 3281 expediens
1826 3208 2083 3282 perfectis
2108 3212 2259 3279 viris,

261 3308 359 3381 qui
406 3318 503 3359 sua
546 3301 889 3367 dimiserunt,
948 3300 1117 3354 vitam
1165 3295 1477 3368 religiosam
1514 3312 1677 3368 agere
1723 3297 1839 3353 sine
1888 3300 2267 3356 communibus

263 3389 720 3471 possessionibuS,
747 3396 803 3443 et
839 3386 1091 3460 quamvis
1117 3385 1376 3458 perfectio
1426 3384 1725 3458 apostolica
1748 3401 1855 3443 non
1884 3388 2267 3444 annuletur-in

264 3484 376 3542 illis
401 3479 494 3554 qui
523 3476 888 3551 possessiones
916 3488 1230 3530 communes
1257 3473 1477 3540 habent,
1504 3482 1682 3529 tamen
1712 3476 2020 3547 expressius
2042 3492 2268 3533 conser-

266 3579 427 3633 vatur
464 3569 519 3623 in
548 3566 656 3621 illis
685 3563 778 3637 qui
806 3558 1039 3635 propriis
1061 3562 1320 3629 dimissiS,
1355 3562 1523 3616 etiam
1551 3562 1931 3619 communibus
1954 3571 2126 3621 caret.

341 3660 422 3717 Ad
447 3658 720 3713 decimum
749 3660 1003 3709 octavum
1031 3648 1340 3716 dicendum,
1375 3649 1519 3721 quod
1548 3665 1644 3719 per
1682 3649 1815 3706 illud
1852 3650 2133 3709 decretum
2164 3650 2268 3712 non

268 3751 500 3810 habetur
529 3760 649 3803 esse
677 3742 1009 3817 prohibitum
1035 3737 1195 3794 alicui
1227 3740 1359 3809 quin
1388 3753 1679 3810 pauperem
1702 3739 1874 3796 vitam
1912 3741 2078 3813 eligat
2108 3759 2269 3818 prop-

267 3848 358 3897 ter
383 3838 676 3902 Christum,
697 3831 792 3889 sed
817 3836 901 3887 est
927 3833 1260 3902 praeceptum
1287 3826 1587 3899 Episcopis,
1603 3834 1659 3884 et
1686 3829 1765 3885 eis
1786 3830 1879 3902 qui
1905 3830 2269 3889 Ecclesiarum

269 3931 414 3988 bona
439 3925 738 4001 possident,
772 3936 898 3996 quae
923 3932 1224 3994 pauperum
1250 3923 1397 3988 sunt,
1431 3921 1491 3973 ut
1537 3917 1619 3979 eis
1654 3918 1724 3977 de
1756 3918 2024 3983 fructibus
2049 3937 2273 3996 posses-
