2784 4392
501 193 622 255 434
981 210 1034 257 s.
1077 209 1313 257 rnonae.
1352 204 1683 261 nummus
1723 205 2035 255 opuscumt

501 327 647 381 enim
676 343 769 399 per
812 326 1065 403 gratiam·
1090 328 1188 385 Dei
1234 329 1288 387 in
1320 330 1537 415 imitate
1572 326 1831 385 Ecclesiae
1859 334 2278 397 congregamur,
2324 336 2524 381 sacra-

501 424 686 472 menta
719 418 1202 487 communicamuS‚
1236 426 1292 474 et
1319 420 1692 475 remissionem
1721 425 2074 490 peccatorum
2103 412 2523 487 consequimur.

503 507 776 579 Septimus
807 508 1068 563 articulus
1093 516 1175 564 est
1196 507 1264 564 de
1295 508 1491 563 effectu
1516 508 1634 575 Dei,
1670 522 1778 581 quo
1806 505 2120 578 perficimur
2151 504 2207 559 in
2239 518 2360 559 esse
2395 501 2527 574 glo-

505 594 620 661 riae,
645 602 700 651 et
721 603 988 669 quantum
1010 597 1074 653 ad
1100 612 1296 669 corpus
1317 603 1372 652 et
1393 602 1658 668 quantum
1680 595 1747 651 ad
1772 595 2009 650 animam
2031 610 2046 661 ;
2069 601 2125 648 et
2145 592 2247 648 hoc
2274 592 2527 663 tangitur

502 700 626 739 cum
653 685 853 740 dicitur
895 702 907 739 :
939 706 964 737 α
1007 686 1196 741 Carnis
1227 685 1700 751 resurrectionem,
1736 690 1789 739 et
1819 684 1990 740 vitam
2015 690 2305 739 aeternam.
2339 701 2365 733 n
2409 684 2525 736 Ar·

505 772 654 827 ticuli
679 788 806 829 vero
831 781 1040 846 septem
1065 775 1132 830 ad
1161 773 1597 831 lncarnationem
1625 774 1956 845 pertinentes
1979 771 2059 827 sic
2078 771 2521 842 distinguuntur,

507 867 565 915 ut
606 860 810 932 primus
834 863 906 918 sit
934 864 1001 917 de
1025 863 1227 919 Christi
1270 864 1645 935 conceptione,
1678 861 1772 934 qui
1806 861 2050 932 tangitur
2086 876 2210 915 cum
2252 858 2460 915 dicitur
2505 877 2521 913 t

447 940 455 947 ’
509 970 533 1002 α
561 951 662 1019 Qui
685 957 978 1023 conceptus
996 958 1079 1006 est
1103 952 1168 1005 de
1181 951 1385 1022 Spiritu
1404 959 1615 1007 sancto.
1649 969 1673 1001 >a
1702 949 1983 1005 Secundus
2001 956 2185 1004 autem
2207 954 2289 1003 est
2311 946 2380 1001 de
2402 964 2524 1019 ejus

507 1038 816 1105 nativitate,
848 1040 941 1111 qui
970 1040 1213 1110 tangitur
1241 1054 1364 1093 cum
1387 1039 1588 1094 dicitur
1617 1056 1629 1091 :
1655 1057 1680 1089 c<
1717 1038 1892 1092 Natus
1918 1053 1985 1091 ex
2010 1036 2181 1091 Maria
2206 1036 2454 1105 Virgine.
2493 1055 2521 1087 u

507 1126 726 1181 Tertius
753 1133 835 1182 est
864 1128 932 1181 de
956 1129 1076 1198 ejus
1102 1128 1375 1199 passione,
1406 1128 1500 1199 qui
1528 1126 1767 1197 tangitur
1793 1140 1917 1179 cum
1943 1124 2146 1179 dicitur
2177 1140 2191 1177 ε
2237 1144 2262 1175 «
2294 1124 2519 1191 PassuS‚

465 1226 472 1233 ·
509 1220 756 1269 mortuus
773 1214 1108 1287 etsepultuS.
1132 1235 1157 1267 ›>
1176 1216 1417 1284 Quartus
1432 1221 1516 1270 est
1533 1216 1601 1270 de
1617 1215 1882 1270 descensu
1896 1213 1963 1268 ad
1983 1212 2215 1268 inferos:
2243 1234 2267 1262 a.
2292 1213 2524 1269 Descen-

509 1302 590 1355 dit
610 1300 678 1355 ad
707 1300 927 1356 inferos,
954 1319 982 1353 >2
1007 1301 1243 1371 Quintus
1270 1303 1338 1358 de
1364 1304 1765 1358 resurrectione
1798 1319 1811 1356 z
1843 1323 1869 1354 α
1898 1302 2084 1357 Tertia
2104 1301 2191 1357 die
2222 1303 2524 1359 resurrexit

511 1406 542 1445 a
565 1390 814 1444 mortuis,
849 1409 876 1441 »
905 1391 1101 1447 Sextus
1131 1391 1199 1446 de
1241 1392 1558 1447 ascensione
1592 1405 1604 1444 :
1639 1410 1665 1442 α
1697 1390 1960 1445 Ascendit
1996 1389 2066 1446 ad
2098 1389 2288 1447 coeloS.
2324 1409 2351 1440 ›>
2383 1389 2524 1462 Sep-

515 1478 682 1534 timus
701 1478 767 1534 de
787 1478 1024 1534 adventu
1055 1480 1123 1536 ad
1143 1481 1411 1551 judicium
1438 1497 1450 1535 z
1482 1500 1508 1532 <t
1537 1480 1667 1535 Inde
1688 1489 1955 1548 venturus
1984 1486 2067 1534 est
2089 1478 2339 1550 judicare
2363 1478 2523 1534 vivos

514 1573 569 1619 et
591 1574 852 1622 mortuos
883 1586 909 1617 »
931 1566 1037 1621 Alii
1059 1582 1187 1622 vero
1212 1573 1475 1639 ponentes
1498 1566 1785 1621 duodecim
1812 1564 2092 1632 articulos,
2120 1572 2327 1637 ponunt
2354 1580 2522 1619 unum

515 1653 808 1709 articulum
841 1654 909 1710 de
937 1654 1110 1710 tribus
1143 1655 1408 1726 personiS,
1440 1662 1495 1710 et
1521 1654 1810 1711 articulum
1840 1654 1907 1738 de
1932 1654 2128 1709 effectu
2158 1653 2347 1725 gloriae
2380 1653 2526 1708 divi-

513 1742 654 1797 dunt
677 1743 730 1796 in
760 1742 917 1808 duoS‚
947 1751 1006 1799 ut
1025 1742 1236 1799 scilicet
1257 1743 1395 1799 alius
1422 1743 1684 1799 articulus
1712 1743 1783 1799 sit
1802 1743 1869 1798 de
1896 1744 2293 1799 resurrectione
2316 1743 2521 1813 carniS,

513 1834 573 1885 et
603 1829 743 1885 alius
771 1830 840 1887 de
882 1830 992 1886 vita
1029 1838 1236 1888 aeterna
1268 1849 1280 1885 z
1313 1837 1370 1886 et
1398 1833 1478 1887 sic
1506 1831 1720 1888 articuli
1752 1831 1819 1888 ad
1866 1830 2209 1887 divinitatem
2237 1832 2526 1904 pertinen-

519 1923 602 1974 tes
637 1924 767 1975 sunt
793 1935 908 1976 sex.
941 1920 1096 1985 Item,
1130 1920 1543 1991 conceptionem
1586 1929 1643 1975 et
1680 1908 2023 1976 nativitatem
2054 1920 2254 1976 Christi
2283 1920 2388 1976 sub
2414 1936 2527 1977 uno

520 2008 751 2063 articulo
779 2008 1260 2080 comprehendunt,
1293 2020 1349 2063 et
1377 2009 1460 2063 sic
1486 2008 1653 2064 etiam
1679 2008 1896 2065 articuli
1926 2009 1993 2065 de
2023 2008 2363 2065 humanitate
2389 2009 2526 2065 fiunt

519 2111 635 2162 sex,
673 2096 816 2153 unde
843 2110 1032 2151 omnes
1063 2104 1190 2152 sunt
1219 2095 1528 2153 duodecim.
1562 2098 1740 2153 Primo
1770 2114 1899 2169 ergo
1937 2099 2286 2170 prosequitur
2312 2099 2524 2155 articu-

522 2185 634 2240 lum
661 2184 892 2257 primum
927 2185 994 2240 de
1027 2184 1278 2242 essentiae
1302 2186 1513 2242 unitate
1541 2199 1554 2239 :
1588 2186 1731 2241 unde
1758 2188 1935 2258 primo
1960 2187 2110 2258 ponit
2137 2187 2403 2243 unitatem
2436 2188 2528 2243 di-

522 2273 666 2331 vinae
708 2275 979 2331 essentias.
1020 2275 1171 2330 Unus
1212 2284 1295 2331 est
1345 2274 1495 2330 solus
1534 2283 1590 2330 et
1634 2291 1797 2331 verus
1841 2276 2003 2340 DeuS,
2045 2276 2341 2331 secundum
2391 2275 2526 2332 illud

520 2365 699 2430 Joan.,
728 2378 872 2429 xvn,
902 2366 933 2418 3
963 2378 975 2416 ι
1010 2362 1060 2419 U
1063 2370 1083 2419 t
1106 2368 1412 2433 coynoscant
1438 2369 1487 2418 te
1507 2364 1675 2419 solum
1701 2379 1888 2419 verum
1912 2364 2097 2419 Deum.
2121 2363 2309 2430 Dent„
2336 2378 2416 2429 vt,
2448 2367 2481 2420 4
2510 2382 2523 2418 z

523 2451 692 2517 Aucti,
729 2452 924 2517 Israel,
960 2451 1214 2508 Dominus
1236 2452 1377 2507 Deus
1405 2458 1531 2509 tuus
1558 2453 1697 2507 Deus
1721 2468 1862 2508 unus
1897 2459 1992 2518 est,
2023 2468 2119 2525 per
2149 2452 2295 2525 quod
2335 2453 2528 2509 exclu-

522 2544 672 2597 ditur
699 2556 850 2597 error
877 2541 1177 2597 Gentilium
1207 2541 1523 2612 ponentium
1548 2542 1747 2597 multos
1771 2541 1935 2609 deos;
1980 2540 2125 2595 Deus
2154 2547 2338 2596 autem
2360 2557 2528 2598 verus

524 2632 617 2703 qui
648 2639 732 2687 est
765 2629 1128 2687 essentialiter
1157 2640 1212 2685 et
1243 2629 1562 2687 naturaliter
1592 2633 1754 2695 Deus,
1786 2644 1925 2685 unus
1953 2635 2055 2684 est.
2086 2630 2351 2685 Dicuntur
2379 2632 2526 2685 enim

528 2720 693 2792 aliqui
721 2720 816 2786 dii,
853 2734 958 2774 non
986 2719 1124 2785 veri,
1153 2718 1246 2773 sed
1276 2733 1374 2789 per
1399 2718 1765 2790 adoptionem,
1805 2716 1890 2773 vel
1917 2734 2011 2789 per
2048 2718 2526 2791 participationem

432 2791 445 2803 ⁰
525 2805 850 2871 divinitatis,
900 2807 1014 2860 sive
1061 2806 1484 2876 nuncupatione,
1528 2805 1826 2861 secundum
1873 2805 2005 2860 illud
2049 2807 2137 2861 Ps.
2170 2822 2374 2872 cxxxi,
2425 2811 2457 2863 6
2509 2825 2522 2861 :

527 2894 642 2965 qu
669 2892 787 2949 dioet
818 2910 836 2949 .·
867 2894 964 2949 Dii
997 2894 1140 2949 esti&
1175 2894 1444 2949 Dicuntur
1476 2893 1643 2949 etiam
1677 2894 1844 2967 aliqui
1875 2895 1949 2950 dii
1980 2893 2280 2950 secundum
2308 2896 2527 2967 opinio-

529 2998 651 3039 nem
681 2982 998 3048 errantium,
1044 2983 1339 3037 secundum
1371 2982 1502 3037 illud
1531 2983 1729 3038 Psalm.
1762 2998 1873 3038 xcv
1924 3000 1936 3037 :
1970 2982 2159 3039 Omnes
2188 2984 2269 3039 dii
2290 2985 2529 3055 9entium

526 3072 801 3129 doemonia.
835 3071 1040 3127 Deinde
1063 3072 1302 3128 ostendit
1331 3071 1707 3127 excellentiam
1731 3072 1931 3127 divinae
1955 3078 2167 3128 naturae
2192 3074 2306 3128 sive
2338 3088 2525 3129 essen-

529 3161 640 3218 tiae.
672 3162 739 3216 Et
763 3160 936 3235 primo
957 3167 1218 3234 quantum
1242 3160 1309 3216 ad
1333 3160 1437 3215 hoc
1460 3158 1605 3231 quod
1628 3174 1730 3214 non
1757 3159 2231 3233 comprehenditur
2259 3168 2524 3233 tempore,

527 3250 672 3322 quod
699 3249 1034 3321 significatur
1053 3264 1176 3305 cum
1199 3249 1419 3314 dicitur,
1451 3268 1477 3300 α
1500 3248 1769 3303 AEternus.
1795 3266 1819 3298 n
1852 3246 2064 3303 Dicitur
2092 3248 2235 3302 enim
2260 3254 2525 3315 aeternus,

526 3338 657 3412 quia
693 3346 844 3394 caret
887 3337 1152 3410 principio
1180 3344 1236 3392 et
1265 3337 1388 3402 fine,
1432 3344 1487 3391 et
1525 3337 1653 3408 quia
1692 3338 1809 3407 ejus
1847 3351 1965 3391 esse
2008 3349 2113 3390 non
2158 3336 2403 3391 variatur
2430 3352 2531 3409 per

524 3426 866 3502 praeteritum
894 3434 950 3482 et
985 3426 1249 3482 futurum.
1275 3425 1419 3481 Nihil
1446 3425 1589 3480 enim
1619 3426 1668 3479 ei
1698 3423 2059 3490 subtrahitur,
2099 3440 2201 3480 nec
2230 3423 2437 3498 aliquid
2476 3428 2529 3481 ei

526 3516 595 3573 de
625 3532 763 3574 nove
803 3516 988 3573 venire
1027 3522 1226 3587 potest.
1273 3514 1429 3571 Unde
1467 3514 1601 3569 dicit
1638 3512 1706 3569 ad
1748 3514 2008 3586 Moysem‚
2041 3512 2236 3580 Exod.,
2271 3528 2359 3577 tn,
2408 3516 2476 3569 ⁴4
2512 3532 2527 3569 :

525 3606 642 3679 Eyo
667 3591 786 3662 sum
813 3603 905 3677 qui
929 3619 1064 3669 sum,
1100 3604 1229 3677 quia
1254 3602 1463 3658 scilicet
1489 3604 1607 3674 ejus
1635 3617 1754 3657 esse
1784 3616 1890 3656 non
1920 3602 2071 3658 novit
2102 3603 2440 3674 praeteritum
2470 3611 2533 3659 et.

523 3694 788 3762 futurum,
815 3692 910 3749 sed
933 3708 1146 3764 semper
1167 3688 1582 3763 praesentialiter
1606 3706 1724 3745 esse
1750 3690 1947 3757 habet;
1974 3697 2029 3745 et
2064 3690 2357 3763 Apostolus
2391 3691 2534 3749 dicit

528 3778 598 3835 ad
626 3779 806 3850 Rom,
841 3779 942 3838 ult.
970 3794 1113 3836 xxvi
1143 3794 1155 3831 t
1188 3779 1347 3837 Nunc
1369 3778 1698 3849 patefactum
1722 3785 1797 3835 est
1814 3795 1917 3851 per
1943 3779 2254 3851 Scripturas
2280 3776 2529 3851 Prophe-
