2784 4392
444 268 526 330 94
919 287 976 333 s.
1015 286 1249 332 moiun
1291 286 1616 337 mmm-ns
1656 284 1967 331 ornscuna

515 404 672 459 Item.
689 404 746 460 Si
770 403 1024 477 princeps
1049 404 1323 461 concessit
1349 403 1510 459 alicui
1537 402 1763 459 liberam
1788 400 2105 459 testamenti
2128 402 2455 472 factionem,

449 490 584 545 nihil
613 490 760 547 aliud
789 493 1125 547 concessisse
1149 491 1404 547 videtur:
1436 492 1541 547 nisi
1572 498 1631 547 ut
1654 491 1857 547 habeat
1888 499 2211 549 consuetam
2228 499 2287 547 et
2310 491 2457 561 legi·

447 582 638 636 timam
661 582 972 636 testamenti
1006 579 1320 636 factionem.
1347 581 1539 653 Neque
1566 580 1713 635 enim
1751 580 2087 635 credendum
2126 587 2213 635 est
2239 582 2455 637 Roma-

447 684 576 725 num
621 670 922 740 Principem
971 669 1064 741 qui
1113 671 1239 740 jura
1283 676 1487 735 tuetur,
1530 675 1701 723 totam
1746 675 2201 725 testamentorum
2256 669 2455 724 obser-

447 758 690 813 santiam
725 757 914 813 multis
955 758 1159 828 vigiliis
1194 759 1561 827 excogitatam
1609 765 1775 829 atque
1821 757 2100 812 inventam
2143 773 2249 811 uno
2282 758 2451 813 verbo

448 846 585 901 velle
612 855 881 915 evertere,
913 852 974 901 ut
1007 862 1130 917 cap.
1157 844 1236 899 De
1257 846 1449 917 inoffic.
1478 852 1771 901 testamenii.
1805 844 1899 899 lib.
1936 845 1997 899 Si
2020 846 2253 917 quande.
2280 846 2452 902 Simi-

449 934 589 998 liter,
621 936 667 989 si
697 936 841 1005 Papa
863 935 1130 990 concedat
1155 934 1430 1006 aliquibus
1456 935 1603 1007 quod
1632 934 1950 1005 praedicent,
1970 934 2054 988 vel
2080 934 2451 990 confessiones

447 1023 694 1087 audiant,
727 1022 888 1077 debet
920 1024 1144 1094 intelligi
1175 1024 1473 1085 secundum
1504 1039 1844 1078 communem
1875 1023 2124 1090 formam,
2149 1023 2363 1079 scilicet
2394 1030 2452 1077 ιιι

449 1112 552 1165 hoc
578 1118 848 1181 exquatur
875 1113 1155 1183 requisitis
1182 1112 1559 1167 sacerdotibus
1584 1112 2005 1185 parochialibus.

524 1200 682 1253 ltem.
727 1198 1022 1254 Monachus
1064 1201 1156 1271 qui
1195 1200 1397 1273 accipit
1432 1200 1771 1256 sacerdotale
1810 1200 2069 1267 officium,
2101 1214 2210 1255 non
2266 1209 2451 1256 tamen

452 1286 615 1341 habet
647 1287 1024 1343 executionem
1071 1288 1256 1356 officii,
1294 1297 1354 1343 ut
1391 1288 1605 1344 scilicet
1636 1296 1981 1345 sacramenta
2024 1290 2321 1356 ministret,
2350 1290 2451 1345 nisi

451 1390 614 1445 super
657 1375 840 1447 aliqua
883 1376 1037 1448 plebe
1088 1376 1253 1431 suerit
1306 1378 1567 1433 canonice
1616 1377 1919 1443 institutuS,
1964 1383 2025 1431 ut
2076 1377 2283 1432 dicitur
2325 1394 2449 1446 χιι,

453 1478 604 1534 quaes
583 1470 649 1518 st.
682 1466 734 1530 4,
768 1480 892 1535 cap.
924 1465 1220 1537 Adjcimus,
1250 1465 1557 1537 §Monacht‘
1584 1472 1807 1521 autem:
1837 1486 1862 1516 α
1892 1466 2036 1521 Etsi
2074 1466 2351 1539 aliquibus
2388 1484 2453 1521 ex

453 1551 738 1623 privilegio
763 1555 922 1627 Papae
941 1555 1180 1610 ollicium
1204 1555 1533 1626 praedicandi
1554 1554 1954 1619 committatur,
1986 1554 2089 1610 hoc
2117 1556 2319 1627 exequi
2349 1571 2453 1610 non

453 1644 727 1711 poterunt,
754 1644 1014 1715 quamdiu
1043 1644 1226 1717 plebes
1249 1660 1356 1699 non
1385 1644 1587 1699 fuerint
1614 1646 1694 1699 eis
1716 1644 2044 1699 commissae.

523 1731 678 1801 Item,
718 1747 821 1786 nec
861 1734 1024 1803 Papa,
1057 1748 1159 1787 nec
1203 1732 1405 1804 aliquis
1441 1732 1751 1787 mortalium
1798 1739 1976 1804 potest
2022 1731 2453 1789 ecclesiasticam

458 1818 816 1873 hierarchiam
843 1820 1107 1876 divinitus
1140 1821 1448 1876 ordinatam
1476 1827 1706 1885 mutare,
1736 1829 1832 1875 aut
1854 1828 2121 1887 evertere,
2148 1836 2304 1876 cum.
2324 1822 2449 1877 nulli

457 1908 805 1977 praelatorum
827 1907 958 1962 data
985 1909 1060 1963 sit
1080 1913 1325 1979 potestas
1353 1927 1380 1958 α
1421 1908 1473 1962 in
1498 1907 1945 1976 destructionem,
1977 1908 2073 1964 sed
2113 1910 2167 1965 in
2206 1910 2454 1967 aedilica-

459 1996 686 2061 tionem,
713 2015 739 2045 n
765 2002 824 2051 ut
849 1995 1052 2050 dicitur
1083 2011 1146 2061 ιι,
1174 1995 1416 2050 Corinth.
1441 2010 1503 2050 x.
1524 1996 1631 2051 Sed
1659 1996 1762 2051 iste
1788 2004 1874 2053 est
1903 1998 2035 2052 ordo
2064 1998 2453 2055 ecclesiasticae

457 2081 795 2151 hierarchiae,
827 2082 975 2155 quod
1001 2083 1249 2139 monachi
1276 2089 1332 2138 et
1359 2083 1636 2155 regulares
1655 2085 1764 2139 sint
1792 2086 1845 2139 in
1875 2086 2065 2141 ordine
2090 2088 2454 2158 perficiendo-

459 2182 602 2235 rum,
638 2181 697 2226 ιιι
727 2179 874 2241 patet
900 2173 954 2227 in
987 2188 1111 2245 cap.
1142 2188 1201 2227 vt
1225 2172 1529 2229 Ecclesiast.
1554 2172 1822 2229 hierarch.
1846 2174 1987 2245 Ergo
2016 2191 2118 2230 nec
2148 2182 2329 2247 potest
2354 2176 2456 2232 hoc

461 2253 620 2314 alitor
651 2262 959 2329 immutare,
993 2271 1052 2317 ut
1076 2260 1284 2317 scilicet
1316 2262 1552 2333 religiosi
1574 2263 1887 2334 perficiendi
1920 2264 2154 2319 habeant
2191 2266 2452 2323 officium.

539 2352 690 2415 ltcm,
720 2349 906 2405 volunt
931 2351 1234 2411 ostendere
1263 2352 1411 2423 quod
1433 2353 1599 2407 etiam
1625 2353 1679 2406 in
1706 2350 1905 2407 talibus
1931 2368 2037 2408 non
2068 2354 2233 2409 liceat
2270 2362 2455 2427 petere

463 2436 736 2494 licentiam
773 2455 804 2494 a
852 2439 1184 2512 presbyteris
1229 2440 1651 2512 parochialibuS,
1678 2447 1773 2494 aut
1812 2441 1881 2495 ab
1920 2441 2203 2514 Episcopis
2248 2444 2456 2516 praedi-

460 2526 640 2595 can'di,
672 2528 1154 2584 autconl'essiones
1178 2529 1451 2593 audiendi,
1485 2529 1614 2600 quia
1640 2528 1949 2585 ambitionis
1992 2538 2076 2585 est
2112 2533 2361 2603 ingerere
2397 2549 2456 2589 so

462 2619 528 2672 ad
557 2616 732 2672 officia
771 2617 1141 2674 ecclesiastica
1179 2635 1191 2671 ι
1231 2616 1373 2671 unde
1402 2617 1602 2671 dicitur
1640 2634 1767 2682 vin,
1804 2626 2002 2691 quaest.
2036 2622 2086 2678 4
2118 2636 2241 2694 cap.
2270 2622 2458 2678 Scien-

461 2706 629 2761 dum.-
662 2725 687 2755 α
721 2706 855 2759 Cum
900 2706 1048 2761 locus
1085 2706 1330 2776 superior
1366 2706 1685 2776 imperatur,
1729 2707 1811 2762 his
1856 2710 1947 2780 qui
1992 2708 2059 2763 ad
2106 2712 2454 2783 percipienda

465 2795 511 2847 h
515 2808 579 2849 ec
601 2792 804 2859 obedit,
831 2793 1156 2849 obedientiae
1183 2792 1286 2847 sibi
1313 2792 1571 2848 virtutem
1609 2803 1858 2861 evacuat,
1884 2796 1927 2850 si
1960 2798 2026 2852 ad
2072 2796 2189 2853 haec
2224 2814 2291 2853 ex
2330 2817 2455 2871 pro·

466 2882 582 2951 prio
609 2880 878 2935 desiderio
901 2881 1134 2941 anhelat
1166 2902 1192 2933 ιι
1213 2881 1306 2936 sed
1339 2882 1636 2954 praedicare
1662 2893 1715 2938 et
1730 2884 2099 2941 confessiones
2120 2888 2309 2943 audire
2329 2907 2457 2962 per·

463 2967 602 3022 tinet
641 2966 708 3021 ad
752 2964 988 3021 officium
1029 2967 1479 3034 ecclesiasticum,
1510 2970 1652 3040 quod
1684 2977 1767 3024 est
1797 2972 2085 3040 potestatis
2113 2982 2167 3027 et
2210 2973 2451 3033 honoris.

469 3054 606 3126 Ergo
633 3055 750 3110 sine
792 3064 918 3111 nota
948 3056 1258 3113 ambitionis
1296 3073 1403 3112 non
1448 3067 1675 3131 possunt
1712 3064 1895 3129 petere
1932 3060 2209 3117 licentiam
2250 3066 2455 3136 praedi-

463 3144 644 3211 candi,
672 3151 766 3199 aut
790 3142 1153 3201 confessiones
1179 3147 1454 3211 audiendi,
1482 3147 1578 3202 sed
1627 3147 1729 3201 hoc
1769 3148 1945 3203 solum
1979 3150 2157 3205 facere
2204 3164 2450 3223 possunt,

463 3248 586 3287 cum
614 3231 812 3286 fuerint
841 3226 1103 3305 requisiti,
1132 3236 1274 3289 unde
1302 3235 1598 3307 praedictus
1622 3251 1771 3291 error
1795 3230 2027 3309 sumpsit
2052 3240 2337 3309 originem.

533 3319 671 3389 Quia
701 3335 829 3375 vero
854 3327 914 3375 ut
941 3323 1159 3379 Boetius
1183 3323 1355 3378 dicit
1342 3340 1395 3377 ιιι
1433 3320 1568 3377 libro
1599 3324 1676 3377 De
1704 3322 1904 3379 duabus
1931 3326 2169 3391 naturis,
2196 3330 2287 3383 via
2330 3330 2453 3386 fidei

460 3410 602 3465 inter
625 3408 762 3464 duas
784 3408 1015 3471 hoereses
1038 3413 1216 3466 media
1244 3420 1346 3478 est,
1361 3412 1501 3467 sicut
1528 3412 1757 3487 virtutes
1780 3414 2019 3469 medium
2041 3415 2219 3471 locum
2246 3424 2451 3483 tenent,

459 3497 636 3554 omnis
680 3497 823 3553 enim
870 3500 1042 3555 virtus
1083 3502 1138 3555 in
1181 3502 1360 3555 medio
1408 3516 1589 3555 rerum
1631 3502 1827 3557 decore
1869 3503 2044 3560 locata
2086 3507 2358 3562 consistit.
2398 3510 2453 3563 Si

459 3586 592 3657 quid
622 3586 764 3642 enim
794 3586 876 3641 vel
904 3587 1060 3655 infra,
1091 3589 1174 3644 vel
1202 3590 1346 3645 ultra
1383 3604 1549 3661 quam
1580 3592 1878 3661 oportuerit
1906 3592 2017 3657 fiat,
2046 3609 2077 3648 a
2104 3594 2306 3650 virtute
2336 3596 2455 3651 dis-

459 3673 692 3729 ceditur.
720 3676 844 3731 ldeo
869 3676 1169 3743 videamuS‚
1198 3678 1327 3749 quid
1376 3678 1524 3734 circa
1563 3680 1826 3750 praedicta
1865 3681 1937 3734 sit
1980 3681 2141 3749 ultra,
2168 3682 2249 3737 vel
2290 3683 2451 3750 infra,

461 3774 627 3831 quam
673 3762 819 3833 quod
856 3765 1064 3820 veritas
1105 3765 1321 3831 habeat,
1350 3776 1411 3820 ut
1458 3765 1560 3821 hoc
1613 3776 1785 3823 totum
1828 3776 2144 3841 reputemus
2184 3787 2483 3840 ειιοιἫθιιι,

461 3846 695 3904 mediam
726 3858 906 3906 autem
925 3853 1071 3910 viam
1097 3853 1242 3908 fidei
1247 3854 1555 3910 veritatem.

2670 0 2747 411 ι

2582 3106 2747 4347 l
