2784 4392
637 364 770 411 ενι.
801 382 882 397 -
908 366 976 410 m
1015 364 1430 413 nncnnmmu
1468 368 1491 413 1
1532 364 1847 413 ExPosmo
2051 428 2055 431 ,
2125 351 2247 414 443

233 484 425 537 autem
455 479 924 556 incorruptibilem
947 487 1004 539 et
1033 482 1444 555 impassibilem,
1478 488 1533 539 et
1568 475 1641 540 ad
1682 482 1781 540 hos
1820 498 2033 540 errores
2056 484 2246 541 exclu-

234 556 450 624 dendos
474 569 608 625 dicit
640 587 654 625 ε
679 590 704 622 α
737 570 842 640 Qui
871 586 996 626 cum
1021 572 1322 628 secundum
1349 573 1695 629 divinitatem
1724 572 1798 629 sit
1835 572 2159 630 immortalis
2188 581 2244 629 et

235 658 608 729 impassibilis,
641 662 940 720 secundum
968 661 1365 720 humanitatem
1392 663 1572 721 sactus
1600 669 1686 720 est
1705 662 1989 738 ‘passibilis
2012 670 2069 721 et
2090 676 2245 719 mor-

236 746 388 803 talis.
426 768 452 800 n

309 836 515 893 Deinde
540 836 754 894 accedit
783 837 852 894 ad
886 838 1177 895 articulum
1205 839 1472 913 passionis
1496 840 1685 899 dicens
1710 858 1725 897 ε
1755 860 1783 895 α
1809 840 1917 912 Qui
1946 842 2114 899 etiam
2144 856 2241 913 pro

231 922 415 981 salute
450 924 674 982 humani
715 927 932 997 generis
958 928 1014 983 in
1044 928 1192 1001 ligno
1226 929 1408 986 crucis
1438 944 1631 1002 passus
1659 938 1716 987 et
1743 938 2012 987 mortuus·
2046 949 2075 983 »
2111 930 2243 986 Post

231 1028 402 1086 quem
425 1014 578 1085 ponit
605 1013 899 1071 articulum
922 1014 990 1071 de
1014 1016 1278 1073 descensu
1311 1017 1380 1073 ad
1410 1016 1613 1075 inferos
1637 1017 1862 1075 dicens:
1892 1038 1920 1071 α
1948 1018 2244 1074 Descendit

231 1101 304 1158 ad
328 1101 550 1160 inferos.
583 1120 610 1155 n
639 1104 836 1161 Postea
859 1119 989 1162 vero
1015 1106 1168 1178 ponit
1197 1105 1493 1163 articulum
1519 1107 1589 1163 de
1613 1106 2012 1164 resurrectione
2039 1105 2243 1162 Christi

231 1187 424 1245 dicens
452 1204 467 1243 ε
495 1208 522 1243 α
552 1188 622 1249 Et
661 1192 961 1249 resurrexit
1002 1208 1035 1249 a
1061 1192 1316 1250 mortuis.
1345 1211 1374 1245 »
1405 1196 1485 1250 Ac
1530 1192 1730 1251 deinde
1764 1192 1919 1267 ponit
1950 1192 2243 1251 articulum

231 1276 304 1333 de
333 1278 648 1335 ascensione
677 1277 867 1336 dicens
896 1296 911 1335 ε
946 1300 974 1333 α
1000 1280 1262 1337 Ascendit
1289 1280 1342 1337 in
1371 1280 1594 1338 coelum.
1628 1300 1657 1333 n

304 1366 412 1423 Sed
439 1367 738 1425 notandum
762 1367 1013 1443 estquod
1037 1368 1230 1426 horum
1257 1370 1615 1427 articulorum
1631 1369 1922 1427 veritatem
1946 1366 2263 1444 praedictus'

231 1454 352 1513 Arii
376 1460 434 1511 et
454 1456 784 1529 Apollinaris
810 1473 963 1513 error
985 1457 1200 1514 salvare
1223 1473 1332 1513 non
1360 1464 1563 1531 potest.
1590 1458 1648 1515 Si
1671 1460 1818 1514 enim
1848 1459 2096 1515 Christus
2120 1460 2245 1515 ani-

232 1558 383 1600 mam
412 1559 516 1599 uon
548 1543 755 1613 habuit,
787 1545 888 1602 sed
913 1543 1156 1602 Verbum
1186 1540 1292 1601 fuit
1313 1548 1464 1603 carni
1492 1546 1611 1602 loco
1639 1546 1855 1616 animae,
1884 1552 1942 1601 et
1976 1548 2034 1602 in
2062 1554 2241 1603 morte

232 1638 549 1705 separatum
595 1632 699 1689 fuit
734 1648 769 1689 a
810 1647 996 1699 carne,
1033 1647 1376 1706 consequens
1408 1641 1493 1691 est
1528 1634 1675 1708 quod
1717 1634 1851 1690 illud
1892 1635 2039 1708 quod
2080 1636 2237 1691 carni

233 1719 511 1788 convenit,
536 1719 606 1777 de
635 1720 746 1777 filio
774 1718 874 1777 Dei
897 1720 1007 1777 dici
1033 1736 1138 1777 non
1170 1722 1362 1794 possit,
1395 1721 1539 1780 unde
1576 1738 1686 1778 non
1716 1724 1897 1796 petest
1934 1722 2065 1791 dici,
2092 1723 2242 1797 quod

234 1809 404 1865 Filius
431 1809 533 1865 Dei
554 1810 734 1881 jacuit
771 1809 832 1865 in
877 1809 1149 1883 sepulcro,
1179 1810 1268 1868 vel
1297 1811 1444 1885 quod
1468 1827 1505 1868 a
1541 1812 1773 1869 mortuis
1801 1812 2117 1869 resurrexit.
2145 1811 2239 1870 Si-

235 1897 438 1953 militer
465 1899 632 1955 etiam
670 1896 781 1955 dici
813 1913 922 1955 non
965 1899 1188 1971 poterit,
1219 1898 1366 1971 quod
1414 1897 1487 1955 ad
1525 1898 1731 1957 inferos
1774 1900 2077 1967 descendit,
2109 1900 2241 1973 quia

235 1983 510 2041 divinitati
537 1984 837 2043 secundum
864 2000 926 2041 se
960 1985 1135 2058 ipsam
1165 2000 1292 2043 cum
1314 1986 1408 2043 ·sit
1447 1986 1667 2043 omnino
1705 1986 2017 2053 immobilis,
2046 2001 2243 2044 ascen-

236 2072 366 2128 dere
389 2073 474 2129 vel
503 2073 835 2131 descendere
862 2076 1156 2131 convenire
1199 2091 1305 2131 non
1345 2080 1561 2147 potest3
1592 2080 1651 2131 et
1680 2075 1805 2131 ideo
1830 2075 1899 2133 ad
1940 2075 2244 2133 excluden-
2332 2080 2335 2083 ’

159 2188 165 2193 ·
236 2161 369 2217 dum
397 2162 722 2234 praedictum
746 2176 1006 2229 errorem,
1036 2162 1423 2234 praedictorum
1448 2163 1805 2220 articulorum
1824 2162 2116 2221 veritatem
2136 2179 2239 2220 ex-

237 2250 404 2321 plicat
423 2248 660 2306 subdens
686 2266 700 2303 2
731 2269 759 2302 α
791 2248 898 2307 Sed
922 2250 1209 2307 descendit
1245 2251 1301 2307 in
1330 2249 1533 2316 anima,
1566 2257 1623 2307 et
1647 2252 1945 2307 resurrexit
1969 2252 2024 2308 in
2048 2267 2233 2319 carne,

238 2338 592 2411 ascenditque
607 2336 811 2410 pariter
835 2338 892 2394 in
909 2344 1167 2411 utroque.
1198 2356 1226 2392 n
1250 2340 1312 2395 In
1338 2345 1519 2395 morte
1537 2340 1685 2396 enim
1708 2338 1908 2397 Christi
1943 2338 2123 2399 anima
2150 2345 2233 2395 est

238 2432 489 2499 separata
537 2441 572 2483 a
615 2440 799 2496 carne,
840 2427 938 2483 sed
987 2428 1249 2485 divinitas
1297 2426 1707 2485 indivisibiliter
1750 2428 1993 2503 utrique,
2030 2427 2242 2486 scilicet

239 2515 434 2573 animae
462 2520 518 2572 et
539 2515 713 2583 carni,
743 2516 948 2573 mansit
971 2517 1147 2573 unita.

305 2604 458 2661 Unde
483 2620 610 2661 cum
639 2604 823 2663 anima
851 2604 1054 2661 Christi
1092 2603 1442 2661 descenderit
1474 2605 1543 2661 ad
1572 2602 1793 2672 inferoS,
1826 2604 2029 2661 dicitur
2058 2604 2231 2662 Filius

239 2694 333 2749 Dei
359 2693 708 2750 descendisse
748 2694 1049 2750 secundum
1087 2693 1326 2751 animam
1357 2692 1463 2750 sibi
1503 2693 1736 2749 unitam.
1772 2692 2034 2750 Similiter
2068 2694 2238 2752 etiam

238 2796 359 2837 cum
374 2796 502 2837 caro
523 2781 722 2838 Christi
755 2798 880 2854 quae
906 2784 961 2838 in
985 2791 1161 2841 morte
1181 2781 1586 2856 quodammodo
1611 2782 1907 2851 ceciderat,
1939 2782 2239 2839 resurrexit

239 2870 305 2925 ad
333 2868 522 2933 vitam,
555 2868 760 2924 dicitur
779 2868 949 2925 Filius
973 2872 1070 2927 Dei
1095 2871 1192 2943 qui
1221 2872 1524 2927 secundum
1552 2870 1797 2929 divinam
1826 2878 2077 2930 naturam
2102 2872 2241 2929 mori

239 2970 344 3013 non
381 2961 615 3029 poterat,
647 2956 946 3013 secundum
984 2972 1205 3013 carnem
1243 2959 1630 3027 resurrexisse,
1662 2977 1759 3033 per
1787 2960 1891 3018 hoc
1919 2962 2065 3034 quod
2107 2977 2238 3018 caro

239 3046 435 3103 iterato
475 3045 712 3099 animam
759 3045 1074 3116 resumpsit,
1123 3060 1180 3100 et
1220 3046 1302 3099 sic
1345 3048 1646 3101 secundum
1696 3045 2010 3121 utrumque,
2055 3049 2112 3104 id
2156 3057 2241 3105 est

239 3132 534 3189 secundum
561 3131 802 3189 animam
832 3140 888 3188 et
916 3145 1134 3205 corpus,
1163 3132 1413 3189 ascendit
1438 3132 1496 3188 in
1520 3132 1741 3190 coelum.

303 3221 510 3277 Deinde
531 3220 684 3293 ponit
707 3219 999 3277 articulum
1017 3221 1086 3276 de
1109 3220 1350 3277 adventu
1379 3220 1450 3278 ad
1464 3221 1753 3293 jndicium,
1787 3223 2009 3279 dicens:
2030 3244 2058 3277 α
2088 3224 2241 3281 Ven-

241 3316 393 3367 turus
421 3310 478 3365 in
505 3309 612 3365 fine
641 3308 894 3381 judicare
922 3308 1078 3365 vivos
1106 3314 1163 3365 et
1198 3315 1463 3366 mortuos,
1497 3328 1524 3362 n
1559 3310 1707 3366 Dicit
1737 3321 1919 3368 autem
1956 3314 2113 3371 vivos
2145 3329 2241 3370 eos

239 3400 330 3471 qui
357 3399 698 3472 reperientur
728 3398 840 3456 vivi
876 3398 932 3454 in
972 3399 1211 3455 adventu
1243 3396 1469 3469 judicie,
1502 3407 1749 3454 mortuos
1789 3405 1974 3455 autem
2003 3414 2096 3455 eos
2142 3399 2240 3472 qui

239 3493 362 3545 ante
400 3486 618 3543 fuerunt
668 3488 980 3559 praemortui
1027 3487 1170 3559 quod
1213 3501 1321 3545 non
1356 3493 1443 3542 est
1483 3487 1565 3542 sic
1607 3486 2037 3558 intelligendum,
2080 3490 2241 3561 quasi

240 3576 401 3649 aliqui
429 3575 541 3631 sint
578 3575 768 3643 futuri,
799 3576 892 3651 qui
934 3575 1408 3645 non“moriantur;
1440 3574 1537 3632 sed
1579 3576 1711 3657 quia
1752 3578 1807 3632 in
1850 3575 1968 3648 ipso
1997 3576 2238 3634 adventu

239 3664 438 3723 Judicis
466 3665 785 3731 morientur,
818 3670 874 3720 et
905 3664 1096 3722 statim
1130 3672 1438 3736 resurgent.
1465 3663 1563 3721 Vel
1600 3665 1753 3722 vivos
1790 3671 1845 3720 et
1869 3672 2117 3722 mortuos
2146 3666 2238 3721 in·-

242 3755 479 3825 telligere
519 3751 879 3827 spiritualiter
923 3768 1232 3825 possumus,
1257 3752 1318 3809 id
1363 3760 1448 3809 est
1467 3754 1649 3824 justos
1690 3762 1746 3811 et
1784 3759 2120 3827 peccatores.
2164 3756 2236 3813 Et

242 3844 363 3917 quia
396 3841 566 3917 aliqui
592 3842 814 3901 fuerunt
849 3849 1116 3918 ponentes
1151 3842 1302 3917 quod
1337 3842 1394 3898 in
1423 3841 1571 3899 finali
1596 3843 1804 3915 judicio
1834 3842 2004 3918 aliqui
2041 3844 2231 3902 salva-

242 3931 433 3999 bantur
459 3946 568 3993 non
607 3932 842 4008 propriis
881 3932 1114 4007 meritis,
1155 3931 1256 3999 sed
1287 3931 1545 4008 precibus
1580 3931 1889 4011 aliquorum
1914 3939 2231 3995 sanctorum
