2784 4392
533 275 667 320 xw.
697 290 776 303 -
806 274 1046 318 commi
1086 274 1306 318 meve.
1349 276 1454 319 nm
1495 275 1667 319 cunr.
1716 276 1794 319 m*
1835 278 2041 324 nemo.
2178 260 2294 321 109

281 389 499 448 rarchia¹
531 390 810 446 distinctio
837 389 1102 446 donorum
1131 389 1514 459 gratuitorum,
1554 389 1851 446 secundum
1882 407 2044 462 quam
2074 392 2293 447 ordines

282 480 710 550 distinguuntur,
740 479 986 549 sequitur
1009 477 1415 533 distinctionem
1437 484 1667 543 nalurae,
1698 495 1802 533 non
1829 486 2013 535 autem
2036 480 2087 535 in
2114 481 2291 536 homi-

284 569 461 633 nibuS‚
512 578 568 623 et
621 569 741 623 ideo
781 583 904 623 cum
951 567 1268 637 angelorum
1310 573 1507 622 natura
1535 568 1614 624 ,sit
1652 568 2025 635 immutabiliS,
2071 572 2293 641 angelus

210 701 216 705 .
283 656 557 713 inferioris
603 656 810 712 ordinis
844 656 910 712 ad
958 656 1291 727 superiorem
1321 654 1567 711 ordinem
1612 656 1890 713 transferri
1940 674 2046 713 non
2093 652 2315 730 potest,'

283 746 428 817 qued
457 753 657 801 tamem
685 746 738 799 in
763 744 1133 801 ecclesiastica
1167 745 1280 799 fieri
1306 750 1505 816 potest,
1538 746 1633 801 sed
1664 755 1845 801 tamen
1879 747 1933 801 in
1956 747 2165 803 coelesti
2192 764 2291 803 an-

283 834 435 905 gelus
460 832 730 889 inferioris
759 832 965 888 ordinis
994 834 1050 889 in
1075 847 1175 887 suo
1197 833 1388 888 ordine
1418 848 1641 889 manens
1670 834 1959 907 exequitur
1988 841 2170 891 actum
2197 854 2290 893 su·
2384 853 2389 858 ·

281 924 515 999 perioris
543 922 768 988 ordinis,
789 923 1084 995 superioris
1102 922 1324 979 virtute.
1349 924 1501 979 Sicut
1526 925 1670 979 enim
1692 924 1825 979 dicit
1848 925 2140 997 Dionysius
2161 942 2289 983 xni.
2376 966 2381 973 -

284 1013 486 1069 Coelest.
517 1011 788 1067 hierarch.
815 1025 834 1068 .·
877 1031 902 1062 α
937 1010 1173 1082 Angelus
1202 1012 1294 1084 qui
1327 1012 1581 1085 purgavit
1618 1012 1761 1069 labia
1787 1013 1961 1081 Isaiae,
1994 1016 2175 1071 dictus
2211 1024 2291 1071 est

283 1100 586 1174 Seraphim,
628 1101 756 1172 quia
792 1098 1074 1171 Seraphim
1105 1100 1340 1155 officium
1373 1101 1636 1156 exercuit.
1673 1121 1698 1152 »
1738 1102 1805 1158 Et
1834 1103 2133 1173 Gregorius
2159 1105 2293 1161 dicit

285 1194 340 1246 in
377 1190 599 1245 homilia
633 1190 701 1244 de
743 1197 963 1244 centum
995 1188 1204 1253 ovibu3‚
1251 1189 1397 1261 quod
1430 1208 1457 1241 α
1492 1189 1542 1244 hi
1586 1190 1811 1261 spiritus
1840 1192 1933 1263 qui
1978 1180 2288 1257 mittuntur,

285 1281 475 1335 borum
508 1275 829 1334 vocabulum
859 1277 1186 1349 percipiunt,
1218 1294 1448 1351 quorum
1481 1279 1657 1334 officia
1686 1287 1903 1349 gerunt.
1941 1298 1967 1333 ›>
2006 1282 2159 1337 Unde
2187 1298 2290 1336 non

285 1380 368 1426 est
416 1367 816 1432 inconveniens,
845 1366 890 1421 si
937 1365 990 1421 in
1035 1366 1411 1423 ecclesiastica
1454 1367 1754 1423 hierarchia
1793 1367 1993 1440 aliquis
2022 1370 2291 1425 inferioris

262 1459 492 1515 'ordinis
519 1464 769 1511 exerceat
800 1454 1018 1528 aliquod
1057 1454 1295 1511 officium
1327 1458 1622 1527 superioris
1650 1457 1857 1512 ordinis
1887 1459 2003 1528 ejus
2030 1460 2290 1513 commis-

284 1548 458 1603 sione.
1288 1581 1291 1585 -

355 1638 437 1693 Ad
464 1636 610 1693 aliud
643 1634 788 1707 quod
819 1640 1006 1705 postea
1032 1633 1306 1703 objicitur,
1335 1633 1481 1704 quod
1508 1640 1603 1688 aut
1633 1634 1931 1703 praedicant
1955 1650 2078 1690 cum
2106 1641 2291 1706 potes-

285 1734 419 1791 tate,
449 1730 544 1781 aut
572 1724 689 1780 sine
719 1728 1005 1795 potestate,
1033 1722 1340 1787 dicendum,
1373 1720 1519 1793 quod
1546 1720 1846 1792 praedicant
1870 1737 1994 1778 cum
2020 1731 2290 1794 potestate

283 1812 618 1888 praedicandi
655 1828 758 1868 non
797 1811 1089 1877 ordinaria,
1123 1810 1218 1865 sed
1249 1810 1327 1863 eis
1361 1808 1433 1864 ab
1464 1808 1586 1866 aliis
1622 1810 1933 1865 commissa.
1964 1812 2077 1867 Nec
2108 1820 2288 1869 tamen

284 1904 532 1977 sequitur
561 1902 703 1975 quod
729 1900 938 1972 possint
967 1899 1379 1971 procurationes
1408 1897 1643 1969 exigere,
1676 1899 1804 1970 quia
1837 1898 1938 1955 hoc
1965 1916 2069 1957 non
2100 1912 2183 1958 est
2210 1903 2288 1958 eis

285 1994 494 2058 datum,
535 1996 755 2061 possent
805 1995 983 2043 tamen
1027 1986 1073 2041 si
1116 1987 1194 2041 eis
1224 1986 1449 2041 daretur
1490 1985 1559 2042 ab
1596 1986 1737 2053 aliis,
1770 1988 1825 2042 in
1855 1989 2053 2062 quibus
2090 1990 2288 2047 residet

286 2081 548 2155 praedicta
582 2084 844 2151 potestas,
889 2082 944 2130 et
987 2075 1064 2130 s1c
1094 2076 1262 2130 etiam
1293 2090 1397 2129 non
1436 2078 1703 2147 sequitur,
1739 2078 1884 2149 quod
1930 2084 2146 2151 propter
2191 2080 2307 2135 hoc'

285 2186 406 2225 esse
434 2168 666 2223 debcant
693 2165 876 2237 plures
903 2164 1329 2235 procurationes.

358 2256 440 2312 Ad
480 2255 626 2311 aliud
665 2252 808 2326 quod
848 2251 1102 2323 objicitur
1133 2259 1340 2322 postea,
1384 2252 1528 2323 quod
1572 2252 1809 2325 religiosi
1854 2257 2147 2313 secundum
2190 2258 2291 2315 boo

287 2346 550 2403 haberent
575 2344 833 2414 majorem
859 2346 1189 2413 potestatem
1215 2355 1380 2411 quam
1405 2341 1675 2413 Episcopi,
1711 2343 1793 2397 vel
1822 2345 2168 2413 Patiiarcbae,
2202 2349 2290 2402 di-

285 2434 541 2499 cendum,
569 2431 715 2503 quod
746 2445 852 2485 non
882 2434 966 2483 est
995 2443 1202 2493 verum,
1235 2426 1363 2499 quia
1390 2428 1721 2485 Patriarchae
1751 2431 1831 2485 vel
1867 2432 2115 2505 Episcopi
2163 2453 2291 2506 pos-

287 2528 417 2577 sunt
457 2518 652 2575 alicubi
699 2517 996 2589 praedicare
1041 2514 1314 2581 ordinaria
1347 2521 1636 2586 potestate,
1684 2517 1921 2587 religiosi
1962 2527 2143 2575 autem
2187 2540 2291 2579 neu

289 2612 552 2667 habentes
595 2623 782 2663 curam
835 2606 1139 2661 animarum
1182 2620 1453 2677 nusquam
1498 2620 1511 2659 ε
1558 2613 1783 2677 possunt
1830 2612 2009 2663 tamen
2070 2611 2290 2669 ubilibet

290 2698 592 2773 praedicare
618 2694 946 2751 auctoritate
983 2708 1192 2761 eorum,
1223 2693 1315 2765 qui
1350 2700 1593 2765 possunt,
1624 2694 1768 2749 sicut
1793 2703 1847 2749 et
1870 2696 2167 2771 Episcopus
2194 2718 2292 2772 po-

294 2794 404 2843 test
429 2783 759 2860 episcopalia
783 2798 1038 2838 exercere
1067 2782 1120 2836 in
1147 2781 1323 2837 aliena
1348 2782 1573 2839 dioecesi
1610 2785 1935 2841 auctoritate
1964 2786 2107 2843 illius
2134 2788 2293 2861 Epis-

289 2877 434 2949 copi,
463 2876 516 2930 in
544 2876 698 2946 cujus
724 2872 947 2928 dioecesi
977 2880 1368 2927 commoratur.

364 2964 447 3021 Ad
476 2963 529 3019 id
555 2961 702 3035 quod
732 2968 918 3033 postea
955 2960 1228 3031 objicitur,
1263 2961 1409 3033 quod
1439 2962 1766 3034 praedicator
1798 2980 1901 3020 non
1932 2966 2089 3023 debet
2120 2970 2297 3025 aedili-

291 3070 420 3111 care
460 3068 622 3124 super
653 3050 1063 3105 fundamentum
1107 3049 1363 3113 alienum,
1395 3051 1685 3106 dicendum
1724 3054 1867 3125 quod
1899 3054 2096 3113 falsum
2124 3066 2208 3114 est
2246 3068 2301 3115 et

293 3149 486 3199 contra
522 3138 859 3213 Apostolum,
893 3140 935 3193 1.
964 3140 1108 3205 Cor„
1146 3153 1234 3204 ιιι,
1277 3140 1342 3192 ⁴0
1378 3154 1392 3193 ε
1425 3140 1497 3195 Ut
1520 3139 1729 3210 sapiens
1755 3144 2075 3201 architectus
2096 3145 2299 3215 faetida-

291 3238 527 3287 mentum
551 3228 706 3299 posui
716 3244 735 3294 ,⁰
767 3227 961 3281 Glossa
993 3247 1018 3278 α
1052 3226 1517 3297 praedicationem,
1556 3247 1581 3278 n
1623 3229 1760 3284 atius
1796 3238 1971 3287 autem
2004 3235 2301 3305 superaedi-

291 3320 442 3391 ficat.
487 3316 846 3385 Unusquisque
875 3322 1049 3371 anetem
1081 3314 1257 3369 videat
1285 3316 1535 3385 quomodo
1580 3319 1959 3389 superaedificet
1974 3336 1994 3387 ,⁰
2038 3323 2181 3393 quod
2212 3340 2305 3378 se-

295 3404 536 3462 cundum
579 3402 924 3457 Ambrosium
971 3404 1028 3457 in
1081 3402 1276 3458 Glossa
1319 3404 1605 3476 exponitur
1661 3406 1729 3459 de
1778 3409 2303 3477 superaedilicatione

295 3492 586 3551 doctrinae.
618 3489 773 3558 Quod
805 3499 984 3545 autem
1028 3490 1318 3561 Apostolus
1355 3492 1507 3557 dicit,
1543 3494 1700 3547 Rom.
1729 3509 1826 3559 xv,
1861 3497 1926 3550 20
1971 3514 1983 3549 :
2015 3496 2101 3550 Sic
2130 3506 2305 3555 autem

289 3578 590 3655 proedicavi
631 3576 982 3647 Evanyelium
1025 3594 1130 3631 non
1159 3576 1250 3631 ubi
1287 3579 1593 3633 nominatus
1620 3588 1696 3635 est
1726 3580 1990 3648 Christus,
2036 3602 2099 3639 ne
2140 3603 2305 3659 supra

299 3670 533 3726 alienum
572 3666 982 3740 fundamentum
1021 3664 1384 3735 (edificarem,
1406 3682 1517 3724 non
1560 3674 1645 3723 est
1690 3668 2102 3741 intelligendum
2149 3680 2303 3748 quasi

299 3774 407 3814 non
433 3757 640 3823 liceret,
673 3754 770 3811 sed
795 3756 923 3827 quia
957 3754 1058 3809 hoc
1089 3761 1222 3809 tunc
1253 3755 1513 3827 temporis
1547 3760 1719 3829 magis
1750 3775 1935 3816 necess
1912 3763 2111 3818 arium
2142 3782 2305 3838 quam

301 3844 449 3903 aliud
481 3844 790 3919 reputabat.
814 3842 967 3900 Unde
989 3842 1122 3899 dicit
1145 3843 1342 3900 Glossa
1364 3843 1608 3902 ibidem:
1636 3868 1661 3899 «
1694 3847 1779 3907 Ne
1804 3848 2122 3923 aedificarem
2142 3872 2310 3928 supra
