2784 4392
428 201 517 262 38
906 215 965 266 s.
1005 215 1243 266 mou
1277 212 1606 272 neumam
1644 213 1960 264 orusouu

428 331 849 407 promissionem
882 333 1105 394 roboret
1152 333 1415 410 legitimis
1462 333 1836 393 munimentis.
1873 331 2004 393 Plus
2040 337 2228 392 autem
2270 331 2440 392 debet.

428 425 807 500 unusquisque
833 424 939 482 sibi
966 437 1133 500 quam
1159 425 1432 500 proximo,
1457 423 1730 499 praecipue
1753 423 1810 482 in
1837 423 1923 482 his
1958 439 2084 498 quae
2115 421 2173 482 in
2196 421 2282 481 bis
2307 437 2442 497 quae

429 514 708 586 pertinent
726 513 795 572 ad
820 513 1161 586 spiritualem
1190 513 1446 581 salutem,
1475 512 1773 570 secundum
1795 512 1929 569 illud
1963 512 2132 571 Eccli.
2163 527 2309 579 xxx,
2325 511 2393 570 24
2418 526 2436 568 =

431 603 690 660 Miserere
717 601 913 658 animae
933 608 1039 658 tuce
1060 603 1275 675 placens
1296 603 1426 658 Deo.
1458 603 1645 662 Potest
1667 609 1851 661 autem
1888 603 2049 659 homo
2087 611 2308 676 propter
2331 616 2441 659 vo-

428 689 657 748 luntatis
684 689 1107 748 mutabilitatem
1133 691 1554 762 praetermittere
1583 691 1640 748 id
1677 692 1820 766 quod
1851 691 2136 766 proposuit
2163 707 2260 764 pro
2280 705 2440 747 oom-

431 780 591 835 modo
614 779 897 853 temporali
925 778 1171 836 alteriuS.
1192 780 1248 836 Si
1270 778 1435 852 igitur
1456 780 1656 854 aliquis
1679 780 1887 838 utiliter
1915 781 2166 854 providet
2187 780 2440 854 proximo

431 865 685 924 vallando
714 866 1126 941 promissionem
1154 880 1309 926 suam
1327 869 1664 940 iuramento,
1695 869 2044 942 fidejussione
2073 863 2156 926 vel
2191 869 2434 942 pignore,

432 955 603 1012 multo
634 956 809 1028 magis
836 955 1049 1013 utiliter
1074 961 1130 1014 et
1174 955 1524 1015 landabiliter
1547 955 1651 1014 sibi
1678 957 1947 1030 providet,
1979 959 2026 1016 si
2058 955 2260 1016 bonum
2305 950 2443 1032 pro-

430 1044 669 1117 positum
708 1045 853 1119 quod
896 1047 1167 1118 concepit,
1198 1047 1283 1104 vel
1310 1054 1458 1114 voto,
1487 1046 1576 1104 vel
1597 1049 1930 1120 juramento,
1959 1048 2050 1108 vel
2092 1063 2440 1121 quocumque
2483 1103 2494 1112 ,

432 1132 540 1190 alio
569 1133 731 1190 modo
773 1133 992 1193 firmare
1034 1135 1327 1192 studuerit.
1353 1135 1510 1192 Unde
1548 1135 1887 1208 Augustinus
1925 1137 2062 1194 dicit
2098 1137 2152 1194 in
2197 1135 2441 1210 Epistola

436 1221 505 1280 ad
545 1223 827 1279 Paulinam
860 1230 917 1279 et
952 1225 1359 1280 Armentarium
1388 1241 1402 1279 ε
1430 1223 1570 1291 Quia
1612 1225 1828 1291 vovisti,
1845 1226 1966 1298 jam
2007 1232 2058 1284 ts
2103 1225 2442 1292 astrinxisti,

438 1309 589 1368 aliud
625 1311 725 1366 tibi
760 1311 938 1384 faeere
978 1327 1087 1368 non
1122 1312 1261 1369 licet.
1293 1313 1365 1368 Et
1399 1319 1589 1387 postea
1629 1313 1817 1370 subdit
1845 1330 1862 1370 ε
1889 1313 2000 1374 Nee
2025 1313 2143 1371 ideo
2185 1321 2361 1373 tamen
2389 1321 2444 1372 le

438 1399 637 1457 vovisse
657 1399 935 1472 paeniteat,
955 1399 1063 1477 imo
1090 1400 1261 1474 qando
1280 1400 1400 1473 jam
1427 1399 1530 1458 tibi
1555 1415 1664 1458 non
1685 1399 1868 1470 lisere,
1895 1402 2034 1478 quod
2068 1419 2186 1460 cum
2226 1409 2316 1462 tuo
2344 1403 2446 1460 de-

438 1499 691 1552 trimento
720 1491 969 1549 licuisset.
1000 1490 1247 1565 Amplius
1288 1489 1746 1548 considerandum
1787 1499 1894 1562 est,
1924 1492 2072 1566 quod
2115 1507 2252 1567 opus
2297 1491 2446 1550 inie-

436 1569 597 1640 rioris
642 1581 861 1638 virtutis
902 1579 1230 1639 laudabilius
1268 1581 1536 1648 redditur,
1571 1585 1630 1636 et
1671 1581 1846 1655 magis
1885 1581 2228 1640 meritorium
2270 1582 2317 1638 si
2371 1581 2446 1640 ad

440 1670 775 1743 superiorem
797 1671 1059 1727 virtutem
1088 1670 1391 1738 ordinetur,
1417 1670 1564 1727 sicut
1589 1685 1728 1744 opus
1753 1671 2102 1730 abstinentiae
2127 1669 2178 1727 si
2217 1670 2446 1729 ordine-

440 1765 532 1815 tur
553 1758 621 1814 ad
650 1757 995 1824 charitatem,
1024 1759 1144 1831 pari
1170 1773 1301 1830 ergo
1342 1757 1575 1826 ratione,
1601 1765 1660 1817 et
1697 1759 1748 1816 si
1791 1760 2074 1816 ordinetur
2112 1759 2182 1817 ad
2223 1759 2449 1818 latriam

443 1861 569 1921 quae
608 1852 694 1902 est
724 1845 1054 1903 abstinentia
1086 1845 1289 1918 potior.
1316 1847 1520 1904 Votum
1565 1854 1750 1906 autem
1795 1853 1882 1904 est
1921 1847 2098 1904 latriae
2144 1854 2322 1906 actuS.
2347 1849 2448 1906 Est

442 1935 585 1991 enim
610 1933 897 2006 promissio
924 1934 1039 1990 Deo
1062 1933 1209 1992 facta
1232 1934 1299 1991 de
1328 1934 1415 1992 his
1433 1952 1558 2010 quae
1583 1935 1858 2008 pertinent
1885 1935 1954 1992 ad
1975 1935 2076 1990 Dei
2099 1934 2444 2007 obsequium.

442 2023 599 2083 Unde
620 2023 747 2080 lsai.
776 2039 901 2092 xix,
934 2028 987 2091 2,
1019 2021 1221 2080 dicitur
1252 2042 1265 2080 :
1292 2024 1664 2099 Coynoscentes
1685 2023 1933 2098 AEyyptii
1965 2014 2252 2082 Dominum
2279 2025 2340 2082 in
2362 2025 2450 2082 die

442 2113 562 2178 illa,
592 2118 644 2170 et
670 2113 835 2168 solent
880 2127 1000 2168 eum
1041 2113 1103 2168 in
1128 2112 1314 2172 hostiis
1353 2122 1407 2172 et
1433 2107 1765 2180 muneribus,
1795 2120 1847 2172 et
1891 2119 2014 2170 vota
2039 2112 2296 2184 vovebunt
2330 2115 2449 2171 Do·-

322 2274 331 2279 ·
444 2201 591 2256 mino
617 2209 669 2259 et
688 2201 906 2260 solvent.
930 2200 1205 2274 Jejunium
1237 2202 1408 2274 igitur
1433 2202 1762 2261 laudabilius
1789 2203 1895 2260 erit
1930 2208 1986 2260 et
2015 2201 2192 2274 magis
2217 2204 2448 2260 merito-

446 2289 591 2346 rium
618 2290 663 2346 si
692 2289 789 2347 fiat
816 2305 885 2346 ex
912 2295 1060 2347 voto.
1090 2289 1230 2346 Hinc
1256 2299 1341 2348 est
1384 2291 1534 2366 quod
1576 2293 1632 2348 in
1661 2292 1861 2348 Psalm.
1883 2307 2058 2358 mxxv,
2087 2293 2176 2358 ⁴2,
2198 2290 2284 2348 vel
2311 2307 2448 2348 eon-

448 2378 637 2448 suluit,
668 2379 754 2436 vel
784 2379 1073 2437 mandatur
1100 2395 1117 2437 2
1156 2379 1360 2448 Vovete,
1390 2388 1440 2438 et
1469 2380 1674 2438 reddite
1700 2380 1928 2437 Domino
1948 2381 2060 2436 Deo
2079 2385 2275 2446 vestro,
2301 2383 2448 2454 quod

448 2468 651 2526 frustra
690 2471 1041 2528 mandaretur
1090 2468 1177 2526 vel
1222 2469 1600 2537 consuleretur
1639 2467 1744 2526 nisi
1785 2481 1924 2534 opus
1961 2465 2166 2524 bonum
2209 2484 2274 2524 ex
2318 2475 2448 2529 voto

446 2557 627 2614 facere
655 2559 849 2617 melius
876 2565 1043 2616 esset.
1070 2559 1188 2615 Hoc
1214 2565 1400 2616 autem
1439 2555 1647 2623 habito,
1681 2553 1963 2612 dubitatur
2001 2555 2230 2613 ulterius
2266 2563 2449 2616 utrum

449 2646 613 2702 alicui
642 2646 806 2704 liceat
840 2663 901 2704 se
945 2646 1187 2718 obligare
1229 2652 1361 2704 voto
1401 2645 1473 2703 ad
1509 2643 1789 2718 religionis
1829 2645 2154 2718 ingressum,
2175 2645 2264 2702 vel
2293 2661 2452 2704 erro-

449 2751 612 2790 neum
635 2741 738 2792 est.
764 2735 821 2792 Si
850 2734 995 2792 enim
1022 2735 1325 2792 virtuosum
1354 2741 1438 2792 est
1471 2734 1752 2808 religionis
1771 2739 1978 2792 statum
2004 2749 2302 2802 assumere,
2332 2737 2450 2804 vir·-

451 2831 639 2880 tuosos
680 2830 863 2881 autem
902 2829 1061 2880 actus
1104 2839 1173 2880 ex
1207 2828 1338 2882 voto
1379 2823 1563 2882 faeere
1598 2822 1927 2881 laudabilius
1962 2829 2066 2890 est,
2105 2823 2450 2882 laudabiliter

358 2957 371 2972 .
452 2905 721 2984 aguntilli
758 2911 853 2987 qui
892 2911 1083 2970 statim
1116 2911 1434 2986 religionem
1479 2913 1691 2986 ingredi
1721 2929 1827 2971 non
1855 2911 2120 2980 valentes,
2148 2927 2207 2968 se
2251 2914 2320 2970 ad
2362 2915 2452 2970 in-

453 3001 699 3072 gressum
751 3001 1027 3074 religionis
1072 3009 1201 3058 voto
1250 3003 1580 3076 astringunt.
1627 3003 1746 3060 Nisi
1787 3002 1928 3060 forte
1976 3001 2104 3074 quis
2151 3001 2450 3064 secundum

452 3087 807 3162 vigilantium
856 3091 1023 3159 dicat,
1067 3091 1215 3165 quod
1262 3098 1444 3150 status
1487 3090 1767 3150 saecularis
1817 3090 1950 3150 vitae
1973 3090 2142 3147 statui
2174 3091 2453 3163 religionis

450 3187 723 3252 aequatur,
754 3179 841 3237 vel
886 3177 1080 3253 majori
1122 3181 1343 3239 vesania
1381 3183 1438 3238 in
1471 3189 1683 3240 tantum
1710 3182 1912 3257 erroris
1939 3186 2278 3254 prorumpat,
2305 3181 2450 3254 quod

450 3277 751 3342 praesumat
780 3285 1027 3327 asserere
1053 3276 1258 3328 statum
1292 3269 1614 3344 religionum
1657 3285 1798 3344 quas
1819 3267 2064 3326 Ecclesia
2105 3269 2450 3343 approbavit,

450 3373 563 3416 non
602 3374 722 3416 esse
760 3365 967 3416 statum
994 3359 1204 3426 salutis,
1237 3360 1293 3416 in
1329 3375 1441 3433 quo
1470 3360 1587 3432 jam
1617 3358 1900 3430 vigilantii
1931 3355 2193 3432 ‚haeresim
2221 3373 2456 3432 supera-

449 3445 607 3516 bunt,
634 3464 741 3507 non
774 3449 950 3507 solum
985 3449 1169 3505 inania
1206 3448 1496 3506 reddentes
1525 3448 1724 3505 Christi
1749 3447 1998 3514 consilia,
2021 3446 2114 3503 sed
2139 3463 2206 3504 ea
2237 3447 2454 3519 penitus

452 3530 803 3610 evacuantem
818 3553 1029 3596 necnon
1055 3543 1111 3594 et
1136 3533 1464 3595 ordinationi
1494 3537 1754 3595 Ecclesiae
1777 3543 2162 3610 repugnantes,
2195 3535 2342 3608 quod
2373 3542 2456 3593 est

454 3623 859 3685 schismaticum
888 3645 1029 3686 esse.
1056 3628 1110 3686 Si
1137 3637 1321 3685 autem
1348 3627 1692 3686 laudabiliter
1715 3626 1945 3693 faciunt,
1977 3630 2034 3685 et
2069 3641 2102 3682 a
2129 3623 2326 3699 spiritu
2355 3623 2456 3682 Dei

454 3723 741 3773 moventur
775 3717 870 3788 qui
910 3734 969 3773 se
1002 3715 1244 3789 obligant
1286 3724 1416 3774 voto
1457 3716 1529 3774 ad
1571 3714 1850 3786 religionis
1889 3715 2215 3785 ingressum,
2257 3727 2460 3770 conse-

454 3817 629 3891 quens
658 3810 741 3861 est
766 3819 861 3862 eos
886 3805 1233 3885 laudabiliter
1257 3804 1440 3864 iacere
1461 3805 1558 3882 qui
1585 3802 1723 3874 alios
1745 3801 1860 3862 suis
1886 3801 2358 3863 exhortationibus
2384 3801 2456 3866 ad
