2784 4392
510 302 590 365 82
986 320 1038 366 3.
1083 322 1314 367 'metm
1353 322 1683 373 aoumms
1723 322 2033 367 ornacum

511 437 760 493 doctrina
791 452 894 493 non
925 439 1330 495 communicant
1366 438 1529 494 simul
1567 436 1959 504 conveniendo,
1991 438 2213 494 diversa
2242 443 2299 493 et
2338 436 2521 493 inter-

514 524 642 581 dum
676 527 947 582 contraria
989 527 1242 593 doceant,
1289 528 1433 583 unde
1477 528 1769 601 Apostolus
1812 528 1879 583 de
1921 530 2247 599 semetipsos
2276 526 2412 581 dicit
2448 522 2517 580 ad

513 614 756 681 GalataS,
787 632 830 672 ιι
857 633 872 670 :
903 615 1103 670 Deinde
1121 614 1828 687 perannos'quatuordecim
1850 616 2047 671 iterum
2069 614 2281 671 ascendi
2312 614 2519 669 Hiero-

512 704 760 775 solymam
789 721 906 760 cum
929 704 1207 769 Barnaba,
1239 712 1507 777 assumpto
1538 711 1588 761 et
1616 706 1735 760 Tito
1748 722 1769 771 ;
1795 704 2009 759 ascendi
2029 712 2205 760 autem
2228 703 2517 761 secundum

514 792 905 858 revelationem,
946 800 994 847 et
1047 792 1247 849 contuli
1287 809 1406 848 cum
1442 793 1555 849 illis
1596 792 1948 864 Evangelium
1999 792 2136 864 quod
2176 791 2411 863 praedico
2458 792 2516 843 in

513 879 772 951 gentibus,
807 897 1042 936 seorsum
1088 887 1264 936 autem
1309 897 1426 937 cum
1459 881 1542 935 liis
1575 881 1669 952 qui
1696 880 2015 935 videbantur
2049 880 2258 951 aliquid
2298 894 2421 943 esse,
2453 892 2517 932 ne

515 968 662 1038 forte
689 968 752 1023 in
787 984 1010 1024 vacuum
1045 985 1341 1034 currerem,
1373 976 1474 1025 aut
1500 968 1869 1023 cucurrissem.
1911 968 2065 1024 Unde
2099 975 2155 1022 et
2197 971 2251 1022 in
2280 966 2517 1023 decretis

518 1055 866 1111 distinctione
910 1072 1008 1125 xv,
1071 1074 1192 1129 cap.
1243 1058 1502 1123 canones,
1556 1057 1758 1113 dicitur
1815 1058 1959 1127 quod
2010 1077 2039 1107 α
2101 1071 2133 1112 a
2182 1054 2517 1127 temporibus

519 1145 860 1201 Constantini
883 1146 1108 1201 consilia
1125 1148 1486 1218 incoeperunt.
1510 1164 1537 1197 ιο
1553 1146 1612 1200 ln
1638 1142 2070 1216 praecedentibus
2100 1159 2338 1215 namque
2360 1144 2516 1197 annis

519 1233 896 1304 persecutione
937 1233 1182 1288 fervente
1217 1234 1585 1289 docendarum
1626 1233 1861 1305 plebium
1904 1233 2127 1287 minime
2155 1232 2391 1288 dabatur
2432 1231 2519 1287 sa-

521 1321 724 1389 cullas;
743 1321 868 1376 inde
897 1320 1276 1378 Christianitas
1305 1321 1358 1375 in
1379 1322 1625 1378 diversas
1656 1323 1887 1377 baereses
1914 1322 2085 1376 scissa
2114 1327 2217 1387 est,
2246 1320 2376 1393 quia
2414 1334 2519 1373 non

521 1417 640 1464 erat
675 1409 958 1481 Episcopis
986 1409 1208 1466 licentia
1229 1410 1586 1485 conveniendi
1613 1411 1669 1465 in
1695 1425 1880 1464 unum.
1923 1411 2083 1465 Patet
2121 1424 2251 1480 ergo
2290 1408 2436 1481 quod
2466 1409 2519 1461 in

521 1497 820 1569 periculum
864 1496 988 1553 fidei
1031 1498 1354 1555 divisionem
1401 1499 1629 1561 inducit,
1662 1499 1757 1569 qui
1794 1498 2047 1554 doctores
2090 1496 2213 1552 fidei
2258 1496 2314 1551 in
2358 1510 2519 1551 unam

523 1584 842 1643 societatem
879 1586 1196 1658 congregari
1246 1602 1350 1643 non
1390 1588 1681 1659 permittit,
1731 1594 1786 1641 et
1828 1586 1909 1641 sic
1950 1591 2101 1657 patet
2144 1582 2521 1659 multipliciter

522 1676 844 1747 praedictam
861 1676 1190 1731 sententiam
1215 1690 1334 1731 esse
1357 1675 1699 1732 damnosam.

559 1763 687 1817 Ε3ι
715 1765 882 1819 etiam
905 1767 1095 1819 eadem
1125 1764 1397 1819 sententia
1425 1763 1578 1829 falsa,
1612 1760 1758 1837 quod
1790 1762 2165 1836 multipliciter
2188 1726 2363 1836 patet,
2393 1763 2520 1835 quia

524 1857 608 1906 cst
649 1851 923 1907 contraria
959 1851 1224 1906 doctrinae
1268 1852 1615 1922 Apostolicae,
1648 1866 1773 1924 quae
1813 1851 1952 1908 falsa
1998 1868 2119 1907 esse
2159 1868 2265 1907 non
2316 1858 2519 1923 potest.

527 1935 738 1993 Dicitur
760 1938 924 2005 enim,
953 1939 976 1993 Ι
1013 1939 1158 1993 Petri
1189 1952 1268 2004 ιν,
1300 1942 1367 1993 lo
1400 1956 1415 1993 t
1458 1940 1818 2012 Unusquisque
1850 1939 1989 1999 sicut
2030 1940 2229 2011 accepit
2258 1940 2520 2010 qratiam,

529 2027 586 2081 in
607 2026 933 2083 alterutrum
958 2026 1107 2082 illam
1133 2028 1572 2083 administrantes
1593 2029 1731 2085 sicut
1758 2027 1881 2083 boni
1910 2028 2301 2099 dispensatores
2330 2027 2524 2083 multi-
2564 2072 2575 2091 ὅ

525 2114 718 2185 formis
753 2114 950 2187 qratiae
991 2114 1130 2170 Dei.·
1154 2116 1348 2171 Glossa
1395 2134 1408 2170 :
1448 2138 1473 2169 <t
1523 2116 1972 2189 Gratiam-dicit,
2018 2116 2071 2171 id
2103 2122 2207 2181 est,
2239 2116 2524 2188 quodlibet

527 2204 728 2259 donum
743 2204 976 2276 Spiritus
999 2204 1181 2259 Sancti
1208 2208 1275 2259 ad
1305 2205 1753 2262 subserviendum
1779 2204 1901 2259 aliis
1921 2213 2031 2259 tam
2064 2205 2116 2259 in
2143 2204 2519 2273 saecularibuS,

527 2306 690 2363 quam
715 2293 770 2346 in
796 2292 1186 2364 spiritualibus,
1219 2302 1246 2344 i>
1277 2302 1331 2349 et
1359 2294 1725 2365 exemplificat
1753 2293 1819 2348 de
1848 2292 1990 2347 dono
2018 2293 2478 2349 scientiae'dicens
2506 2312 2520 2348 :

527 2377 586 2435 Si
619 2378 738 2450 quis
771 2378 1030 2451 loquitur,
1067 2378 1220 2451 quasi
1260 2396 1521 2436 sermones
1567 2380 1687 2443 Dei.
1736 2380 1929 2439 Glossa
1975 2397 1988 2433 :
2032 2399 2057 2431 α
2092 2380 2147 2435 Si
2193 2380 2318 2451 quis
2358 2380 2525 2436 habet

527 2466 811 2524 scientiam
851 2466 1126 2541 loquendi,
1165 2484 1275 2525 non
1303 2458 1435 2535 sibi,
1476 2471 1574 2525 sed
1609 2472 1723 2524 Deo
1748 2470 1999 2539 imputet.
2033 2488 2058 2518 »
2098 2468 2313 2523 Timeat
2337 2478 2523 2523 autem

528 2573 594 2614 ne
621 2565 819 2630 praeter
842 2558 1178 2621 voluntatem
1219 2558 1336 2625 Dei,
1383 2558 1468 2613 vel
1500 2558 1881 2613 auctoritatem
1924 2556 2527 2628 sanctarum'Scriptu-

526 2661 729 2713 rarum,
769 2646 855 2701 vel
897 2653 1095 2717 praeter
1139 2645 1432 2701 utilitatem
1475 2646 1701 2702 fratrum
1752 2644 1966 2710 doceat,
2015 2659 2115 2698 nec
2160 2644 2325 2698 etiam
2376 2644 2522 2716 quod

518 2734 830 2797 ‚docendum
858 2742 958 2802 est,
1003 2741 1201 2790 taceat.
1243 2734 1344 2804 Qui
1377 2735 1544 2807 igitur
1580 2734 1783 2789 dicitur
1810 2732 1961 2798 dicit,
1992 2732 2135 2803 quod
2180 2733 2423 2803 religiosi
2468 2738 2524 2787 et

526 2822 818 2879 saeculares
848 2824 903 2877 in
929 2821 1252 2878 alterutrum
1286 2823 1489 2879 donum
1515 2810 1779 2877 scientiae'
1802 2835 1907 2877 non
1942 2821 2363 2887 communicent,
2400 2839 2525 2877 ma-

527 2910 722 2966 nifeste
751 2912 1065 2968 auctoritati
1097 2911 1411 2985 apostolicae
1450 2909 1797 2967 contradicit.
1830 2910 1985 2975 ltem,
2024 2923 2096 2963 ex
2124 2922 2219 2965 ore
2249 2910 2526 2981 Sapientis

525 2999 838 3056 Ecclesiast.
872 3015 1086 3068 xxxm,
1119 3002 1185 3056 18
1216 2999 1544 3073 :Respicite,
1574 2998 1711 3070 quod
1732 3012 1837 3051 non
1861 2996 1995 3053 milei
2018 2997 2116 3051 soli
2140 2996 2403 3063 laboravi,
2435 2999 2525 3054 sed

523 3088 763 3147 omnibus
780 3090 1178 3163 exquirentibus
1204 3090 1583 3161 disciplinam:
1601 3086 1748 3179 quod
1772 3086 1840 3141 ad
1866 3085 2293 3141 ecclesiasticum
2324 3088 2525 3142 docte-

523 3194 638 3235 rem
665 3178 919 3250 pertinet,
951 3185 1012 3235 ut
1037 3179 1233 3237 Glossa
1277 3178 1476 3234 ibidem
1512 3173 1692 3231 dicit:
1723 3194 1749 3228 α
1783 3175 1873 3230 c'ui
1906 3190 2013 3229 non
2052 3174 2227 3229 solum
2264 3174 2390 3243 sibi,
2426 3177 2522 3232 sed

524 3268 647 3325 aliis
675 3267 961 3323 scribendo
1003 3276 1058 3324 et
1095 3267 1341 3324 docendo
1381 3265 1642 3337 proficit?
1661 3283 1687 3316 »
1736 3263 1839 3333 Qui
1884 3279 2069 3318 omnes
2106 3263 2259 3329 dicit,
2310 3264 2522 3320 nullum

523 3356 745 3429 excipit.
785 3355 926 3427 Ergo
974 3363 1086 3412 tam
1127 3355 1366 3426 religiosi
1421 3368 1586 3425 quam
1633 3351 1923 3409 saeculares
1973 3350 2225 3407 doctores
2267 3354 2524 3409 omnibus

521 3448 882 3512 communiter
899 3452 953 3503 et
983 3445 1336 3505 saecularibus
1362 3450 1419 3499 et
1444 3442 1709 3512 religiosis
1736 3440 1995 3512 proficere
2024 3439 2223 3495 debent
2248 3439 2520 3497 docende.

521 3536 657 3593 Item
686 3535 902 3593 diversa
948 3534 1125 3592 officia
1156 3542 1282 3590 sunt
1325 3532 1382 3587 in
1428 3530 1689 3597 Ecclesia,
1724 3530 1866 3586 sicut
1906 3528 2122 3585 diversa
2174 3528 2419 3585 membra
2468 3532 2523 3585 in

523 3634 766 3695 corpore,
791 3630 852 3679 ut
881 3628 1030 3695 patet
1055 3624 1110 3677 in
1134 3622 1157 3676 Ι
1187 3620 1254 3676 ad
1279 3618 1523 3677 Corinth.
1552 3634 1659 3685 xn,
1692 3619 1747 3672 in
1779 3623 1927 3673 textu
1959 3625 2014 3673 et
2042 3618 2095 3671 in
2120 3615 2337 3671 Glossa.
2366 3616 2524 3673 Sicut

522 3718 705 3766 autem
747 3710 887 3767 oculi
915 3710 1118 3767 suntin
1147 3722 1395 3780 corpore,
1428 3707 1507 3763 ita
1528 3708 1778 3762 doctores
1819 3712 1945 3761 sunt
1984 3704 2039 3759 in
2068 3704 2333 3760 Ecclesia.
2364 3706 2525 3762 Unde

521 3797 713 3855 Manli.
733 3815 768 3853 v
783 3808 836 3853 et
853 3815 1018 3865 xvm,
1035 3803 1086 3865 9,
1104 3814 1200 3870 per
1219 3798 1320 3853 hoc
1343 3795 1490 3867 qued
1517 3795 1716 3849 dicitur
1735 3812 1747 3847 ε
1764 3794 1821 3849 Si
1846 3793 2022 3848 oculus
2040 3800 2161 3847 tuus
2185 3792 2523 3851 scandalizat

525 3890 594 3949 tc,
625 3886 876 3961 doctores
906 3894 965 3943 et
998 3882 1813 3951 consiliariiintelliguntur,·ut
1844 3898 1936 3952 per
1962 3880 2210 3935 Glossam
2237 3888 2411 3951 patet.
2464 3884 2520 3938 ln
