2784 4392
396 190 525 259 296
881 202 936 253 a.
975 200 1210 251 rnouar
1247 196 1579 255 nonina-rra
1618 192 1950 247 causeum.
2056 198 2063 203 ·

397 325 484 383 uis
505 338 672 400 supra
694 319 1008 397 aliqualiter
1029 296 1106 379 sit
1127 326 1336 377 tactum
1360 320 1417 375 ln
1446 330 1663 392 genere,
1688 330 1835 375 nunc
1856 316 1911 374 in
1940 302 2125 390 specie
2146 318 2233 374 est
2256 318 2433 375 trac-

399 416 628 473 tandum
657 414 726 471 ad
755 414 1016 485 majorem
1045 410 1472 467 declarationem
1509 422 1699 465 eorum
1740 419 1867 480 quaa
1904 412 2032 464 sunt
2070 402 2283 480 agenda
2310 421 2415 479 per

400 502 724 578 principem.
755 502 996 560 Primum
1021 498 1243 574 quidem
1275 504 1335 555 ut
1363 500 1419 554 ln
1448 496 1679 569 singulis
1708 490 1963 571 partibus
2002 496 2087 553 sui
2127 494 2416 568 regiminis

401 590 644 651 abundet
692 588 748 647 in
793 590 1007 646 divitiis
1043 584 1403 653 naturalibus,
1448 598 1587 659 quas
1636 584 1719 641 sic
1766 590 1929 642 vocat
1978 583 2303 641 Aristoteles
2356 584 2414 639 in

398 684 426 739 1
453 695 569 739 suaa
590 677 757 739 Polit.
781 678 870 737 vel
893 676 1026 752 qula
1053 676 1328 741 naturalia
1356 682 1503 744 sunt,
1531 686 1629 731 seu
1656 674 1787 748 quia
1812 672 1976 731 homo
2012 674 2149 747 ipsis
2175 678 2415 731 natura·

399 768 529 827 liter
551 768 780 842 indiget,
813 774 874 825 ut
917 772 1048 824 sunt
1088 766 1292 834 vineta,
1315 776 1564 834 nemora,
1590 763 1782 837 sylvae,
1814 760 2025 819 vivaria
2068 762 2413 819 diversorum

401 858 722 916 animalium
750 856 1018 915 starium
1041 868 1260 929 genera,
1277 854 1348 911 de
1377 852 1578 927 quibus
1604 851 1861 909 Paludius
1884 850 2185 920 Palatinus,
2218 864 2405 909 comes

403 945 726 1005 valentiano
775 942 1130 1017 Imperatori,
1178 944 1250 1001 ad
1314 942 1543 1017 praeiata
1601 942 1923 1009 exhortans,
1978 938 2413 999 luculentissimo

402 1035 568 1109 stylo,
615 1048 684 1092 ac
719 1033 970 1091 diffusius
1019 1035 1409 1091 documentum
1452 1031 1700 1089 tradidit.
1748 1030 1887 1095 Hinc
1941 1028 2110 1087 etlam
2158 1028 2415 1089 Salomon

402 1120 568 1196 (Eccl-
605 1137 672 1193 n,
703 1126 754 1197 ι)
799 1138 896 1181 rex
925 1122 1112 1181 volens
1148 1122 1437 1181 ostendere
1467 1118 1928 1194 magnificentiam
1973 1119 2059 1176 sui
2089 1118 2413 1194 regiminis:

401 1210 715 1286 AEditicaoi,
751 1214 950 1287 inquit,
982 1212 1114 1269 milti
1141 1212 1341 1278 domos,
1370 1210 1617 1283 plantavi
1644 1208 1846 1285 vineas,
1871 1206 1975 1281 {eci
2009 1207 2192 1266 hortos
2227 1219 2278 1268 et
2308 1228 2417 1285 po·
2725 1187 2731 1269 l

401 1302 607 1369 maria,
629 1310 682 1361 st
699 1302 906 1359 comeus·
927 1314 991 1358 aa
1015 1300 1194 1358 cuncti
1211 1300 1425 1374 penoris
1448 1296 1757 1365 arboribus,
1778 1298 2001 1357 eoetruxi
2027 1296 2160 1356 mihi
2179 1299 2414 1374 piscinas
2730 1295 2732 1385 l

405 1392 478 1449 ad
493 1388 839 1465 irriyandum
861 1389 1061 1465 sylvam
1089 1390 1356 1463 liquorum
1382 1388 1829 1463 psi-minantium.
2732 1405 2734 1465 χ

475 1482 646 1555 Cujus
670 1480 894 1555 quidem
921 1479 1117 1555 triplex
1150 1478 1294 1537 ratio
1322 1479 1464 1535 sumi
1492 1480 1692 1551 potest.
1720 1474 1840 1535 Una
1878 1474 2115 1533 sumitur
2158 1492 2225 1535 ex
2258 1484 2415 1553 parte

405 1583 540 1629 usus
559 1571 736 1645 ipsius
761 1572 861 1640 rei,
879 1570 974 1645 qui
999 1567 1222 1645 quidem
1247 1566 1625 1626 delectabilior
1648 1580 1766 1624 ease
1788 1564 2007 1645 videtur
2030 1566 2087 1622 in
2110 1580 2171 1624 re
2198 1570 2417 1643 propria

407 1673 575 1736 quam
597 1652 796 1727 aliena,
824 1674 890 1717 ao
913 1659 1059 1733 quod
1089 1658 1268 1731 magis
1295 1658 1471 1715 unita.
1499 1676 1527 1711 α
1557 1656 1697 1713 Unio
1736 1656 1881 1712 enim
1914 1660 2001 1712 est
2038 1657 2242 1714 amoris
2285 1675 2417 1731 pro-

405 1746 632 1824 prietas,
669 1764 700 1802 a
730 1756 792 1805 ut
817 1748 988 1804 tradit
1011 1744 1328 1821 Dionysius.
1353 1746 1439 1803 Ad
1464 1758 1708 1803 amorem
1747 1750 1931 1802 autem
1954 1746 2208 1819 sequitur
2231 1746 2420 1805 delec-

406 1838 590 1902 tatio.·
613 1830 752 1893 Cum
803 1834 950 1893 enim
1002 1835 1072 1892 ad
1123 1827 1208 1891 est
1258 1834 1405 1907 quod
1460 1831 1727 1906 diligitur,
1780 1834 1951 1892 etiam
1998 1832 2419 1894 delectationem

407 1934 597 1983 secum
622 1926 802 1982 affert.
832 1922 1079 1997 Amplius
1107 1928 1293 1981 autern
1321 1924 1441 1996 ipsa
1464 1921 1750 1995 diligentia
1778 1922 1960 1997 operis
1984 1925 2247 1982 exercitia
2271 1924 2418 1983 circa

406 2012 696 2089 pradicta,
725 2014 784 2069 in
817 2024 928 2086 qua
951 2012 1174 2086 quidem
1198 2009 1362 2069 homo
1407 2008 1513 2068 sibi
1554 2010 1881 2085 congaudet,
1908 2018 2113 2087 quanto
2156 2022 2240 2072 est
2284 2028 2419 2088 opus

408 2102 704 2160 difficilius.
737 2118 766 2156 α
791 2100 966 2173 Magis
985 2102 1132 2159 enim
1157 2112 1409 2159 amamus
1444 2112 1572 2158 cum
1598 2114 1706 2157 non
1734 2106 1818 2158 est
1844 2098 2004 2160 facile
2051 2104 2197 2178 quod
2246 2104 2422 2177 sumi-

410 2200 520 2259 tur,
551 2211 579 2247 a
609 2200 674 2249 ut
695 2189 1049 2265 Philosophus
1082 2190 1239 2249 dicit.
1269 2190 1350 2247 Ex
1378 2202 1491 2265 qua
1517 2189 1729 2247 ratione
1758 2196 1813 2247 et
1854 2188 1996 2248 filios
2036 2190 2331 2267 diligimus,
2364 2198 2421 2250 et

411 2276 715 2357 quamlibet
732 2286 978 2339 nostram
1013 2278 1285 2351 facturam
1315 2276 1619 2338 secundum
1652 2280 1967 2337 mensuram
2014 2282 2215 2355 operis.
2246 2282 2423 2340 Adhi-

409 2370 589 2429 bendo
615 2370 786 2444 igitur
811 2370 1234 2431 sollicitudinem
1261 2370 1413 2428 circa
1440 2370 1690 2444 proprias
1726 2368 1951 2427 divitias
1991 2370 2270 2429 naturales
2304 2372 2421 2445 Jam

411 2460 610 2528 dictas,
636 2460 908 2535 gratiores
927 2462 1047 2534 jam
1073 2458 1212 2517 flunt
1239 2470 1409 2536 quam
1448 2457 1671 2531 allenae3
1706 2455 1811 2516 etsi
1857 2460 2147 2533 gratiores,
2178 2460 2423 2519 delecta-

411 2550 636 2607 bilior-es
659 2550 808 2623 ipsas
829 2550 1095 2607 dicemus.

451 2637 734 2696 —Secunda‘
757 2634 901 2695 ratio
929 2638 1165 2694 sumitur
1187 2652 1256 2695 ex
1276 2640 1435 2711 parte
1462 2634 1779 2696 officialium
1808 2637 1972 2711 regis.
1998 2636 2054 2697 Si
2093 2636 2237 2697 enim
2276 2630 2447 2714 ipsos

413 2731 669 2798 oporteat
691 2734 974 2782 recurrere
995 2722 1067 2781 ad
1093 2725 1461 2783 convicaneos
1476 2739 1575 2799 pro
1592 2726 1917 2785 necessariis
1934 2724 2064 2786 vitae
2085 2729 2172 2787 sui
2195 2727 2419 2801 domini,

411 2813 692 2871 interdum
735 2813 996 2871 scandala
1035 2820 1365 2885 generantur
1404 2815 1463 2871 in
1507 2814 1743 2873 subditis
1786 2816 1875 2875 vel
1925 2834 1994 2873 ex
2041 2832 2223 2875 rerum
2271 2832 2427 2877 com-

413 2901 642 2971 mercio,
665 2901 722 2958 in
749 2916 860 2975 quo
888 2899 1040 2957 laedit
1065 2902 1320 2969 avaritia,
1353 2918 1481 2975 quae
1509 2909 1783 2959 ementem
1810 2904 1896 2961 vel
1931 2907 2261 2964 vendentem
2290 2924 2426 2965 con·

414 2988 734 3058 comitatur,
759 2990 847 3047 vel
893 2989 1044 3046 fraus
1083 2982 1399 3059 conturbat,
1428 2987 1574 3049 unde
1614 2990 1673 3049 iu
1711 2994 1867 3049 Prov.
1913 3010 2020 3063 xx,
2054 2997 2141 3062 ⁴4,
2173 2997 2377 3053 dicitur
2407 3014 2425 3053 ε

413 3076 625 3139 Malum
648 3081 744 3149 eat,
776 3077 909 3137 dicit
937 3078 1108 3137 omnis
1123 3095 1128 3099 ·
1143 3084 1370 3154 emptor,
1394 3086 1590 3139 etcum
1615 3081 1912 3149 recesserit,
1940 3089 2058 3141 tum
2079 3084 2443 3155 aloriabiturp

415 3166 578 3244 q'uasi
602 3166 796 3227 fraude
823 3168 1150 3227 vendentem
1177 3166 1527 3241 praevenerit,
1558 3174 1615 3227 et
1644 3168 1699 3227 in
1726 3170 1875 3227 Eccl.
1906 3186 2193 3230 monemur
2231 3190 2429 3233 cavere

414 3274 450 3317 a
471 3258 823 3332 corruptione
851 3253 1144 3330 emptionis
1171 3260 1229 3312 et
1250 3254 1676 3330 negotiatorum,
1710 3260 1867 3333 quasi
1900 3260 2006 3318 hoc
2036 3262 2110 3319 sit
2150 3263 2430 3337 proprium

415 3364 606 3405 eorum
639 3349 698 3403 in
738 3346 1054 3404 mercando·
1080 3345 1330 3417 Amplius
1375 3352 1561 3405 autem
1599 3364 1669 3404 ex
1714 3350 2045 3407 commercio
2090 3350 2433 3408 contrahitur

413 3434 766 3497 familiaritas
808 3434 880 3493 ad
920 3434 1194 3503 staminas,
1222 3448 1320 3508 per
1357 3436 1504 3510 quod
1542 3435 1634 3496 vel
1662 3447 1735 3495 ex
1780 3438 2005 3496 incanta
2054 3438 2331 3497 locutione
2375 3438 2434 3495 in

415 3525 766 3593 alterutrum,
787 3530 885 3594 aut
908 3530 1156 3597 aspectu,
1177 3530 1275 3581 aut
1303 3531 1484 3597 gestu,
1500 3532 1763 3584 causatur
1788 3526 2065 3607 zelotypia
2093 3528 2239 3586 inter
2260 3529 2430 3598 cives,

417 3622 478 3677 et
498 3614 628 3674 inde
653 3623 848 3673 contra
877 3612 1121 3685 regimen
1145 3620 1538 3686 provocantur.

461 3702 598 3763 ‘Sed
625 3704 797 3761 etiam.
821 3700 988 3759 tertia
1015 3702 1159 3759 ratio
1187 3700 1294 3761 hoc
1327 3702 1475 3760 idem
1517 3702 1808 3762 confirmat
1842 3704 1993 3778 quod
2028 3702 2331 3780 accipimus
2366 3718 2437 3764 ex

420 3797 583 3867 parts
607 3802 794 3860 rerum
819 3788 1116 3855 venalium·
1136 3790 1409 3855 victualia
1438 3792 1586 3851 enim
1608 3806 1737 3867 quaa
1768 3794 2097 3865 venduntur,
2128 3800 2193 3853 ut
2218 3792 2277 3854 in
2306 3792 2437 3869 plu-
