2784 4392
413 249 534 316 306
887 255 946 317 εξ
985 265 1218 316 mount
1258 263 1587 320 Aotmurxs
1626 259 1937 312 ornacum

423 384 704 458 politicum
747 386 1006 459 regimen,
1045 388 1126 444 sic
1167 387 1340 460 ipsam
1367 391 1627 442 rexerunt
1666 397 1841 458 usquo
1882 381 1949 438 ad
2000 385 2247 452 tempora
2286 375 2426 434 Iulii

425 475 658 532 Caesaris
683 475 786 532 sub
819 475 1151 544 consulibu3‚
1191 474 1551 532 dictatoribus
1590 471 1921 540 attribuitis,
1966 470 2109 544 quod
2141 469 2244 525 fuit
2274 483 2429 542 qua-

419 563 829 636 dringentorum
855 565 1216 638 quadraginta
1240 571 1477 638 quatuor
1496 577 1781 619 annorum.
1808 561 1865 616 ln
1888 573 2000 633 quo
2024 557 2247 631 quidem
2272 565 2429 613 tem-

419 667 568 723 pore,
595 659 657 707 ut
685 651 892 708 dictum
921 657 1004 708 est
1032 665 1216 726 supra,
1253 651 1349 708 tali
1381 651 1648 723 regimine
1686 648 1915 706 multum
1954 647 2183 722 profecit
2219 661 2427 718 respu-

421 739 583 796 blica.
632 739 788 796 Patet
817 740 983 812 igitur
1019 755 1126 814 qua
1157 733 1593 810 consideratione
1620 739 1867 813 politiam
1902 752 2088 812 regno,
2136 741 2195 792 et
2232 733 2427 806 regate

421 818 720 885 dominium
749 829 954 903 politiae
981 830 1366 904 praeponimus,

1190 1005 1475 1077 CAPUT
1544 1007 1635 1075 X.

421 1136 657 1204 Habita
683 1139 1066 1204 distinction-e
1107 1140 1380 1217 dominii,
1413 1141 1511 1203 hio
1538 1139 1945 1220 distinquituo·
1978 1137 2051 1200 de
2088 1135 2416 1209 ministris,

503 1230 824 1292 secundum
851 1231 1256 1311 differentiam
1283 1230 1677 1302 dominorum,
1704 1235 1760 1292 et
1782 1229 2047 1308 quaedam
2068 1244 2283 1308 genera
2308 1227 2423 1286 mi-

501 1319 834 1381 nistrorum
879 1320 1139 1382 ostendit
1183 1319 1450 1380 omnibus
1494 1319 1751 1380 dominis
1796 1318 2149 1380 communia.
2196 1317 2419 1378 Postea

495 1407 716 1486 probat
741 1409 1088 1471 servitutem
1113 1409 1182 1470 in
1207 1407 1566 1488 quibusdam
1594 1424 1711 1470 esse
1740 1407 2099 1470 naturalem.

493 1537 591 1595 His
619 1537 786 1612 igitur
813 1539 894 1596 sio
917 1537 1186 1607 deductiS,
1217 1539 1511 1596 vivendum
1538 1545 1622 1596 est
1650 1537 1717 1596 de
1746 1538 2027 1608 ministr-ie,
2054 1537 2148 1611 qui
2176 1536 2246 1593 ad
2272 1535 2419 1606 regi-

425 1625 590 1683 minis
615 1636 743 1685 sunt
779 1628 1266 1702 complementum;
1297 1629 1427 1703 quia
1454 1627 1571 1686 sine
1598 1629 1675 1686 eis
1712 1627 2092 1702 quodcumque
2120 1625 2417 1681 dominium

423 1717 658 1772 transire
703 1734 809 1773 non
861 1724 1060 1790 potest,
1091 1726 1154 1772 ut
1195 1733 1291 1790 per
1337 1732 1430 1772 eos
1474 1717 1772 1773 secundum
1812 1715 2040 1788 gradum
2070 1727 2419 1788 personarum

424 1811 781 1860 exerceantur
817 1805 1013 1873 officia,
1044 1805 1440 1862 distribuantur
1470 1819 1635 1876 opera
1671 1819 1725 1860 et
1756 1803 2201 1860 administrentur
2228 1818 2420 1858 neces-

426 1893 590 1960 saria,
625 1892 739 1947 sive
769 1893 821 1946 in
852 1907 1035 1964 regno,
1069 1893 1270 1948 sivein
1310 1907 1655 1965 quacumque
1694 1893 1989 1964 republica,
2032 1900 2087 1948 et
2122 1893 2419 1948 secundum

426 1981 622 2036 merita
646 1981 1035 2052 cujuscumque
1061 1981 1114 2035 in
1145 1993 1209 2037 ea
1233 1980 1497 2036 contenti.
1524 1979 1678 2036 Unde
1701 1989 1755 2036 et
1782 1980 1991 2053 primus
2020 1979 2129 2036 dux
2160 1980 2213 2034 in
2242 1981 2419 2036 lsrae-

427 2067 576 2124 litico
605 2067 802 2140 populo
829 2068 1042 2140 Moyses
1070 2083 1101 2125 a
1129 2066 1314 2124 Jothro
1352 2083 1584 2140 cognato
1614 2083 1711 2125 suo
1741 2069 1935 2125 morito
1966 2067 2329 2140 redarguitur,
2360 2075 2421 2124 ut

426 2161 578 2228 patet
603 2157 656 2210 in
682 2155 852 2211 Exod.
898 2171 1063 2221 xvm,
1097 2155 1183 2225 ⁴7,
1213 2156 1342 2230 quia
1369 2157 1485 2230 ipse
1511 2157 1661 2226 ‚solus
1683 2156 2061 2213 satisfaciebat
2101 2156 2299 2230 populo
2322 2171 2420 2212 suo

428 2246 545 2301 sine
571 2243 835 2301 ministris
864 2262 876 2300 :
904 2245 1093 2311 Stulte,
1124 2244 1319 2319 inquit,
1353 2243 1530 2302 labore
1559 2247 1883 2302 consumeris
1912 2253 1970 2302 tu
1998 2252 2049 2302 et
2070 2245 2295 2317 populus
2324 2235 2421 2300 iste

428 2333 520 2406 qui
549 2339 716 2391 tecum
757 2339 848 2402 est,
895 2339 945 2391 et
986 2335 1134 2390 ultra
1162 2334 1304 2390 vires
1333 2342 1453 2392 tuas
1492 2341 1588 2402 est,
1618 2351 1709 2390 nec
1734 2333 1933 2406 poteris
1967 2333 2245 2390 sustinere.
2277 2331 2417 2388 Pro-

427 2422 564 2488 vide,
591 2421 790 2496 inquit,
821 2423 964 2479 viros
987 2429 1222 2495 potentes
1250 2431 1300 2481 et
1331 2425 1571 2480 timentes
1598 2423 1786 2488 Deum,
1816 2422 1875 2476 in
1893 2421 2077 2494 quibus
2099 2421 2168 2476 sit
2198 2421 2418 2486 veritur,

429 2520 480 2568 et
507 2511 598 2584 qui
625 2511 835 2568 oderint
862 2511 1177 2580 avaritiam,
1215 2518 1265 2569 et
1293 2511 1549 2569 constitue
1588 2529 1652 2568 eoe
1680 2511 1755 2566 eis
1782 2511 2042 2577 tribunos,
2072 2515 2121 2564 et
2148 2510 2420 2566 centurio-

429 2615 538 2664 πεε,
579 2605 630 2664 et
670 2599 1149 2672 quinquaqenarios
1188 2616 1249 2654 ac
1277 2598 1545 2663 deviarios,
1594 2599 1685 2672 qui
1714 2597 1959 2670 judicent
1990 2597 2261 2670 populum.
2309 2598 2420 2653 Hoc

429 2687 572 2742 idem
596 2695 651 2742 et
680 2687 1030 2763 det-Romanis
1055 2686 1348 2754 invenit-ur,
1377 2687 1507 2760 quia
1535 2701 1657 2741 cuin
1686 2701 1871 2758 regum
1895 2687 2132 2756 regimen
2152 2693 2417 2750 cessasset

429 2773 500 2830 ab
529 2773 679 2839 urbe,
719 2773 917 2829 Brutus
951 2775 1126 2830 lactus
1167 2774 1374 2839 consul,
1419 2791 1609 2845 parum
1654 2775 1707 2830 in
1736 2775 2017 2831 consulatu
2048 2773 2412 2830 solusurbem

427 2860 600 2928 rexit3
627 2861 723 2916 sed
753 2861 1092 2917 moventibus
1123 2861 1321 2916 bellum
1349 2862 1564 2918 Sabinis
1593 2861 1769 2918 eidem
1794 2879 1891 2936 per
1913 2863 2415 2934 senatum-adjunc-

427 2955 518 3004 tus
546 2953 629 3004 est
661 2947 915 3016 dictator,
956 2949 1049 3022 qui
1088 2949 1354 3020 dignitate
1381 2949 1631 3006 consules
1670 2951 1917 3024 praeibat‚
1956 2965 2185 3024 quorum
2216 2941 2415 3023 primus

427 3036 648 3095 Lamius
684 3043 912 3094 vocatus
951 3045 1053 3093 est.
1095 3037 1211 3094 Hoc
1243 3039 1407 3095 etiam
1452 3043 1695 3115 tempore
1724 3042 2011 3113 adjunctus
2040 3047 2123 3096 est
2160 3040 2413 3111 magister

426 3127 692 3200 equitum,
737 3127 829 3201 qui
881 3127 1170 3184 dictaturae
1216 3125 1624 3201 obsequeretur,
1676 3145 1901 3202 quorum
1946 3129 2158 3209 primus<
2193 3130 2413 3200 Spurius

427 3209 664 3272 Cassius.
693 3215 818 3272 Post
843 3214 962 3272 haec
999 3215 1155 3289 quasi
1183 3217 1327 3272 circa
1357 3216 1503 3272 idem
1534 3226 1744 3290 tempus
1774 3216 2004 3273 instituti
2037 3222 2162 3272 suut
2190 3215 2408 3284 tribuni,

427 3305 519 3376 qui
547 3304 600 3359 in
629 3303 868 3360 savorem
900 3303 1082 3378 populi
1116 3312 1329 3373 essent3
1358 3305 1501 3376 quod
1536 3321 1629 3377 pro
1664 3311 1811 3362 tanto
1840 3306 1913 3360 sit
1946 3305 2169 3370 dictum,
2216 3305 2282 3361 ad
2324 3319 2412 3360 os·

426 3393 760 3450 tendendum
795 3393 938 3466 quod
977 3393 1216 3465 regimen
1253 3395 1643 3472 cujuscumque
1672 3393 1905 3465 collegii,
1949 3395 2064 3451 sive
2098 3393 2406 3467 provinciae,

423 3481 540 3537 sive
580 3481 819 3536 civitatis
859 3481 945 3538 vol
993 3480 1180 3549 castri,
1223 3483 1340 3538 sine
1378 3481 1679 3538 ministerio
1716 3482 2055 3538 diversorum
2105 3474 2425 3537 officialium'

423 3567 560 3624 bene
589 3567 700 3640 regi
732 3584 837 3624 non
868 3575 1068 3640 potest.

493 3656 597 3712 Sed
625 3657 768 3712 circa
809 3657 909 3714 hoc
937 3657 1375 3731 distinguendum
1408 3658 1474 3714 de
1508 3659 1587 3716 eis
1614 3659 1830 3717 videtur
1854 3657 2149 3717 secundum
2178 3656 2407 3714 diversi-

424 3747 593 3798 tatem
638 3745 948 3815 regiminis;
996 3748 1122 3821 quia
1179 3737 1394 3820 oportet
1434 3748 1711 3806 ministros
1752 3749 1984 3806 dominis
2020 3749 2405 3820 cujuscumque

423 3829 700 3900 regiminis
736 3848 856 3888 esse
895 3833 1198 3892 conformes
1233 3837 1375 3894 sicut
1422 3839 1664 3895 membra
1710 3839 1873 3911 capiti
1920 3856 1933 3895 t
1983 3837 2123 3894 unde
2165 3835 2399 3907 regimen
