2784 4392
457 311 578 375 360
901 303 988 373 's.
1035 327 1268 372 'rnomn
1310 327 1638 376 sommus
1680 327 1988 370 oruscumt

462 443 604 500 toria
641 442 938 517 tripartita.
971 439 1126 512 Quod
1157 446 1332 497 totum
1369 441 1621 512 princeps
1661 439 1965 497 catholicus
2003 440 2278 514 patienter
2321 440 2471 507 tulit,

459 538 517 588 et
544 533 763 590 tandem
789 531 1078 589 durissime
1106 529 1465 602 reprehensus
1490 528 1717 603 abipso,
1749 529 2021 601 publicam
2043 531 2192 602 prius
2216 531 2328 602 egit
2346 545 2469 604 poe-

463 621 774 687 nitentium,
803 637 966 694 quam
995 618 1269 691 publicum
1307 617 1534 674 haberet
1562 616 1809 673 ecclesiae
1837 617 2160 688 ingressum.

531 709 776 766 Tertium
802 718 986 765 autem
1007 707 1304 764 Concilium
1331 705 1668 762 celebratum
1686 705 1787 760 fuit
1808 704 1910 760 sub
1923 705 2227 762 Theodosio
2247 706 2471 778 juniore

462 796 683 856 Arcadii
715 796 845 861 lilio,
886 795 1029 867 apud
1061 795 1350 867 Ephesum,
1379 793 1739 848 ducentorum
1772 793 2181 864 Episcoporum,
2229 801 2479 866 tempore

463 884 744 943 Coelestini
783 883 963 955 primi,
998 882 1123 938 licet
1153 896 1393 954 praesens
1425 897 1529 936 non
1573 879 1756 946 fuerit,
1808 880 1901 935 sed
1951 882 2069 952 ejus
2113 882 2261 938 vices
2298 885 2473 952 gessit

461 972 698 1046 Cyrillus
724 971 1120 1027 Alexandrinus
1149 971 1449 1042 Episcopus
1478 968 1809 1025 confidentia
1836 967 2145 1035 Theodosii,
2180 969 2273 1040 qui
2304 975 2475 1026 tantae

465 1063 568 1116 suit
592 1061 910 1125 honestatis,
935 1067 990 1116 et
1013 1059 1216 1119 maturi
1236 1059 1449 1115 consilii
1474 1064 1529 1114 et
1546 1057 1867 1115 reverentiae
1891 1057 1958 1112 ad
1979 1058 2223 1113 divinum
2240 1059 2474 1128 cultum,

465 1148 610 1222 quod
651 1147 816 1203 etiam
856 1147 909 1201 in
943 1146 1138 1203 tenella
1180 1154 1347 1203 aetate
1373 1147 1667 1217 permissus
1703 1151 1785 1199 est
1816 1145 2102 1217 imperare,
2139 1153 2200 1201 ut
2228 1146 2478 1204 historiae

461 1237 709 1294 tradunt.
742 1235 993 1307 Synodus
1019 1241 1201 1290 autem
1227 1235 1493 1305 praedicta
1522 1240 1711 1290 contra
1738 1234 2050 1291 Nestorium
2080 1235 2473 1292 Constantino-

461 1325 604 1400 polis
637 1323 951 1396 episcopum
983 1330 1314 1394 congregata
1353 1322 1477 1392 suit,
1512 1323 1605 1395 qui
1653 1322 1791 1377 duas
1834 1337 2095 1395 personas
2135 1325 2372 1394 ponebat
2416 1325 2473 1381 in

465 1411 698 1480 Christo,
726 1417 783 1468 et
805 1411 914 1467 duo
938 1412 1236 1488 supposita,
1269 1425 1368 1485 per
1399 1425 1525 1484 quae
1550 1409 1841 1467 tollebatur
1872 1426 2001 1468 vera
2031 1411 2157 1466 unio
2188 1414 2477 1488 utriusque

465 1510 702 1560 naturae.

536 1589 804 1659 Quartum
841 1593 1024 1644 autem
1049 1586 1339 1643 concilium
1379 1585 1483 1642 fuit
1510 1579 1926 1642 celebratum'in
1952 1585 2315 1643 chalcedonia
2343 1603 2475 1645 sex-

465 1683 750 1736 centorum
779 1676 1006 1748 triginta
1035 1675 1427 1748 Episcoporum
1455 1671 1557 1729 sub
1581 1677 1758 1729 Leone
1798 1673 1990 1744 primo,
2026 1683 2293 1746 praesente
2319 1677 2476 1749 prin·

464 1767 587 1839 cipe
615 1765 865 1830 Martin0‚
895 1765 963 1818 de
991 1779 1100 1836 quo
1125 1780 1220 1835 pro
1242 1764 1546 1818 reverentia
1576 1763 1837 1818 Romanae
1865 1762 2141 1830 Ecclesiae,
2169 1765 2251 1820 sic
2274 1764 2477 1822 dixisse

465 1854 640 1910 fertur
685 1855 736 1906 in
786 1851 1002 1907 actione
1045 1851 1275 1922 septima
1312 1850 1560 1922 praefatae
1588 1850 1791 1922 Synodi
1842 1866 1857 1903 t
1906 1871 1931 1902 α
1980 1851 2109 1917 Νοε,
2161 1853 2358 1925 inquit,
2407 1854 2476 1910 ad

469 1941 630 1997 fidem
673 1938 1121 2003 confirmandam,
1172 1952 1277 1992 non
1319 1938 1387 1992 ad
1434 1940 1736 2009 potentiam
1784 1937 2197 2010 ostendendam,
2229 1941 2475 2013 exemplo

466 2027 861 2099 religiosissimi
909 2025 1013 2080 viri
1065 2025 1425 2090 Constantini,
1476 2025 1604 2080 huic
1632 2025 1861 2082 concilio
1908 2027 2173 2083 interesse
2199 2029 2471 2097 volumuS,

469 2126 529 2172 ut
566 2116 788 2171 inventa
813 2113 1064 2179 veritate,
1098 2128 1201 2168 non
1234 2112 1375 2168 ultra
1406 2112 1700 2168 multitudo
1729 2113 1913 2186 pravis
1938 2113 2201 2170 doctrinis
2240 2122 2474 2174 attracta

469 2202 764 2259 discordet.
809 2220 834 2253 n
880 2202 980 2257 Per
1018 2201 1164 2274 quod
1193 2199 1366 2256 habeo
1395 2201 1542 2274 quod
1576 2209 1690 2257 tota
1720 2201 1955 2258 intensio
1981 2203 2287 2276 principum
2328 2204 2477 2259 anti-

467 2291 655 2364 quitus
691 2295 812 2346 erat
841 2290 908 2346 ad
954 2288 1245 2346 favendum
1289 2285 1417 2345 fidei
1461 2289 1803 2347 et‘Ecclesiae
1849 2289 2110 2348 Romanae
2156 2292 2482 2350 reverentiae

469 2385 526 2436 et
574 2378 781 2435 honori.
830 2380 887 2434 ln
926 2377 1029 2434 hoc
1076 2386 1257 2436 autem
1302 2376 1533 2432 concilio
1583 2377 1873 2434 damnatus
1911 2385 1995 2433 est
2038 2379 2311 2452 Eutyches
2352 2396 2478 2437 cum

468 2468 731 2524 Dioscoro
771 2468 1038 2539 Episcopo
1077 2465 1464 2533 Alexandrino,
1498 2466 1593 2539 qui
1622 2465 1765 2522 sicut
1798 2468 2083 2522 Nestorius
2109 2469 2349 2540 ponebat
2372 2485 2479 2527 na-

470 2560 623 2613 turas
666 2562 722 2612 et
763 2570 1024 2630 personas
1053 2554 1360 2622 distinctas,
1405 2555 1488 2611 sic
1528 2555 1619 2610 isti
1650 2555 1966 2613 asserebant
1994 2556 2249 2615 confusas
2289 2564 2346 2616 et
2373 2559 2480 2615 ad-

395 2651 405 2656 ’
469 2646 691 2702 mixtas.

1179 2817 1463 2889 CAPUT
1522 2819 1766 2887 XVIII.

469 2952 566 3018 Do
585 2947 816 3012 duobus
843 2948 1116 3014 conciliis
1140 2948 1517 3030 sequentibus
1540 2955 1680 3028 post
1706 2951 1836 3014 alia
1862 2955 2129 3031 quatuor
2168 2952 2481 3017 celebratis

553 3045 808 3118 tompore
833 3039 1178 3103 Justiniani
1203 3043 1262 3102 ot
1309 3037 1695 3104 Constantini
1726 3040 2039 3119 jnnioris,·
2078 3047 2135 3106 et
2173 3060 2305 3123 qnoe
2345 3044 2479 3120 fnit

551 3130 714 3194 ratio
741 3146 930 3210 quara
963 3127 1282 3209 imperinm
1317 3128 1689 3193 translatum
1722 3129 1853 3207 fnit
1881 3147 1921 3193 a
1954 3129 2181 3196 G‘roeois
2206 3131 2289 3194 ad
2322 3131 2476 3197 Ger-

551 3235 777 3283 manos.

541 3348 706 3406 Multa
731 3349 900 3405 etiam
927 3352 982 3402 et
1011 3345 1119 3403 alie
1143 3345 1363 3402 fuerunt
1391 3346 1651 3413 Concilia,
1680 3346 1809 3403 licet
1845 3347 1949 3404 ista
1974 3347 2176 3405 suerint
2200 3347 2480 3422 principa-

472 3437 607 3494 liora
637 3453 670 3493 a
700 3442 942 3508 tempore
967 3432 1307 3491 Constantini
1354 3450 1529 3508 usque
1558 3435 1625 3491 ad
1652 3435 1923 3503 Carolum,
1952 3436 2006 3492 in
2044 3437 2243 3511 quibus
2272 3438 2479 3510 princi-

470 3543 570 3600 pes
611 3541 674 3582 se
719 3525 996 3596 subjectos
1041 3523 1300 3580 Ecclesiae
1341 3539 1408 3580 ac
1452 3524 1643 3581 fideles
1688 3525 2015 3594 ostendunt3
2060 3527 2157 3582 sed
2206 3529 2478 3601 praecipue

469 3614 808 3670 Iustinianus
829 3619 1180 3684 postcursum
1202 3621 1416 3685 quartae
1431 3613 1624 3686 synodi
1645 3617 1863 3669 centum
1883 3612 2477 3688 vigintiEpiscoporum

470 3702 802 3776 praesidente
824 3700 967 3756 lulio
993 3701 1158 3770 Papa.
1193 3699 1307 3756 Hoc
1329 3701 1476 3756 enim
1514 3701 1861 3759 manifestum
1890 3710 2068 3759 estex
2103 3704 2220 3760 suis
2249 3703 2474 3775 legibuS,

472 3804 610 3861 quas
651 3789 707 3843 in
750 3787 992 3844 savorem
1029 3788 1273 3844 condidit
1313 3787 1675 3845 ecclesiastici
1715 3796 1912 3848 status.
1944 3792 2103 3862 Item,
2137 3807 2205 3848 ex
2247 3791 2480 3866 epistola

473 3889 640 3949 quam
665 3873 941 3932 celebrato
968 3875 1212 3934 Concilio
1239 3877 1296 3932 in
1319 3876 1785 3950 Constantinopoli
1814 3893 1913 3952 per
1943 3883 2119 3936 totum
2147 3878 2337 3937 orbem
2362 3885 2477 3936 ter·
