2784 4392
724 275 835 324 xv.
859 289 941 307 —
963 276 1046 324 nn
1086 275 1391 326 nummus
1432 277 1776 324 Pmnorrtnu
2132 260 2261 326 315

249 388 307 448 in
359 390 872 466 permutationibus,
922 392 1121 466 quibus
1163 392 1402 450 inventis
1446 381 1613 466 sup'ra
1666 392 1879 466 pondus
1928 392 1984 465 in
2039 392 2259 452 metalla

251 479 619 550 resolvuntur,
661 486 722 536 ut
757 485 886 538 sunt
922 480 1316 556 ponderatores
1357 479 1413 539 in
1442 480 1780 539 trabuchetis
1807 490 1863 539 et
1891 481 2013 539 aliis
2046 482 2259 556 ponde-

247 567 418 626 ribus,
446 569 602 638 Item,
628 585 731 627 nec
757 569 1013 640 cauchos,
1043 567 1098 626 id
1124 577 1207 628 est
1227 585 1318 628 ars
1344 569 1608 639 surnaria,
1633 587 1759 645 quae
1782 569 1959 644 magis
1976 567 2259 628 ordinatur

247 657 317 714 ad
359 659 649 726 numisma,
693 659 840 716 sicut
879 659 951 717 ad
995 659 1178 727 finem,
1225 658 1348 716 aliis
1375 659 1873 732 permutationibus
1900 657 2157 730 exclusiS,
2187 655 2257 716 de

245 747 444 821 quibus
474 747 760 822 speciebus
787 750 843 808 iu
870 749 944 807 IV
965 747 1322 810 Ponticorum
1357 750 1473 823 agit
1500 747 1879 824 Philosophus,
1910 756 1964 807 et
1995 749 2137 807 infra
2167 749 2260 806 di·-

246 844 420 904 cetur,
453 845 508 894 et
535 853 704 912 supra
726 843 811 896 est
836 845 1068 896 tactum.
1870 835 1875 838 ’

315 927 543 994 Rursus,
576 927 653 984 illi
695 934 854 986 actus
883 934 1010 984 sunt
1045 925 1280 984 maxime
1313 927 1611 986 necessarii
1634 927 1694 984 in
1720 923 2018 1001 republica,
2049 925 2166 984 sive
2202 924 2259 984 iu

246 1031 432 1088 regn0‚
479 1013 574 1090 qui
615 1031 684 1072 ex
715 1015 844 1090 jure
881 1023 1096 1074 naturae
1134 1013 1457 1087 procedunt,
1505 1013 1637 1089 quia
1676 1012 1825 1088 leges
1853 1013 2123 1072 institutae
2165 1029 2259 1087 per

246 1104 540 1178 principeS,
579 1103 724 1160 idem
760 1101 964 1162 habent
993 1101 1230 1169 initium,
1261 1101 1399 1162 alias
1417 1103 1569 1176 juste
1596 1101 1746 1176 leges
1779 1119 1887 1160 non
1915 1111 2131 1172 essent;
2161 1101 2259 1160 sed

246 1191 378 1250 talia
405 1198 534 1249 sunt
575 1191 644 1248 de
663 1191 791 1264 jure
832 1199 1061 1259 naturae,
1115 1189 1245 1265 quia
1275 1189 1572 1266 adaequant
1613 1187 1921 1250 naturalem
1955 1191 2255 1264 justitiam,

245 1283 328 1340 sic
351 1297 480 1356 ergo
507 1283 575 1339 ad
608 1288 861 1340 naturam
885 1281 1038 1418 regni
1066 1281 1184 1339 sive
1223 1279 1431 1356 politiae
1460 1295 1732 1340 mensurae
1766 1288 1823 1338 et
1848 1280 2093 1356 pondera
2128 1289 2259 1341 sunt

247 1369 576 1428 necessaria.

316 1459 457 1515 Hinc
481 1466 585 1528 est,
625 1459 773 1533 quod
801 1413 1010 1532 primus
1037 1459 1149 1514 dux
1174 1456 1463 1516 Israelitici
1500 1455 1705 1534 populi,
1738 1436 1997 1515 videlicet
2022 1460 2259 1535 Moyses,

250 1555 310 1604 ut
334 1547 598 1604 describit
618 1547 881 1615 Isidorus,
915 1545 1185 1605 tradendo
1213 1537 1374 1618 leges
1387 1544 1625 1613 divinas,
1652 1561 1780 1620 quae
1804 1545 1995 1619 primae
2016 1547 2258 1618 fuerunt,

247 1634 412 1694 simul
439 1651 563 1692 cum
592 1634 702 1692 illis
733 1634 975 1711 pondera
1013 1642 1069 1692 et
1110 1648 1392 1694 mensuras
1420 1633 1728 1704 constituit,
1770 1635 1890 1694 sive
1922 1651 2021 1708 pro
2043 1637 2182 1693 cibis
2204 1645 2259 1696 et

249 1725 489 1800 potibus,
516 1730 579 1780 ut
623 1723 748 1798 ephi
780 1733 835 1783 et
867 1739 1060 1798 gomor
1095 1728 1153 1781 et
1179 1719 1397 1782 modius
1434 1728 1491 1780 et
1516 1717 1809 1792 sextarius,
1848 1723 1966 1782 sive
1993 1725 2049 1783 in
2080 1725 2258 1797 terrie,

247 1822 306 1871 et
329 1813 540 1888 pannis,
563 1829 690 1888 quae
712 1809 980 1872 cubitales
1002 1810 1206 1870 habent
1231 1825 1535 1880 mensuras,
1562 1809 1754 1870 sivein
1774 1827 1909 1870 auro
1933 1819 1989 1870 et
2008 1821 2259 1886 argento,

249 1911 304 1960 et
345 1901 768 1960 numismatibus
805 1917 932 1976 quae
971 1910 1101 1960 sunt
1146 1889 1358 1958 statera
1398 1908 1454 1958 et
1500 1899 1609 1959 alia
1642 1901 1907 1978 pondera.
1939 1901 2093 1960 Unde
2134 1918 2261 1961 cum

249 1989 428 2048 dictus
455 1989 670 2064 Moyses
705 1989 762 2047 in
796 1987 1032 2046 Levitico
1059 1987 1445 2046 exhortaretur
1471 1987 1732 2064 populum
1769 1985 1841 2046 ad
1862 1989 2139 2062 justitiam
2170 1989 2261 2048 fa-

249 2078 518 2146 ciendam,
547 2077 738 2136 statim
761 2078 1041 2150 subjungit
1070 2073 1286 2150 regulas
1316 2075 1585 2138 naturalis
1610 2075 1879 2152 justitiae‚
1895 2085 1956 2134 ut
1994 2076 2262 2152 Origenes

251 2167 452 2224 ibidem
471 2166 712 2258 exponit.
748 2186 774 2219 α
795 2165 917 2224 Non
944 2163 1181 2234 facietis,
1203 2165 1403 2240 inquit,
1429 2165 1678 2242 iniquum
1702 2165 1909 2240 aliquid
1940 2167 1999 2226 in
2019 2167 2258 2244 pondere

249 2266 306 2314 et
337 2271 614 2316 mensura.
645 2257 863 2314 Statera
896 2255 1068 2329 justa,
1099 2261 1158 2312 et
1183 2269 1346 2330 aequa
1371 2253 1485 2312 sint
1511 2256 1776 2372 pondera,
1800 2255 1986 2330 justus
2020 2257 2256 2326 modius,

248 2362 552 2421 aequusque
581 2345 872 2404 sextarius,
903 2364 931 2398 2>

319 2434 507 2492 Refert
551 2435 752 2492 iterum
797 2433 1058 2502 IsidoruS,
1104 2431 1251 2508 quod
1297 2431 1465 2492 Sidon
1505 2433 1686 2506 Argus
1723 2432 1953 2492 Graecis
1975 2449 2261 2492 mensuras

249 2524 422 2593 dedit,
455 2523 546 2581 ubi
575 2531 704 2580 tunc
725 2522 957 2588 florebat
985 2522 1315 2594 Argivorum
1341 2535 1572 2594 regnum
1595 2518 1743 2579 circa
1772 2527 2019 2594 tempora
2042 2518 2261 2602 praefati

249 2611 406 2670 ducis
445 2613 639 2688 Moysi.
669 2612 907 2670 Narrant
935 2608 1104 2668 etiam
1141 2609 1388 2669 historiae
1416 2611 1669 2668 Cererem
1694 2625 1981 2668 mensuras
2006 2608 2261 2684 agricul-

203 2724 210 2730 ·
251 2708 410 2770 turae,
435 2707 488 2756 et
513 2700 769 2757 frumenti
789 2700 1000 2759 Graecis
1025 2697 1272 2758 Siccione
1297 2698 1611 2760 tradidisse.
1635 2698 1790 2758 Unde
1810 2705 1867 2756 et
1887 2698 1990 2757 dea
2009 2698 2261 2756 frumen·-

251 2790 394 2847 taria
423 2796 477 2845 et
502 2789 769 2847 demetria
793 2795 876 2846 est
900 2795 1116 2850 vocata.
1136 2789 1216 2846 Ex
1238 2788 1324 2848 his
1343 2803 1474 2861 ergo
1490 2793 1740 2862 apparet,
1762 2788 1912 2862 quod
1933 2788 2259 2846 naturaliter

250 2883 468 2952 oportet
513 2892 715 2947 regem,
759 2877 845 2934 vel
887 2893 1285 2952 quemcumque
1322 2867 1625 2938 dominium
1660 2877 1733 2936 ad
1768 2877 1971 2936 bonum
2013 2877 2259 2952 ipsorum

251 2967 493 3038 regimen
521 2979 805 3022 mensuras
827 2971 881 3022 et
911 2966 1151 3038 pondera
1177 2965 1375 3039 populo
1404 2967 1509 3026 sibi
1516 2965 1773 3067 subjecto
1794 2967 2011 3026 tradere
2034 2973 2258 3042 propter

250 3069 448 3112 causas
466 3055 586 3128 jam
608 3052 786 3113 dictas
809 3059 865 3112 et
889 3053 1133 3130 exemplo
1153 3053 1427 3116 dictorum
1447 3055 1777 3134 principum,
1799 3056 1868 3114 de
1892 3057 2092 3135 quibus
2110 3071 2255 3138 nunc

251 3152 335 3202 est
364 3151 569 3204 actum.
915 3169 924 3182 ·

999 3323 1285 3396 CAPUT
1329 3325 1483 3398 XV.

248 3457 379 3522 Hie
397 3459 647 3520 sanctus
667 3453 874 3519 doctor
897 3453 1187 3530 declarat,
1209 3456 1374 3538 quod
1394 3459 1629 3536 oportet
1646 3472 1837 3538 reyem
1862 3459 1919 3520 et
1940 3457 2258 3539 quemlibet

329 3545 640 3608 dominum
661 3545 742 3608 ad
764 3545 1260 3609 conservationem
1284 3545 1387 3608 sui
1420 3550 1623 3609 status
1647 3545 1921 3610 adhibere
1944 3547 2256 3610 sollicitu-

327 3635 548 3710 dinem,
567 3639 641 3697 ut
663 3635 732 3698 de
757 3633 974 3697 oerario
994 3634 1239 3714 publico
1253 3633 2044 3718 provideaturpauperibus,
2072 3640 2131 3703 et
2146 3636 2255 3700 Ιιοσ

236 3744 243 3750 ·
329 3723 612 3806 exemplis
637 3729 694 3788 et
719 3723 1059 3788 rationibus
1081 3723 1317 3808 probat.

239 3933 248 3940 ¹
319 3856 418 3918 Est
445 3867 632 3922 autem
655 3865 712 3939 et
733 3858 883 3922 aliud
905 3860 1054 3938 quod
1075 3858 1258 3952 estad
1283 3857 1487 3934 bonum
1508 3860 1750 3936 regimen
1769 3859 2053 3937 pertinens
2072 3859 2248 3941 regni,
