2784 4392
752 307 864 353 xv,
892 321 974 340 -
999 307 1080 352 na
1120 309 1425 394 anemius.
1468 309 1805 354 rmcxruu
2160 293 2283 355 329

275 424 476 496 Inquit,
505 428 666 484 estote
693 420 840 495 ἱερὴ,
865 428 918 480 et
944 421 1070 478 date
1091 421 1302 479 unimus
1339 428 1561 481 vestr-m
1572 440 1677 497 pro
1706 431 2015 482 testamento
2035 425 2282 498 patrum,

273 513 422 586 quod
445 526 544 585 pro
568 509 844 583 republica
877 508 1179 583 accipimus
1203 509 1260 566 in
1286 511 1487 583 populo
1517 512 1817 584 p'raedicto;
1844 522 1899 569 et
1930 521 2119 586 postea
2146 515 2284 570 sub·

275 600 477 657 ditur·
508 599 582 656 Et
624 597 916 670 accipietis
931 597 1163 670 glorium
1197 614 1466 671 magnam,
1488 606 1543 657 et
1590 615 1779 656 nomm
1818 608 2081 659 aeternum
2122 603 2271 676 quod
2332 655 2336 660 .

273 688 345 747 ad
375 688 608 744 filiorum
635 686 926 746 referimus
949 683 1348 760 principatum,
1364 675 1597 760 quorum
1629 705 1767 745 uuus
1811 689 1969 746 alteri
1990 688 2258 749 successit

271 776 443 835 ludas
465 775 740 844 videlicet,
772 781 828 832 et
855 774 1119 833 Jonatbas
1145 782 1202 831 et
1229 775 1437 844 Simon,
1460 783 1517 834 et
1554 777 1785 850 quilibet
1809 793 1998 836 eorum
2026 778 2287 837 sacerdos

272 874 330 924 et
353 865 505 926 dux
493 882 546 922 in
575 864 768 923 eodem
797 862 985 919 floruit
1013 861 1233 936 ροριιΙο.

1057 1013 1343 1110 CAPUT
1415 1042 1498 1110 V.

325 1172 688 1250 Qualiter
713 1171 980 1237 Romani
1007 1176 1352 1235 meruerunt
1378 1170 1712 1236 dominium
1731 1177 1985 1258 propter
2011 1173 2209 1257 loyes

748 1261 1168 1324 sanctissimas
1192 1277 1362 1342 quas.
1390 1259 1803 1326 tradiderunt.

341 1396 438 1453 Est
477 1401 664 1453 autem
708 1399 764 1450 et
805 1392 912 1450 alia
953 1393 1118 1460 ratio,
1146 1393 1290 1449 unde
1332 1393 1495 1464 digne
1539 1394 1769 1451 Romani
1809 1394 2113 1451 dominium
2154 1401 2287 1453 sunt

272 1482 475 1555 adepti,
509 1480 657 1538 zelus
704 1480 958 1537 videlicet
991 1479 1248 1550 justitiae.
1277 1477 1399 1548 Quo
1437 1479 1659 1553 quidem
1704 1480 1865 1538 modo
1905 1483 2282 1555 acquisierunt

270 1571 638 1644 principatum
677 1568 916 1640 quodam
951 1567 1075 1636 jnre
1127 1573 1360 1633 naturae,
1392 1583 1424 1622 a
1466 1583 1576 1641 quo
1614 1568 1779 1624 babet
1807 1569 2092 1626 exordium
2122 1586 2287 1626 omne

264 1662 477 1734 justum
509 1656 831 1714 dominium.
877 1653 1058 1710 Primo
1096 1653 1321 1726 quidem
1359 1655 1511 1728 quia,
1560 1663 1622 1711 ut
1664 1655 1811 1711 idem
1834 1657 2039 1713 Ductor
2066 1657 2279 1724 scribit,

269 1744 629 1805 consulebant
655 1743 853 1816 patriae
879 1741 1108 1799 consilio
1137 1741 1327 1808 libero,
1355 1741 1647 1800 avaritiam
1676 1742 1985 1816 relegantes
2014 1744 2067 1800 in
2098 1745 2281 1801 domi-

271 1837 384 1902 nio,
411 1834 528 1894 sive
567 1831 742 1905 turpis
769 1831 904 1888 lucri
938 1831 1194 1902 gratiam,
1228 1846 1405 1903 neque
1448 1830 1671 1899 delicto,
1703 1847 1882 1904 neque
1924 1831 2134 1888 libidini
2177 1834 2285 1889 ob-

271 1923 438 1990 noxii,
471 1938 568 1995 pro
607 1918 808 1992 quibus
837 1918 957 1991 jam
997 1924 1152 1974 stans
1194 1918 1495 1975 dominium
1538 1919 1858 1992 dissipatur.
1901 1920 2286 1978 Trahebantur

270 2014 416 2072 enim
444 2009 692 2070 homines
713 2009 782 2066 ad
803 2009 1044 2081 ipsorum
1068 2021 1328 2073 amorem,
1350 2014 1413 2063 ut
1432 2014 1659 2083 propter
1678 2009 1919 2082 ipsorum
1943 2009 2285 2081 justissimas

271 2101 418 2174 leges
443 2085 501 2156 se
525 2106 721 2172 sponte
745 2096 951 2152 eisdem
971 2095 1320 2167 subjicerent.
1351 2096 1507 2179 Unde
1530 2104 1586 2152 et
1612 2097 1727 2171 ipse
1757 2096 2053 2171 Apostolus
2082 2098 2285 2154 Paulus

271 2206 397 2248 cum
448 2205 479 2245 a
531 2187 738 2244 Judaeis
781 2185 944 2240 nimis
989 2183 1203 2254 injuriis
1241 2189 1551 2248 vexaretur,
1600 2198 1787 2240 coram
1822 2184 1985 2242 Festo
2032 2185 2282 2260 principe

271 2281 418 2336 circa
463 2283 647 2350 partes
683 2273 950 2329 Caesareae
988 2269 1296 2335 Palestinae,
1321 2276 1384 2324 ut
1424 2268 1479 2324 in
1508 2273 1631 2326 Act.
1678 2273 1870 2343 Apost.
1920 2273 2177 2341 traditur,
2210 2277 2281 2332 ad

271 2367 546 2425 Gaesarem
569 2359 884 2434 appellavit,
903 2372 970 2415 ac
993 2371 1052 2412 se
1074 2355 1310 2427 subjecit
1337 2355 1548 2426 legibus
1561 2356 1842 2414 Romanis.
1864 2357 2067 2428 Quales
2096 2371 2279 2418 autem

271 2454 476 2512 fuerint
499 2465 690 2506 eorum
727 2447 894 2520 leges,
924 2453 980 2502 et
1013 2459 1182 2518 quam
1219 2454 1449 2509 sanctae,
1480 2445 1562 2500 sic
1600 2445 1657 2500 in
1678 2445 1885 2503 eisdem
1926 2449 2051 2508 Act.
2084 2453 2278 2521 apost.
2324 2487 2329 2492 -

271 2541 532 2600 scribitur
557 2536 813 2594 dedicto
848 2534 1030 2604 Festo,
1061 2532 1196 2608 quia
1223 2546 1349 2588 cum
1385 2531 1779 2606 Hierosolymis
1827 2542 1993 2599 esset,
2026 2536 2284 2594 adierunt

273 2631 453 2704 ipsum
489 2626 762 2702 principes
787 2622 1138 2680 sacerdotum
1179 2626 1235 2676 et
1263 2619 1579 2676 sacerdotes
1618 2619 1961 2691 postulantes
1986 2622 2277 2681 adversum

273 2717 502 2777 Paulum
541 2713 948 2772 damnationem
992 2709 1207 2775 mortis,
1256 2707 1461 2781 quibus
1504 2706 1685 2764 dictus
1732 2709 1925 2767 Festus
1974 2713 2278 2785 respondit,

274 2815 435 2881 prout
463 2803 628 2860 dictis
656 2800 864 2873 legibus
891 2801 1262 2858 Romanorum
1297 2795 1598 2868 subjectus,
1629 2797 1774 2871 quod
1806 2812 1915 2854 noa
1938 2805 2025 2855 est
2046 2815 2283 2857 consue-

276 2895 408 2951 tudo
437 2890 696 2949 Romanis
728 2890 990 2945 damnare
1013 2887 1272 2960 aliquem,
1303 2884 1421 2942 sive
1458 2885 1681 2952 donare,
1710 2886 1813 2942 nisi
1854 2895 2155 2959 praesentes
2179 2889 2281 2946 ba·

275 2983 404 3040 beat
453 2984 828 3041 accusatores,
885 2975 1174 3047 locumque
1225 2971 1552 3031 defendendi
1606 2972 1844 3045 accipiat
1890 2975 1961 3030 ad
2010 2975 2281 3032 abluenda

274 3068 526 3130 crimina.
557 3067 779 3138 Propter
797 3063 943 3136 quod
964 3063 1102 3118 dicit
1123 3062 1270 3116 idem
1292 3062 1487 3117 doctor
1506 3061 1847 3130 Augustinus
1870 3061 1927 3117 iu
1947 3063 2123 3119 XVIII
2145 3062 2284 3118 libro

277 3158 528 3232 praefato,
559 3153 705 3226 quod
739 3172 766 3204 α
815 3152 930 3206 Dec
965 3148 1172 3222 placuit
1200 3146 1388 3204 orbem
1424 3156 1693 3203 terrarum
1723 3163 1819 3218 per
1858 3148 2135 3204 Romanos
2178 3149 2284 3204 de-

277 3246 500 3309 bellare,
535 3243 680 3297 utin
721 3254 882 3296 unam
919 3239 1244 3294 societatem
1285 3234 1601 3309 reIpublicae
1628 3233 1920 3308 legumque
1958 3236 2283 3309 perductum

278 3335 438 3404 longe
464 3333 680 3400 lateque
702 3334 1006 3400 pacaret.»

351 3421 600 3492 Amplius
623 3424 809 3472 autem
849 3414 919 3470 ad
947 3413 1072 3480 hoc,
1104 3412 1235 3485 quia
1263 3410 1478 3482 dejure
1507 3418 1721 3468 naturae
1745 3425 1805 3466 es
1833 3417 1894 3466 ut
1921 3411 2047 3483 quis
2089 3428 2289 3484 gerens

279 3523 472 3568 curam
497 3506 724 3572 alterius
757 3502 1064 3560 mercedem
1100 3505 1366 3572 reportet,
1393 3513 1459 3554 eo
1485 3498 1633 3570 quod
1664 3504 1725 3553 ut
1761 3497 2059 3556 scribitur
2046 3517 2102 3556 ιιι
2126 3501 2287 3557 Prov.
2302 3541 2307 3545 -

284 3579 471 3668 (Eccli.
511 3593 810 3662 xv11‚⁴2)·
843 3588 1144 3660 Unicuique
1171 3585 1449 3644 matidavtt
1488 3586 1629 3641 Deus
1666 3584 1729 3642 de
1762 3586 2013 3660 proximo
2048 3605 2165 3644 sue.
2208 3589 2289 3644 Ex

284 3701 391 3761 qua
413 3683 638 3757 quidem
667 3679 878 3736 ratione
896 3679 1021 3751 jura
1058 3674 1386 3734 concedunt..
1414 3673 1557 3746 quod
1598 3673 1723 3747 quis
1750 3689 1865 3730 rem
1892 3673 2128 3732 alienam
2154 3691 2295 3733 con-

286 3779 522 3831 trectare
549 3769 744 3844 possit,
772 3773 827 3823 et
857 3778 1126 3837 expensas
1153 3761 1425 3818 deducere
1454 3777 1521 3819 ac
1549 3763 1832 3834 praemium
1862 3764 2111 3836 accipere
2129 3765 2293 3836 juxta

286 3862 543 3922 meritum
572 3855 827 3923 actionis,
855 3867 982 3912 cum
1019 3852 1169 3914 dicta
1204 3850 1343 3908 bona
1372 3849 1517 3908 male
1551 3857 1862 3911 tractantur
1884 3865 1916 3909 a
1943 3849 2291 3925 proedonibus
