2784 4392
452 193 531 252 58
727 214 732 219 “
930 206 981 252 S.
1025 205 1257 250 THOMAE
1298 203 1624 256 AQmNAms
1664 203 1974 248 croscum

450 323 593 378 unde
635 321 879 394 religioni
919 338 1025 379 non
1066 329 1351 395 repugnat,
1403 319 1705 394 quinimmo
1751 327 1812 376 ut
1857 317 2057 376 dicitur
2101 319 2221 376 Jac.
2261 335 2302 386 ι,
2333 311 2452 376 27':

452 411 658 483 Reliyio
687 412 887 467 munda
915 420 965 467 et
994 411 1336 467 immaculata
1364 409 1509 482 apud
1540 409 1706 464 Deum
1729 417 1782 466 et
1807 411 2024 466 Patrem
2053 409 2162 466 hoec
2188 415 2289 474 eet,
2313 404 2455 465 visi-

452 509 569 557 tare
590 501 816 573 pupillos
839 508 889 556 et
915 499 1105 554 viduas
1128 499 1183 553 in
1208 497 1556 555 tribulatione
1579 513 1778 553 eorum.

521 589 674 657 Quod
701 596 883 646 autem
912 588 1099 644 ultimo
1138 588 1472 660 propositum
1497 594 1600 652 est,
1634 587 1852 642 omnino
1879 594 1961 643 est
1991 585 2244 643 frivolum
2273 605 2286 642 ε
2320 589 2454 662 quia

450 693 512 734 ea
538 679 733 751 quibus
753 686 981 734 utuntur
1007 675 1243 748 religiosi
1279 677 1346 732 ad
1373 675 1826 731 sustentationem
1853 677 2001 742 vitae,
2035 693 2140 732 non
2181 684 2306 734 sunt
2355 693 2452 734 eo·

449 782 569 822 rum
594 774 855 839 quantum
878 765 945 822 ad
977 764 1367 838 proprietatem
1390 763 1748 833 dominii,sed
1778 756 2166 844 dispensantur
2193 768 2261 821 ad
2289 782 2450 822 usum

451 856 791 911 necessitatis
830 870 1017 910 eorum
1054 852 1123 908 ab
1163 852 1247 908 his
1297 853 1391 924 qui
1437 852 1646 907 harum⁴
1675 869 1856 942 rerum
1900 855 2200 910 dominium
2251 853 2453 919 habent

452 945 781 1016 quicumque
812 944 920 998 sint
949 943 2426 998 illi..

521 1033 652 1086 Hoec
678 1032 841 1102 igitur
870 1039 995 1086 sunt
1033 1047 1156 1102 quae
1193 1030 1260 1087 ad
1309 1044 1550 1102 praesens
1593 1029 1881 1088 scribenda
1927 1039 2219 1088 occurrunt
2259 1040 2454 1090 contra

454 1135 733 1175 erroneam
765 1125 820 1174 et
858 1120 1169 1192 pestiferam
1212 1119 1516 1175 doctrinam
1558 1120 1921 1176 avertentium
1964 1121 2206 1177 homines
2250 1139 2281 1178 a
2319 1122 2455 1178 reli·

454 1209 630 1279 gionis
671 1209 939 1278 ingressu.
984 1209 1037 1264 Si
1085 1209 1207 1279 quis
1246 1215 1431 1263 autem
1477 1207 1563 1262 his
1609 1209 1984 1264 contradicere
2039 1209 2288 1277 voluerit,
2347 1225 2454 1266 non

457 1312 637 1351 cor-am
690 1297 872 1368 pueris
928 1297 1154 1366 garriat,
1195 1296 1289 1351 scd
1348 1295 1570 1365 scribat,
1625 1303 1679 1350 et
1721 1297 2046 1368 scripturam
2084 1306 2348 1371 proponat
2395 1301 2456 1355 in

358 1419 363 1424 -
455 1383 692 1455 publico,
724 1390 786 1441 ut
820 1383 887 1440 ab
919 1383 1237 1454 intelligenti
1269 1383 1558 1455 dijudicari
1596 1385 1764 1455 possit
1809 1386 1938 1456 quid
1973 1403 2160 1443 verum
2184 1389 2275 1458 sit,
2309 1395 2364 1444 et
2392 1395 2455 1444 ut

458 1475 601 1546 quod
624 1489 907 1530 erroneum
935 1480 1017 1528 est
1042 1473 1368 1540 auctoritate
1392 1473 1646 1530 veritatis
1673 1473 2002 1529 confutetur.
2260 1466 2265 1472 ’

459 1657 666 1714 Explicit
692 1657 970 1712 opusculum
988 1656 1211 1699 decimum
1228 1658 1490 1710 septimum,
1507 1653 1718 1697 divinum
1732 1655 1903 1698 scilicet
1919 1665 2030 1710 opus
2053 1654 2148 1700 divi
2176 1654 2256 1699 Th.
2279 1653 2452 1714 Aquin.

519 1732 689 1772 contra
701 1728 973 1785 pestiferam
992 1725 1619 1772 doctrinam'retrahemium
1637 1724 1842 1770 homines
1862 1736 1894 1770 a
1911 1725 2148 1781 reliyionis
2168 1727 2393 1784 inqu-essu.
