2784 4392
802 270 910 317 ιν.
940 282 1022 301 -—
1047 270 1124 315 nn
1151 248 1471 313 'anennual
1513 268 1850 313 rumcn’uur
2206 250 2328 315 285

325 389 421 464 qui
457 393 544 447 est
574 387 812 447 hominis
857 388 1037 445 unius.
1066 388 1187 444 Non
1227 391 1311 441 est
1351 399 1482 457 ergo
1527 384 1751 440 ultimus
1790 383 1914 440 finis
1959 384 2325 443 multitudinis

327 488 672 552 congregatae
705 470 889 535 vivere
921 475 1222 533 secundum
1251 474 1531 540 virtutem,
1558 472 1655 530 sed
1684 488 1779 547 per
1811 472 2109 531 virtuosam
2150 476 2324 534 vitam

328 569 608 641 pervenire
636 565 704 624 ud
731 565 1045 622 fruitionem
1073 564 1336 621 divinam.
1357 563 1643 635 Siquidem
1670 570 1854 620 autem
1884 562 1951 618 ad
1981 563 2125 620 huno
2164 564 2326 622 finem

325 656 594 729 perveniri
622 660 804 730 posset
830 654 1036 712 virtute
1059 652 1312 709 humanae
1341 658 1572 719 naturae,
1594 666 1813 708 necesse
1843 658 1989 708 esset
2014 659 2075 709 ut
2103 653 2173 709 ad
2202 652 2329 709 offi-

324 746 468 801 cium
493 746 636 817 regis
666 744 964 818 pertineret
990 741 1227 813 dirigere
1254 740 1501 797 homines
1529 742 1583 797 in
1610 741 1756 799 hunc
1784 740 1967 795 finem.
1998 740 2156 797 Hunc
2183 744 2328 799 enim

325 834 430 891 dici
461 848 643 906 regem
691 831 1048 903 supponimus
1091 830 1181 886 cui
1226 844 1439 885 summa
1468 828 1747 901 regiminis
1792 829 1845 885 in
1877 828 2039 885 rebus
2075 830 2327 887 humanis

324 922 706 980 committitur.
723 920 900 975 Tanto
925 925 1110 975 autem
1137 924 1219 974 est
1239 918 1483 989 regimen
1506 918 1811 984 sublimius,
1836 926 2044 991 quanto
2068 917 2135 975 ad
2164 920 2325 977 finem

326 1012 640 1067 ulteriorem
668 1008 972 1064 ordinatur.
1003 1007 1226 1078 Semper
1267 1004 1415 1062 enim
1457 1006 1731 1062 invenitur
1759 1006 1851 1063 ille
1888 1006 1957 1063 ad
1994 1020 2157 1081 quem
2197 1024 2325 1082 per·

326 1102 464 1157 tinet
491 1096 714 1153 ultimus
743 1094 882 1161 finis,
916 1095 1186 1165 imperare
1223 1094 1577 1167 operantibus
1618 1110 1681 1151 ea
1728 1110 1854 1168 quae
1900 1096 1968 1153 ad
1998 1096 2161 1153 finem
2194 1097 2323 1155 ulti-

326 1204 472 1243 mum
502 1184 1008 1252 ordinantur;sicut
1032 1182 1364 1255 gubernator
1389 1182 1460 1240 ad
1484 1198 1649 1257 quem
1666 1186 1901 1257 pertinet
1926 1185 2325 1257 navigationem

323 1278 628 1349 disponere,
661 1273 896 1345 imperat
925 1272 974 1329 ei
1001 1269 1096 1345 qui
1123 1286 1319 1329 navem
1347 1272 1654 1341 constituit,
1684 1272 1902 1346 qualem
1940 1288 2135 1331 navem
2168 1276 2325 1333 navi-

325 1366 528 1439 gationi
559 1372 746 1435 aptam
769 1362 950 1419 facere
972 1361 1201 1431 debeat;
1234 1360 1413 1417 civilis
1438 1369 1623 1418 autern
1664 1363 1759 1435 qui
1800 1362 1972 1419 utitur
2005 1364 2189 1435 armiS,
2220 1366 2325 1420 im-

325 1464 479 1529 perat
527 1454 700 1518 fabro,
751 1450 937 1525 qualia
987 1440 1140 1507 erma
1197 1449 1447 1507 fabricet.
1488 1449 1595 1507 Sed
1650 1451 1780 1523 quia
1837 1450 1998 1507 finem
2054 1450 2327 1510 fruitionis

323 1544 524 1600 divinae
551 1559 655 1599 non
684 1540 1037 1613 consequitur
1061 1539 1223 1596 homo
1249 1552 1345 1612 per
1373 1539 1635 1595 virtutem
1662 1538 1973 1607 humanam,
2000 1541 2097 1597 sed
2124 1543 2327 1599 virtute

325 1634 528 1697 divina,
577 1632 738 1702 juxta
789 1628 922 1683 illud
975 1627 1242 1699 Apostoli,
1274 1628 1442 1684 Rom.
1500 1643 1579 1691 vt,
1635 1631 1703 1685 23
1737 1645 1749 1682 :
1798 1628 1993 1684 Gratia
2045 1630 2164 1695 Dei,
2216 1631 2327 1687 vita
2378 1686 2389 1698 .

323 1729 550 1783 merua,
575 1718 872 1791 perducere
899 1716 967 1771 ad
998 1715 1149 1771 illum
1181 1716 1342 1771 finem
1373 1728 1479 1771 non
1502 1711 1721 1771 humani
1752 1717 1875 1785 erit,
1911 1718 2006 1773 sed
2038 1717 2207 1775 divini
2236 1736 2328 1775 re·
2373 1739 2387 1781 i

323 1809 563 1881 giminiS.
590 1807 672 1862 Ad
726 1804 876 1860 illum
921 1805 1087 1876 igitur
1115 1820 1302 1876 regem
1328 1804 1636 1875 hujusmodi
1668 1806 1907 1877 regimen
1949 1808 2202 1878 pertinet,
2232 1809 2325 1881 qui

323 1912 432 1953 non
459 1902 542 1953 est
568 1891 742 1952 solum
781 1890 962 1961 homo,
991 1889 1086 1949 sed
1127 1894 1293 1949 etiam
1331 1890 1497 1962 DeuS,
1529 1887 1741 1949 scilicet
1764 1890 1835 1950 ad
1876 1890 2165 1951 Dominum
2198 1908 2327 1952 nos-

326 1994 466 2042 trum
491 1984 674 2041 Jesurn
699 1980 993 2051 Christum,
1023 1980 1116 2056 qui
1155 1978 1400 2039 homines
1434 1980 1573 2039 filios
1599 1978 1699 2039 Dei
1728 1980 1934 2041 faciens
1962 1980 2017 2041 in
2046 1984 2327 2044 coelestem

324 2072 552 2147 gloriam
581 2070 903 2130 introduxit.
939 2070 947 2079 “

391 2164 507 2221 Hoc
545 2163 715 2235 igitur
755 2164 840 2217 est
889 2158 1133 2233 regimen
1174 2160 1224 2217 ei
1279 2156 1559 2231 traditum,
1606 2160 1750 2235 quod
1781 2176 1887 2220 non
1928 2170 2323 2239 corrumpetur,

325 2260 544 2326 propter
586 2248 732 2324 quod
781 2262 889 2305 non
933 2248 1110 2305 solum
1147 2250 1423 2318 sacerdos,
1470 2250 1565 2306 sed
1598 2264 1691 2307 rex
1732 2250 1788 2307 iu
1817 2250 2112 2326 scripturis
2156 2254 2327 2311 sacris

325 2343 657 2406 nominatur,
685 2338 900 2394 dicente
929 2339 1040 2393 Jer.
1085 2352 1260 2406 xxiii,
1292 2340 1326 2393 5
1357 2353 1370 2393 z
1404 2338 1667 2410 Regnabit
1706 2354 1825 2406 rem,
1856 2348 1907 2398 et
1946 2342 2157 2413 sapiens
2184 2340 2323 2408 erit3

326 2430 469 2487 unde
495 2428 586 2487 ab
625 2442 690 2485 eo
729 2426 912 2499 regaie
952 2425 1321 2483 sacerdotium
1350 2427 1648 2484 derivatur.
1680 2428 1749 2483 Et
1791 2428 1936 2501 quod
1965 2437 2050 2487 est
2095 2432 2327 2503 amplius

327 2536 512 2575 ornnes
540 2516 742 2576 Christi
772 2516 980 2582 fideles,
1009 2515 1062 2572 in
1088 2512 1353 2589 q'uantum
1377 2520 1507 2572 suut
1535 2516 1780 2572 membra
1808 2519 1945 2589 ejus,
1974 2532 2132 2589 reges
2154 2524 2210 2575 et
2233 2531 2327 2575 sa·

325 2608 574 2663 cerdotes
615 2606 892 2662 dicuntur.
925 2604 1098 2676 Hujus
1144 2616 1274 2675 ergo
1315 2604 1466 2675 regni
1500 2604 1879 2672 ministerium,
1916 2610 1975 2661 ut
2016 2621 2050 2662 a
2096 2607 2329 2663 terrenis
2371 2602 2387 2644 ἲ

327 2704 505 2756 essent
531 2693 840 2767 spiritualia
861 2692 1142 2761 distincta,
1172 2706 1275 2749 non
1307 2692 1537 2749 terrenis
1562 2693 1798 2765 regibuS,
1830 2694 1927 2750 sed
1951 2694 2325 2751 sacerdotibus

327 2790 410 2842 est
449 2784 820 2849 commissum,
848 2789 904 2839 et
942 2782 1214 2855 praecipue
1248 2782 1472 2839 Summo
1496 2784 1798 2853 Sacerdoti,
1826 2784 2127 2841 successori
2158 2784 2323 2853 Petri,
2413 2815 2421 2823 ·

325 2872 526 2931 Christi
552 2871 792 2937 vicario,
822 2870 1066 2927 Romano
1094 2871 1362 2939 Pontifici,
1405 2872 1495 2929 cui
1523 2886 1711 2929 omnes
1738 2886 1894 2945 reges
1923 2874 2105 2947 populi
2138 2874 2325 2931 Chris·
2346 2854 2369 2869 ”

324 2962 462 3021 tiani
487 2965 699 3033 oportet
724 2974 844 3015 esse
867 2958 1134 3025 subditos,
1165 2960 1310 3017 sicut
1338 2958 1441 3033 ipsi
1472 2962 1699 3018 Domino
1726 2968 1912 3020 nostro
1930 2964 2057 3019 ⁷lesu
2086 2962 2323 3020 Christo.
2352 2978 2359 3040 ;

325 3053 416 3109 Sic
451 3052 595 3107 enim
625 3047 774 3105 eiad
805 3062 970 3121 quem
1012 3047 1136 3103 finis
1165 3048 1341 3104 ultimi
1371 3063 1503 3105 cura
1532 3050 1785 3121 pertinet,
1818 3050 1976 3107 subdi
2020 3050 2219 3107 debent
2248 3052 2324 3106 illi

327 3140 397 3197 ad
425 3155 563 3213 quos
585 3137 822 3211 pertinet
843 3150 976 3191 cura
1001 3136 1441 3191 antecedentium
1460 3136 1649 3193 finium
1667 3142 1723 3193 et
1747 3140 1868 3209 ejus.
1888 3138 2117 3209 imperio
2140 3138 2324 3208 dirigi.

327 3227 466 3298 Quia
493 3228 659 3298 igitur
697 3222 1064 3282 sacerdotium
1092 3222 1374 3295 gentilium
1406 3228 1461 3279 et
1491 3230 1637 3279 totus
1670 3223 1979 3281 divinorum
2002 3226 2182 3282 cultus
2210 3232 2325 3283 erat

325 3322 548 3390 propter
578 3312 898 3387 temporalia
932 3312 1070 3369 bona
1103 3312 1495 3385 conquirenda,
1532 3328 1658 3385 quae
1686 3314 1869 3370 omnia
1898 3311 2219 3371 ordinantur
2257 3316 2325 3371 ad

327 3403 694 3466 multitudinis
730 3403 934 3458 bonum
969 3415 1275 3469 commune,
1303 3404 1461 3474 cujus
1496 3403 1611 3473 regi
1649 3418 1781 3459 cura
1811 3402 2093 3469 incumbit,
2122 3415 2328 3459 conve·-

328 3496 538 3551 nienter
580 3492 892 3548 sacerdotes
919 3490 1203 3561 gentilium
1233 3491 1451 3561 regibus
1480 3492 1874 3549 subdebantur.
1905 3492 2010 3549 Sed
2038 3498 2091 3548 et
2116 3492 2245 3565 quia
2271 3492 2327 3548 in

329 3582 500 3640 veteri
530 3580 647 3653 lege
676 3578 1136 3653 promittebantur
1161 3578 1303 3635 bona
1335 3584 1552 3636 terrena
1586 3595 1693 3636 non
1720 3596 1755 3637 u
1781 3580 2137 3656 daemonibus,
2170 3581 2264 3636 sed
2294 3596 2327 3637 a

329 3672 440 3727 Deo
469 3684 598 3726 vero
627 3668 880 3739 religioso
904 3666 1100 3739 populo
1125 3662 1447 3731 exhibenda,
1478 3668 1607 3723 inde
1630 3668 1763 3725 etin
1793 3666 1913 3741 lege
1938 3668 2113 3727 veteri
2140 3682 2327 3725 sacer-

327 3758 482 3815 dotes
509 3756 730 3830 regibus
759 3758 1012 3827 leguntur
1035 3754 1204 3811 fuisse
1231 3754 1485 3827 subjecti.
1513 3756 1619 3814 Sed
1644 3754 1700 3812 in
1724 3772 1865 3817 nova
1882 3757 2003 3830 lege
2029 3763 2113 3815 est
2140 3772 2327 3815 sacer-

327 3846 538 3909 dotium
575 3846 763 3916 altius,
819 3853 919 3929 per
960 3846 1109 3933 quod
1153 3844 1401 3914 homiues
1445 3844 1810 3919 traducuntur
1850 3848 1921 3928 ad
1957 3846 2101 3910 bona
2127 3846 2341 3911 coeles-.
