2784 4392
431 236 563 304 ‘290
923 260 974 303 s.
1001 235 1251 303 'ructus'
1291 249 1619 308 nummus
1660 247 1969 302 oruscunlt

442 383 651 445 gentes,
689 379 816 430 sunt
845 374 1068 447 quidem
1105 374 1282 448 plenoe
1319 371 1689 441 animositate,
1731 372 2013 430 intellectu
2041 362 2227 430 autem
2249 378 2307 431 et
2335 364 2469 429 ar‘te

447 465 619 536 magis
660 464 996 535 deficiente8‚
1047 470 1268 537 propter
1310 463 1457 537 quod
1505 462 1673 519 libere
1698 468 2053 538 perseverant
2090 463 2288 535 magis.
2330 463 2467 519 Non

436 551 638 608 -vivunt
668 560 851 609 autem
883 552 1102 625 politice
1129 560 1185 608 et
1231 552 1428 609 vicinis
1456 560 1680 625 propter
1708 552 2131 631 imprudentiam
2158 552 2463 625 principari

448 658 553 697 non
581 648 828 714 possunt.
855 642 991 711 Quae
1020 650 1204 697 autem
1228 642 1283 697 in
1305 641 1501 699 calidis
1525 648 1671 707 sunt,
1704 640 2057 698 intellectivae
2079 642 2303 713 quidem
2328 648 2463 697 sunt

444 737 500 785 et
529 729 841 799 artificiosae
865 731 1164 787 secundum
1186 730 1444 798 animam,
1473 731 1593 786 sine
1616 730 1967 787 animositate
1993 738 2196 793 autem,
2228 736 2459 803 propter

423 819 592 892 ⁸(guod
621 820 884 891 subjectae
913 820 1132 893 quidem
1157 826 1302 889 sunt,
1335 827 1390 875 et
1419 819 1681 892 subjectae
1710 826 2081 891 perseverant.
2108 819 2243 889 Quae
2272 828 2458 875 autem

446 909 499 961 in
539 909 734 963 mediis
781 908 915 965 locis
950 908 1220 978 habitant,
1263 914 1499 982 utroque
1546 907 1896 981 participant,
1956 914 2178 982 propter
2206 907 2353 979 qnod
2398 914 2460 965 ut

449 994 600 1049 liberi
645 1002 1014 1067 perseverant,
1049 1001 1104 1052 et
1151 996 1388 1053 maxime
1424 996 1644 1068 politice
1678 995 1861 1052 vivere
1891 1002 2135 1065 possunt,
2180 1002 2235 1051 et
2275 994 2459 1049 sciunt

409 1103 414 1107 ·
447 1083 570 1137 aliis
599 1084 977 1156 principari.»
1007 1084 1106 1141 Est
1137 1085 1306 1155 igitur
1329 1083 1579 1157 eligenda
1617 1083 1769 1155 regio
1798 1089 2103 1156 temperata
2134 1081 2203 1141 ad
2232 1080 2459 1139 institu-

447 1171 651 1227 tionem
678 1172 921 1228 civitatis
950 1172 1034 1229 vel
1065 1170 1238 1243 regni.

1245 1349 1531 1419 CAPUT
1578 1344 1665 1419 ΙΙ.

463 1480 746 1557 Qualiter
771 1484 986 1563 differo
1015 1482 1220 1547 debent
1241 1500 1405 1563 reyes
1432 1486 1489 1547 ot
1505 1482 1812 1563 principes
1837 1481 2104 1563 natones
2130 1480 2212 1545 ad
2236 1482 2459 1545 civita-

542 1577 627 1635 tes
677 1573 769 1636 vel
810 1571 1014 1635 castra
1050 1574 1447 1647 instituenda,
1478 1573 1546 1635 in
1581 1572 1800 1651 quibus
1840 1588 1943 1633 aer
1976 1572 2063 1633 sit
2086 1568 2371 1645 salubris,
2402 1575 2460 1634 et

449 1658 456 1739 ’-
529 1663 792 1749 'ostendit
816 1663 882 1725 in
909 1680 1026 1743 quo
1053 1662 1200 1725 talis
1229 1666 1333 1724 'aer
1360 1662 1763 1741 coquoscitur,
1798 1665 1854 1722 et
1879 1660 2097 1740 quibus
2121 1660 2335 1740 siwia.

523 1796 650 1848 Post
683 1793 1006 1851 electionem
1043 1802 1227 1850 autem
1263 1795 1522 1865 regioniS,
1555 1799 1771 1866 oportet
1810 1792 2459 1849 civitati-constituendae

456 1882 710 1937 idoneum
735 1882 913 1937 locum
938 1882 1200 1952 eligere,
1187 1898 1242 1937 in
1267 1898 1376 1954 quo
1407 1883 1581 1955 primo
1608 1882 1825 1937 videtur
1852 1882 1994 1937 aeris
2034 1881 2329 1937 salubritas
2367 1898 2459 1938 re-

455 1971 742 2041 quirenda.
786 1970 1195 2027 conversationi
1235 1970 1380 2024 enim
1411 1968 1557 2025 civili
1590 1970 1848 2042 praejacet
1874 1970 2139 2026 naturalis
2176 1970 2308 2035 vita,
2335 1984 2459 2041 quae

456 2076 550 2129 per
577 2058 804 2115 salubri-t
811 2065 954 2114 atem
985 2059 1126 2114 aeris
1151 2065 1403 2114 servatur
1429 2058 1621 2115 illaesa.
1653 2060 1827 2115 Locus
1856 2066 2040 2115 autem
2072 2054 2459 2114 saluberrimus

449 2148 576 2212 erit,
625 2153 684 2202 ut
714 2146 972 2219 vegetius
1001 2146 1187 2215 tradit,
1221 2147 1486 2215 excelsus,
1518 2163 1637 2203 non
1662 2147 1973 2213 nebulosus,
2017 2164 2121 2203 non
2152 2148 2455 2219 pruinosus,

458 2236 824 2309 regionesque
837 2236 966 2293 coeli
981 2244 1253 2309 spectanS,
1283 2252 1460 2309 neque
1480 2243 1765 2302 aestuosae,
1784 2253 1959 2311 neque
1980 2232 2223 2307 frigidam,
2242 2231 2461 2291 demum

461 2321 744 2393 paludibus
775 2343 879 2382 non
897 2332 902 2336 “
920 2312 1150 2383 vicinas.
1177 2323 1487 2383 Eminentia
1512 2326 1733 2399 quidem
1759 2324 1862 2381 loci
1894 2325 2033 2381 solet
2057 2325 2199 2381 aeris
2222 2323 2459 2381 salubri-

461 2419 627 2468 tatem
657 2406 920 2482 confe'rre,
946 2416 1075 2487 q-u‘ia
1101 2414 1253 2471 locus
1273 2416 1515 2470 eminens
1540 2421 1826 2471 ventorum
1854 2413 2263 2484 perflationibus
2286 2421 2455 2485 patet,

425 2502 655 2574 ..quibus
678 2494 1272 2576 redditur-aer-‘purus3
1302 2520 1531 2576 vapores
1560 2504 1727 2559 etiam
1750 2504 1843 2575 qui
1872 2504 2072 2557 virtute
2102 2502 2240 2557 radii
2268 2502 2460 2557 solaris

461 2591 806 2647 resolvuntur
835 2600 878 2649 a³
897 2600 1044 2649 terra
1080 2598 1136 2647 et
1165 2590 1234 2649 ab
1263 2594 1421 2665 aquis
1452 2590 1883 2662 multiplicantur
1910 2583 2083 2661 magis
2114 2590 2166 2644 in
2196 2590 2459 2647 convalli-

459 2679 576 2743 bus,
613 2688 668 2734 et
711 2680 764 2734 iu
805 2670 1235 2736 lech-‘demissis
1271 2695 1439 2752 quam
1469 2680 1523 2733 in
1563 2680 1707 2734 aliie.
1736 2680 1891 2735 Unde
1932 2680 1985 2732 in
2034 2678 2165 2733 locis
2204 2678 2329 2747 altis
2366 2694 2459 2735 aer

373 2809 385 2815 -
457 2760 1403 2837 subtilior-invenitur:Hujusmodi
1438 2776 1620 2824 autem
1659 2767 1936 2823 subtilitas
1965 2767 2107 2822 aeris
2133 2779 2257 2839 qnae
2288 2766 2353 2823 ad
2390 2761 2459 2820 li-

460 2858 642 2908 beram
673 2862 728 2909 et
761 2856 1028 2909 sinceram
1069 2856 1485 2927 respirationem
1524 2855 1814 2927 plurimum
1848 2856 2013 2924 valet,
2046 2856 2340 2925 impeditur
2368 2870 2459 2926 per

459 2940 684 2998 nebulas
713 2948 768 2997 et
810 2940 1051 3015 pruinae,
1086 2958 1209 3016 quae
1235 2943 1423 2999 solent-
1459 2945 1515 2999 in
1564 2944 1695 2999 locis
1743 2944 1974 3000 multum
2015 2942 2255 3019 humidis
2285 2942 2459 2999 abun-

457 3032 590 3087 dare
622 3048 636 3085 ε
667 3031 808 3087 unde
835 3031 948 3087 loca
977 3022 1281 3105 hujusmodi
1311 3033 1659 3089 inveniuntur
1685 3030 1989 3089 salubritati
2014 3046 2140 3087 ‚esse
2162 3030 2453 3087 contraria.
2480 3059 2484 3064 ·

458 3122 522 3175 Et
553 3119 680 3192 quia
707 3118 824 3175 loca
859 3120 1122 3192 paludosa
1155 3122 1320 3177 nimia
1349 3119 1674 3177 humiditate
1705 3109 2003 3185 abundant,
2036 3124 2252 3190 oportet
2282 3118 2457 3175 locum

455 3208 836 3265 construendae
869 3208 984 3263 urbi
1028 3210 1262 3265 electum
1301 3226 1332 3266 a
1362 3209 1651 3281 paludibus
1688 3224 1807 3265 esse
1838 3216 2125 3265 remotum.
2156 3204 2291 3263 Cum
2316 3208 2455 3266 enim

457 3312 606 3353 aurae
649 3290 933 3354 matutinae
975 3297 1110 3352 sole·
1135 3299 1342 3353 oriente
1387 3298 1452 3353 ad
1486 3298 1665 3353 locum
1694 3298 1872 3370 ipsum
1897 3297 2250 3368 pervenient,
2285 3302 2341 3351 et
2380 3296 2458 3351 eis

457 3392 591 3443 ortae
609 3402 640 3442 a
665 3385 954 3458 paludibus
979 3384 1189 3442 nebulae
1219 3386 1601 3457 adjungentur,
1624 3386 1789 3449 flatus
1813 3386 2110 3441 bestiarum
2138 3384 2457 3457 palustrium

439 3482 847 3530 -venenatarum
879 3482 1003 3545 cum
1033 3474 1244 3529 nebulis
1271 3476 1463 3529 mistos
1496 3482 1776 3548 spargent,
1808 3480 1863 3531 et
1892 3474 2070 3530 locum
2100 3473 2302 3530 facient
2329 3489 2457 3547 pes-

456 3564 717 3619 tilentem.
761 3564 816 3618 Si
863 3570 1046 3617 tamen
1095 3563 1288 3619 maenia
1330 3566 1645 3620 constructa
1676 3562 1875 3620 fuerint
1918 3564 1970 3618 in
2004 3561 2293 3634 paludibus
2336 3575 2457 3634 quae

455 3652 654 3706 suerint
670 3666 836 3724 prope
855 3667 1022 3721 mare,
1045 3658 1399 3725 spectentque
1418 3652 1484 3707 ad
1504 3653 1951 3725 septentrionem,
1976 3651 2057 3706 vel
2074 3648 2242 3717 circa,
2265 3648 2455 3722 haeque

455 3738 678 3809 paludes
711 3738 1034 3795 excelsiores
1075 3740 1276 3796 fuerint
1313 3757 1481 3813 quam
1523 3742 1676 3798 littus
1719 3746 2007 3807 marinum,
2060 3738 2457 3797 rationabiliter

459 3824 782 3880 videbuntur
811 3840 928 3881 csse
955 3835 1286 3885 constructa.
1319 3828 1499 3885 Fossis
1528 3832 1669 3885 enim
1695 3829 2077 3885 ductis-exitus
2106 3840 2265 3903 aqnae
2296 3837 2453 3901 pale-
