2784 4392
519 264 640 326 278
996 281 1052 332 s.
1095 282 1328 331 'mom
1369 281 1697 339 nomm-ns
1737 268 2050 334 censentit
2596 234 2613 269 s

524 488 791 544 rationem
833 487 1145 547 inciderint.
1172 490 1377 547 Salutis
1412 497 1599 549 autem
1629 491 1940 565 desperatio
1968 490 2233 548 audacter
2270 488 2341 545 ad
2369 503 2534 559 quae-

521 575 655 634 libet
695 578 1029 636 attendenda
1057 580 1387 653 praecipitat.
1419 582 1540 637 Non
1566 588 1748 653 potest
1781 580 1949 653 igitur
1977 577 2200 654 tyranni
2226 577 2533 635 dominium

523 681 642 721 esse
670 667 1012 724 diuturnum.

589 756 705 812 Hoc
734 756 901 813 etiam
949 772 1055 813 non
1096 758 1278 815 minus
1321 757 1607 831 exemplis,
1640 774 1807 832 quam
1852 756 2157 815 rationibus
2190 760 2436 830 apparet.
2472 755 2528 811 Si

516 845 642 919 quis
667 846 809 901 enim
836 846 1188 919 antiquorum
1226 856 1403 920 gesta,
1435 856 1491 904 et
1521 848 1912 904 modernorum·
1936 853 2165 903 eventus
2194 845 2525 911 consideret,

520 934 613 989 vix
633 933 872 989 inveniet
897 935 1199 992 dominium
1225 937 1444 1009 tyranni
1469 935 1703 1008 alicujus
1726 936 2048 992 diuturnum
2077 935 2264 991 fuisse.
2290 934 2445 990 Unde
2475 938 2528 988 et

518 1022 841 1077 Aristoteles
881 1023 937 1078 in
979 1040 1079 1081 sua
1115 1024 1344 1083 Politice
1375 1024 1563 1081 multis
1609 1026 1855 1097 tyrannis
1902 1024 2255 1090 enumeratis,
2288 1022 2531 1078 omnium

520 1110 860 1166 demonstrat
911 1112 1213 1168 dominium
1264 1113 1418 1169 brevi
1479 1118 1723 1185 tempore
1776 1113 1945 1169 fuisse
1999 1112 2236 1182 finitum,
2297 1125 2530 1182 quorum

522 1206 704 1254 tamen
735 1198 904 1272 aliqui
946 1199 1154 1256 diutius
1190 1202 1545 1273 praefuerunt,
1580 1202 1710 1274 quia
1739 1217 1845 1258 non
1876 1200 2109 1258 multum
2152 1200 2209 1255 in
2239 1198 2531 1273 tyrannide

527 1286 882 1357 excedebant,
928 1288 1022 1344 sed
1064 1298 1331 1361 quantum
1376 1290 1448 1346 ad
1496 1290 1673 1348 multa
1720 1290 2078 1347 imitabantur
2124 1287 2364 1360 regalem
2407 1301 2532 1342 mo-

527 1375 782 1431 destiam.
2544 1436 2551 1443 ⁶
2761 1424 2762 1449 ᾗ

592 1464 786 1521 Adhuc
825 1471 1008 1522 autern
1046 1466 1147 1524 hoc
1187 1468 1364 1541 magis
1393 1468 1455 1523 fit
1498 1466 1849 1525 manifestum
1878 1484 1945 1525 ex
1973 1466 2410 1524 consideratione
2439 1464 2533 1519 di·-
2760 1450 2762 1521 l

523 1552 636 1608 vini
667 1552 885 1625 judicii.
925 1556 998 1612 Ut
1045 1557 1190 1612 enim
1230 1558 1283 1611 in
1326 1556 1450 1613 Job.
1491 1574 1680 1627 xxxiv,
1710 1560 1797 1624 30,
1832 1556 2032 1612 dicitur
2066 1572 2078 1611 ε
2110 1558 2354 1629 Reqnarc
2398 1553 2532 1626 facit
2760 1542 2762 1573 ²

524 1642 780 1697 hominem
813 1643 1137 1715 hypocritam
1171 1652 1394 1717 propter
1417 1652 1631 1718 peccata
1650 1645 1852 1718 populi.
1884 1643 2079 1700 Nullus
2118 1650 2304 1701 autem
2348 1644 2534 1699 verius

525 1730 812 1803 hypocrita
842 1731 950 1788 dici
987 1742 1168 1805 potest
1197 1749 1362 1805 quam
1398 1735 1492 1807 qni
1532 1734 1676 1806 regis
1710 1734 1939 1789 assumit
1963 1732 2202 1789 officium
2230 1740 2285 1787 et
2314 1731 2534 1787 exhibet

525 1834 587 1873 se
612 1824 922 1890 tyrannum.
952 1822 1091 1876 Nam
1113 1821 1402 1894 hypocrita
1432 1822 1634 1878 dicitur
1648 1822 1742 1895 qui
1766 1821 1993 1879 alterius
2019 1828 2379 1895 repraesentat
2405 1836 2535 1893 per-

528 1922 736 1973 sonam,
770 1906 912 1963 sicut
938 1908 990 1963 in
1017 1910 1343 1981 spectaculis
1372 1910 1491 1966 fieri
1514 1911 1819 1968 consuevit.
1846 1912 1937 1968 Sic
1965 1911 2132 1983 igitur
2157 1912 2303 1965 Deus
2327 1909 2537 1982 praefic'r

529 1995 799 2066 permittit
857 2005 1117 2070 tyrannos
1171 1999 1239 2055 ad
1293 1996 1625 2071 puniendum
1678 1999 2023 2055 subditorum
2079 2003 2329 2072 peccata.
2387 1997 2534 2053 Talis

531 2074 715 2138 autem
744 2086 953 2157 punitio
982 2087 1037 2141 in
1063 2087 1356 2158 Scripturis
1383 2088 1465 2144 ira
1493 2088 1592 2144 Dei
1631 2088 1915 2145 consuevit
1945 2087 2233 2143 nominari.
2258 2086 2534 2163 Unde-per

531 2171 709 2241 Oseae,
735 2189 858 2241 xm,
894 2176 980 2241 ll,
1013 2177 1276 2233 Dominus
1317 2176 1453 2233 dicit
1486 2194 1499 2231 t
1528 2177 1675 2233 Dabo
1700 2176 1842 2233 vobis
1874 2193 2047 2255 repom
2078 2176 2139 2233 in
2171 2171 2362 2247 furore
2398 2192 2531 2231 mco.

533 2260 724 2317 lnl'elix
752 2269 834 2319 est
862 2273 1044 2321 autem
1073 2281 1188 2334 rex,
1224 2265 1317 2339 qui
1364 2265 1563 2339 populo
1593 2267 1649 2322 in
1690 2266 1872 2322 furore
1901 2267 1999 2321 Dei
2042 2266 2380 2321 conceditur.
2412 2265 2536 2319 Non

518 398 636 472 ipse
662 398 824 456 timor
844 402 996 457 caret
1024 374 1286 473 periculo,
1312 417 1440 459 cum
1464 419 1531 459 ex
1556 402 1724 459 nimio'
1751 402 1946 459 timore
1972 400 2220 475 plerique
2244 399 2302 458 in
2326 400 2537 474 despe-

534 2351 678 2406 enim
709 2353 827 2425 ejus
855 2354 1059 2411 stabile·
1071 2362 1252 2427 potest
1271 2370 1390 2411 esse
1415 2355 1696 2412 dominum
1720 2372 1731 2409 :
1766 2355 1895 2428 quia
1917 2370 2022 2410 non
2048 2354 2400 2410 obliviscetur
2426 2354 2536 2407 mi-

533 2442 703 2498 sereri
735 2443 899 2511 DeuS,
929 2460 1028 2500 nec
1064 2444 1366 2500 continebit
1404 2445 1463 2500 in
1502 2445 1584 2501 ira
1620 2460 1721 2501 sua
1763 2443 2167 2499 misericordias
2208 2457 2335 2499 suas
2365 2459 2378 2495 :
2410 2442 2534 2515 qui-

534 2531 738 2586 nimmo
765 2549 863 2604 per
892 2533 1027 2588 Joel.
1053 2549 1131 2600 xl,
1163 2536 1250 2601 ⁴3,
1283 2534 1505 2601 dicitur,
1538 2533 1682 2611 quod
1726 2538 1804 2589 est
1831 2531 2065 2604 patiens,
2092 2538 2143 2588 et
2171 2532 2348 2586 multae
2372 2530 2536 2586 misc-

535 2618 810 2685 ricordioe,
837 2627 884 2676 et
915 2620 1239 2693 prce-stabilis
1276 2637 1438 2693 super
1477 2622 1712 2680 malitia.
1740 2622 1857 2677 Non
1900 2621 2066 2693 igitur
2095 2620 2364 2694 permittit
2388 2621 2537 2675 Deus

535 2707 628 2765 diu
668 2722 895 2779 regnare
937 2715 1217 2781 tyrannos,
1259 2710 1356 2765 sed
1402 2715 1525 2781 post
1560 2715 1940 2782 tempestatem
1978 2726 2073 2782 per
2116 2723 2212 2765 eos
2257 2708 2535 2765 inductam

537 2794 892 2867 populo,⁸per
941 2811 1128 2851 eorum
1170 2797 1532 2868 dejectionem
1585 2798 2036 2871 tranquillitatem
2083 2798 2324 2853 inducet.
2380 2796 2535 2854 Unde

531 2877 682 2943 Eccl.
711 2896 762 2945 x,
798 2882 884 2949 ⁴7,
913 2881 1112 2938 dicitur
1143 2900 1156 2937 z
1196 2882 1348 2940 Sedes
1384 2883 1579 2940 ducum
1619 2884 1965 2957 superborum
1991 2884 2259 2942 destruxit
2300 2884 2463 2950 Deus,
2482 2888 2536 2940 ct

536 2964 710 3037 sedere
739 2968 866 3039 fecit
888 2969 1040 3027 mites
1065 2986 1166 3042 pro
1190 2970 1283 3026 eis.

314 3081 329 3087 -
540 3072 544 3077 ’
604 3053 988 3129 Experimento
1030 3060 1196 3116 etiam
1233 3063 1409 3134 magis
1456 3069 1701 3136 apparet,
1728 3064 1875 3136 quod
1920 3076 2078 3135 reges
2122 3076 2221 3136 per
2261 3060 2533 3134 justitiam

536 3145 909 3217 adipiscuntur
933 3148 1173 3218 divitias,
1207 3167 1372 3223 quarn
1402 3168 1498 3224 per
1524 3153 1770 3225 rapinam
1794 3152 2033 3225 tyranni.
2062 3151 2203 3220 Quia
2226 3150 2391 3206 ‘enim
2429 3151 2537 3205 do·-

537 3235 763 3291 minium
813 3243 1170 3309 tyrannorum
1215 3234 1477 3311 subjectae
1532 3240 1866 3297 multitudini
1919 3239 2189 3313 displicet,
2219 3238 2343 3295 ideo
2397 3254 2533 3309 opus

501 3329 508 3334 '
533 3324 735 3380 habent
766 3326 982 3399 tyranni
1007 3326 1207 3383 multos
1237 3328 1436 3383 habere
1470 3329 1752 3397 satelliteS,
1776 3345 1873 3402 per
1902 3344 2037 3402 quos
2066 3336 2257 3385 contra
2287 3327 2532 3384 subditos

535 3414 637 3469 tuti
677 3414 992 3483 reddantur,
1024 3415 1078 3471 in
1122 3416 1320 3489 quibus
1359 3432 1579 3474 necesse
1617 3426 1700 3475 est
1743 3418 1897 3491 plura
1943 3417 2248 3492 expendere
2294 3432 2457 3491 quam
2498 3432 2531 3471 a

532 3502 766 3558 subditis
793 3504 1026 3576 rapiant.
1055 3506 1264 3576 Regum
1287 3511 1471 3562 autem
1510 3506 1827 3573 dominium,
1853 3507 2001 3581 quod
2051 3506 2288 3564 subditis
2329 3506 2526 3578 placet,

531 3607 718 3648 omnes
760 3592 1008 3649 subditos
1046 3610 1143 3667 pro
1179 3594 1511 3651 satellitibus
1554 3596 1621 3652 ad
1667 3595 1971 3652 custodiam
2024 3594 2209 3662 habet,
2238 3596 2293 3649 in
2334 3594 2532 3667 quibus

530 3682 833 3752 expendere
861 3698 996 3755 opus
1025 3698 1131 3738 non
1161 3692 1263 3751 est,
1289 3685 1385 3740 sed
1415 3684 1689 3741 interdum
1723 3686 1779 3741 in
1815 3683 2235 3741 necessitatibus
2258 3682 2414 3755 plura
2439 3696 2534 3739 re-

528 3768 686 3835 gibus
726 3780 918 3841 sponte
956 3771 1176 3838 donant,
1210 3789 1374 3847 quam
1414 3775 1634 3846 tyranni
1682 3774 1918 3848 diripere
1946 3773 2174 3849 possint,
2202 3780 2257 3829 et
2301 3771 2382 3827 sic
2424 3772 2533 3828 irn-

532 3853 709 3925 pletur
746 3858 890 3929 quod
931 3859 1184 3917 Salomon
1231 3862 1383 3931 dicit,
1417 3862 1834 3920 Proverbiorum
1884 3879 1965 3935 xi,
2004 3865 2073 3921 24
2106 3880 2120 3918 z
2150 3861 2293 3930 Alii,
2323 3860 2531 3919 scilicet
2578 3858 2592 3900 ³

1856 4047 1951 4065 '‘x-o
1972 4050 2010 4065 ..a
2040 4048 2051 4055 ⁶
