2784 4392
440 241 519 302 30
914 259 967 302 s.
1011 259 1243 302 'moine
1286 257 1614 308 Aoumuis
1655 225 1968 302 croscum

446 375 697 430 dubitare
734 391 864 431 vero
909 391 975 431 an
1020 382 1237 448 propter
1273 374 1748 432 contristationem
1787 375 2106 440 amicorum,
2149 371 2234 429 vel
2265 371 2447 454 quod-

446 480 677 536 cumque
712 465 1090 536 temporalium
1116 465 1502 519 detrimentum
1533 464 1694 521 homo
1720 464 1915 519 debeat
1945 463 2224 534 religionis
2243 479 2446 536 propo-

444 555 607 608 situm
641 555 1079 626 praetermittere,
1104 561 1185 610 est
1214 554 1377 609 animi
1411 554 1588 609 adhue
1611 553 1814 610 carnali
1842 553 2264 608 amoreirretiti.
2289 551 2444 608 Unde

450 643 811 715 Hieronymus
840 643 973 697 dicit
1016 643 1069 696 in
1112 642 1352 714 Epistola
1384 643 1451 698 ad
1495 643 1846 699 Heliodorum
1881 660 1894 696 ε
1937 641 2084 696 Licet
2125 641 2384 712 parvulus
2411 655 2442 694 a

452 731 576 785 collo
600 732 844 803 pendeat,
884 744 1039 802 nepos
1080 732 1214 797 licet,
1260 747 1446 802 sparso
1489 731 1636 787 crine
1673 739 1721 786 et
1763 718 1938 786 scissis
1979 729 2226 794 vestibus,
2256 729 2443 794 ubera,

447 819 631 890 quibus
660 827 707 875 te
749 821 1249 890 nutrici-etmater,
1277 819 1535 885 ostendat,
1575 819 1692 875 licet
1731 822 1787 873 in
1831 818 2012 874 limine
2051 827 2209 890 pater
2241 821 2442 890 jaceat,

444 909 737 977 percalcato
762 925 921 980 perae
944 917 1123 980 patre,
1152 909 1302 963 siccis
1326 909 1490 964 oculis
1505 909 1575 962 ad
1601 907 1852 964 vexilium
1880 907 2051 962 crucis
2075 908 2239 964 evola.
2267 907 2442 962 Solum

446 996 671 1084 pietatis
706 1013 866 1066 yenus
916 1005 990 1053 est
1040 998 1099 1052 in
1145 997 1243 1052 hac
1284 1013 1343 1052 re
1391 1013 1494 1051 esse
1538 983 1818 1051 crudelem.
1869 997 1935 1050 Et
1977 1005 2164 1066 postea
2199 995 2381 1050 subdit
2430 1014 2442 1050 :

450 1083 694 1138 Gladium
724 1092 861 1140 tenet
903 1086 1065 1141 hostis
1087 1093 1146 1142 ut
1179 1103 1260 1141 me
1282 1085 1539 1158 perimat,
1573 1092 1619 1141 et
1647 1102 1734 1156 eqo
1773 1085 1832 1139 de
1859 1085 2052 1140 mat-ris
2085 1084 2334 1155 lacrymis
2357 1101 2445 1139 co·-

445 1171 621 1242 9itabo
639 1173 667 1226 P
697 1175 925 1243 Propter
946 1182 1160 1246 patrem
1197 1174 1449 1230 militiam
1478 1174 1738 1238 deseram,
1764 1174 1851 1228 cui
1887 1174 2214 1243 sepulturam
2241 1173 2447 1228 Christi

449 1273 607 1314 eausa
634 1277 739 1315 non
764 1261 958 1316 debeo?
982 1263 1049 1316 Et
1077 1262 1142 1318 ad
1182 1263 1285 1318 hoc
1316 1263 1468 1335 plura
1504 1263 1610 1319 alia
1634 1270 1760 1318 sunt
1804 1262 2046 1316 inducta.
2077 1262 2236 1316 Forte
2263 1271 2445 1317 autem

449 1349 643 1420 aliquis
674 1349 959 1405 inducetur
1000 1351 1066 1406 ad
1116 1351 1402 1408 consilium
1442 1352 1847 1424 requirendum,
1891 1367 1956 1406 an
2005 1353 2174 1422 possit
2223 1351 2447 1422 implere

451 1437 595 1508 quod
623 1438 672 1490 in
702 1439 977 1509 proposito
1006 1441 1166 1510 gerit.
1198 1440 1300 1496 Sed
1330 1441 1495 1496 etiam
1524 1440 1650 1495 huic
1676 1439 2002 1496 dubitationi
2030 1440 2304 1494 concurrit
2329 1443 2448 1494 Au-

450 1526 699 1596 gustinus
729 1541 834 1582 vm
860 1527 1074 1584 Confes.
1102 1530 1169 1583 de
1194 1531 1372 1602 seipso
1416 1529 1659 1601 loquen5‚
1694 1531 1787 1602 qui
1831 1529 2116 1584 consilium
2161 1529 2448 1582 continen-

454 1618 544 1670 tiae
574 1632 849 1671 assumere
897 1617 1223 1674 formidabat
1254 1637 1264 1672 z
1306 1619 1692 1690 Aperiebatur,
1723 1620 1916 1690 iuquit,
1958 1618 2022 1672 ab
2058 1635 2120 1672 ea
2155 1624 2308 1690 parte
2344 1633 2448 1688 qua

453 1705 782 1759 intenderam
804 1705 1013 1774 faeiem,
1042 1714 1092 1762 et
1114 1723 1211 1778 quo
1242 1706 1480 1761 transire
1511 1708 1859 1777 trepidabam,
1893 1713 2035 1760 casta
2065 1707 2298 1776 dianitas
2323 1723 2448 1758 con-

454 1791 712 1856 tinentice,
740 1809 925 1846 serena
954 1801 1003 1848 et
1030 1810 1135 1847 non
1159 1795 1406 1849 dissolute
1431 1795 1624 1848 hilaris
1648 1796 1854 1848 honeste
1887 1793 2177 1856 blandiens,
2207 1801 2265 1847 ut
2297 1795 2448 1848 veni-

454 1896 583 1944 rem,
610 1896 770 1950 neque
798 1879 1113 1944 dubitarem,
1146 1889 1197 1936 et
1223 1881 1504 1936 eaetendens
1528 1881 1596 1934 ad
1623 1897 1702 1934 me
1731 1880 2120 1950 suscipiendum
2146 1887 2193 1934 et
2223 1883 2452 1950 amplec-

456 1958 669 2026 tendum
689 1969 809 2040 pias
832 1985 1021 2023 manus
1042 1970 1229 2040 plenas
1264 1967 1505 2039 qreqibus
1547 1969 1800 2022 bonorum
1839 1969 2210 2047 exemplorum,
2257 1969 2338 2022 Ibi
2373 1978 2452 2026 tot

449 2059 611 2130 pue-ri
644 2064 694 2113 et
713 2057 923 2128 puelloe,
951 2057 1025 2110 ibi
1052 2057 1307 2129 Juventus
1332 2058 1502 2112 metita
1531 2065 1580 2113 et
1607 2073 1723 2112 omn
1735 2057 1777 2110 is
1813 2063 1959 2120 cetas,
1987 2064 2038 2112 et
2071 2074 2256 2128 gyraves
2279 2058 2452 2112 viduce

456 2155 506 2202 rt
530 2146 761 2217 viryines
785 2161 938 2199 anus.
970 2146 1037 2200 Et
1068 2154 1187 2217 post
1216 2161 1383 2216 pauca
1416 2163 1429 2200 ε
1467 2146 1537 2201 Et
1565 2145 1830 2200 irridebat
1858 2161 1938 2199 me
1968 2144 2226 2199 irrisione
2255 2133 2450 2201 embor-

460 2235 680 2298 tatoria,
712 2235 864 2306 quasi
889 2234 1087 2290 diceret
1114 2252 1130 2290 .·
1163 2235 1241 2289 Tu
1268 2251 1374 2288 non
1400 2235 1604 2305 poteris
1628 2235 1765 2306 quod
1801 2234 1912 2297 isti,
1944 2242 1993 2289 et
2021 2233 2178 2288 istoe?
2211 2236 2299 2288 An
2326 2253 2450 2290 vero

456 2323 549 2378 isti
578 2330 624 2377 et
653 2323 768 2378 istoe
796 2323 851 2376 in
882 2323 1173 2395 semetipsis
1192 2330 1413 2395 possunt
1445 2331 1492 2380 et
1523 2340 1626 2378 non
1651 2324 1710 2378 in
1740 2322 1844 2377 Deo
1865 2324 2001 2378 suo?
2029 2322 2282 2377 Dominus
2313 2324 2450 2377 Deus

458 2428 639 2466 eorum
677 2428 756 2466 me
798 2412 939 2466 dedit
983 2412 1074 2466 eis.
1126 2411 1263 2477 Quid
1301 2413 1360 2466 in
1403 2419 1450 2467 te
1486 2420 1615 2476 stas,
1645 2418 1692 2466 et
1734 2428 1840 2466 uon
1885 2413 2033 2466 stas?
2062 2411 2272 2482 Projice
2316 2401 2362 2467 te
2391 2413 2449 2466 in

456 2517 592 2564 eum,
626 2499 733 2555 noli
770 2507 1019 2563 metuere,
1050 2517 1155 2554 non
1196 2519 1249 2555 se
1285 2500 1558 2556 subtrahet
1588 2507 1648 2555 ut
1685 2499 1857 2552 cadas.
1890 2499 2100 2570 Projice
2133 2503 2177 2554 te
2215 2497 2448 2564 securus,

456 2591 672 2662 excipiet
696 2598 763 2654 te,
790 2598 843 2646 et
868 2590 1077 2644 sanabit
1104 2598 1171 2645 te.
1215 2591 1445 2644 Restant
1482 2597 1666 2643 autem
1707 2589 1814 2642 duo
1845 2587 1910 2642 de
1951 2589 2146 2660 quibus
2177 2590 2447 2644 consiliari

456 2679 780 2749 relinquitur
844 2678 925 2732 his
968 2677 1061 2749 qui
1116 2676 1390 2745 religionis
1440 2677 1779 2732 assumendae
1833 2679 2169 2749 propositum
2219 2686 2446 2748 gerunt,

456 2783 684 2839 quorum
719 2782 883 2820 unum
913 2775 995 2820 est
1022 2765 1089 2819 de
1124 2766 1281 2819 modo
1314 2765 1628 2836 religionem
1659 2766 1916 2831 intrandi,
1951 2765 2093 2820 aliud
2137 2775 2318 2822 autem
2346 2775 2446 2833 est,

360 2880 365 2884 ¹
456 2859 499 2912 si
529 2854 745 2927 aliquod
784 2855 1019 2926 speciale
1050 2854 1497 2924 impedimentum
1532 2853 1746 2919 habeat,
1781 2870 1876 2926 per
1907 2854 2050 2924 quod
2087 2855 2451 2926 impediantur

455 2960 484 3000 a
536 2943 809 3013 religionis
859 2943 1121 3012 ingressu,
1158 2949 1308 3013 puta,
1340 2943 1383 2996 si
1423 2942 1531 2996 sint
1560 2943 1732 3005 servi,
1765 2941 1846 2996 vel
1888 2943 2446 3014 matrimoniojuucti‚

458 3033 538 3088 vel
573 3033 775 3104 aliquid
812 3031 1138 3102 hujusmodi.
1168 3031 1273 3086 Sed
1314 3029 1382 3085 ab
1418 3031 1521 3086 hoc
1551 3030 1774 3085 consilio
1824 3032 1996 3104 primo
2045 3033 2264 3103 quidem
2295 3049 2451 3087 amo-

456 3141 500 3178 v=
524 3123 613 3176 nsli
637 3131 760 3175 sunt
781 3121 959 3175 carnis
974 3120 1284 3192 propinqui.
1306 3119 1514 3174 Dicitur
1532 3121 1671 3174 enim
1701 3120 1954 3174 Proverb.
1974 3136 2112 3184 xxv,
2134 3125 2163 3175 9
2188 3140 2197 3172 :
2221 3122 2450 3176 Causam

455 3215 603 3263 tuam
632 3216 805 3264 tracta
834 3225 947 3263 cum
972 3208 1141 3264 amico
1171 3215 1281 3274 tua,
1302 3215 1350 3262 et
1378 3215 1632 3264 secretum
1659 3215 1911 3263 extraneo
1937 3225 2041 3262 non
2072 3211 2281 3264 reveles.
2318 3213 2452 3265 Pro·

457 3299 640 3370 pinqui
674 3307 853 3352 autem
883 3298 1062 3352 carnis
1088 3299 1151 3372 in·
1184 3297 1287 3353 hoc
1326 3299 1602 3369 proposito
1629 3299 1786 3352 amici
1832 3313 1934 3351 non
1969 3307 2110 3362 suntt
2147 3299 2238 3352 sed
2271 3301 2450 3370 potius

460 3385 683 3448 inimici,
718 3385 1015 3440 secundum
1058 3384 1189 3438 illud
1219 3384 1362 3456 quod
1405 3377 1632 3439 habetur
1665 3383 1825 3438 Mich.
1866 3399 1972 3449 vn,
2001 3389 2030 3438 6
2062 3402 2073 3438 :
2110 3385 2322 3438 Inimici
2355 3387 2451 3440 ho-

452 3474 613 3528 minis
634 3473 904 3528 domestici
923 3475 1055 3544 ejus.
1085 3463 1237 3542 Quod
1261 3473 1426 3528 etiam
1454 3473 1712 3528 Dominus
1738 3473 2033 3527 introducit
2060 3474 2250 3528 Mattli.
2277 3490 2332 3539 x,
2360 3477 2446 3532 36.

452 3563 507 3616 ln
542 3561 642 3617 hoc
672 3564 835 3633 igitur
860 3579 987 3618 casu
1024 3569 1149 3617 sunt
1182 3563 1452 3634 praecipue
1499 3561 1720 3617 vitanda
1765 3562 2064 3616 carnalium
2117 3562 2452 3634 propinquo-

451 3667 567 3703 rum
600 3652 841 3706 consilia.
893 3651 1027 3706 Hinc
1066 3652 1233 3706 etiam
1280 3661 1381 3715 est,
1423 3649 1567 3722 quod
1606 3651 1968 3722 Hieronymus
2015 3651 2066 3703 in
2107 3649 2347 3720 Epistola
2385 3652 2449 3704 ad

448 3739 798 3795 Heliodorum
850 3740 1239 3811 impedimenta
1294 3738 1530 3808 religiosi
1579 3740 1843 3809 propositi
1893 3755 2015 3810 quae
2061 3755 2090 3792 a
2135 3731 2454 3810 propinquis

445 3825 757 3884 carnalibus
785 3828 1126 3898 ingeruntur,
1161 3834 1444 3882 enumerat
1481 3825 1669 3880 dicens
1702 3824 1894 3882 :Nunc
1925 3826 2021 3880 tibi
2053 3825 2260 3881 blandis
2287 3825 2450 3880 vidua
