2784 4392
351 248 474 311 310
833 262 888 313 s.
931 260 1166 309 ruem
1205 262 1534 317 momnis
1573 263 1886 311 opuscuu

353 368 765 455 bis·spiritualis
787 380 1005 449 laetitia,
1035 395 1160 456 quae
1183 396 1250 437 ex
1271 396 1333 438 se
1365 379 1526 455 quasi
1552 379 1788 438 extasim
1824 377 1979 449 facit,
2006 394 2177 455 quam
2202 392 2403 453 passa

353 470 576 527 videtur
599 470 790 543 regina
817 468 960 529 Saba
1007 470 1063 527 in
1090 476 1318 543 aspectu
1347 469 1557 529 ordinis
1582 469 1961 529 ministrorum
2000 469 2173 549 carim
2206 468 2398 549 Sa107

357 560 554 631 menie,
587 564 649 619 ut
672 560 924 635 superius
951 564 1036 617 est
1059 566 1362 621 ostensum.

1097 737 1397 826 CAPUT⁴
1459 739 1613 809 ΧΠ.

360 872 552 950 Quod
578 871 662 935 ad
687 844 906 935 honuni
927 871 1189 953 reyimm
1225 870 1423 953 reyni,
1460 871 1588 935 eive
1625 868 2055 951 cujmcumque
2090 868 2373 943 dominii,

434 962 702 1041 pertinet
726 966 960 1025 stratas
983 962 1110 1026 sive
1134 978 1541 1044 quascumque
1562 960 1698 1026 vias
1735 960 1806 1024 in
1842 959 2083 1041 reqione
2106 959 2200 1024 vel
2218 976 2377 1039 pro-

435 1049 640 1113 vincia
666 1048 876 1115 habore
900 1068 1142 1115 securas
1167 1056 1226 1116 et
1252 1050 1494 1117 liberas.

429 1183 526 1239 Est
549 1189 606 1239 et
629 1182 778 1241 aliud
801 1184 1173 1243 necessarium
1191 1184 1307 1258 regi
1333 1185 1405 1243 ad
1432 1185 1638 1241 bouum
1660 1182 1905 1255 regimen
1928 1182 2105 1253 regni,
2130 1180 2201 1239 ad
2224 1181 2376 1254 quod

357 1272 684 1330 ordinantur
709 1274 848 1347 ipsae
889 1273 1238 1341 munitioneS,
1269 1281 1332 1330 ut
1372 1272 1633 1331 videlicet
1672 1278 1877 1332 stratas
1903 1270 2112 1329 faciant
2150 1286 2377 1329 securas

360 1368 418 1419 et
447 1367 604 1435 aptas
629 1360 702 1418 ad
733 1360 1126 1419 transeundum
1153 1361 1270 1419 sive
1307 1376 1409 1436 pro
1430 1360 1679 1431 advenis,
1708 1362 1827 1419 sive
1856 1376 1954 1433 pro
1977 1360 2250 1432 indigenis
2282 1359 2375 1417 vel

361 1448 642 1522 regalibus
683 1450 817 1513 suis.
849 1450 968 1509 viae
1011 1450 1158 1507 enim
1183 1465 1507 1508 communes
1540 1457 1671 1509 sunt
1696 1450 1952 1509 omnibus
1986 1448 2227 1523 quodam
2248 1450 2375 1521 jure

362 1546 581 1597 naturae.
603 1546 659 1596 et
687 1538 898 1613 legibus
933 1540 1207 1613 gentium,
1241 1548 1465 1614 propter
1504 1540 1655 1614 quod
1693 1538 2049 1613 probibentur
2082 1554 2115 1595 a
2152 1538 2373 1595 nemine

363 1629 645 1703 occupari,
676 1646 778 1687 nec
807 1630 916 1687 ulla
943 1628 1374 1705 praescriptione,
1404 1645 1471 1687 ne
1494 1644 1843 1703 quocumque
1872 1634 2179 1701 temporum
2207 1642 2375 1685 cursu

357 1716 452 1789 jus
475 1716 545 1773 de
573 1717 780 1775 eisdem
809 1723 992 1790 posset
1015 1717 1179 1775 alicui
1203 1716 1439 1791 acquiri.
1464 1718 1619 1777 Unde
1651 1717 1707 1773 in
1734 1716 1828 1774 lib.
1852 1717 2018 1773 Num.
2044 1716 2136 1772 via
2158 1714 2375 1788 publica

363 1803 458 1859 via
487 1805 639 1876 regia
665 1806 976 1863 nominatur
1003 1806 1071 1863 ad
1101 1806 1519 1877 significandum
1552 1807 1672 1879 ejus
1698 1805 2003 1863 civitatem.
2028 1804 2132 1863 Ubi
2156 1806 2379 1876 Augus-

367 1894 519 1949 tinus
546 1894 602 1951 in
630 1893 827 1951 Glossa
853 1894 1064 1951 dictum
1089 1894 1314 1951 verbum
1340 1894 1583 1967 exponit,
1609 1895 1743 1969 quia
1768 1910 1867 1967 pro
1896 1900 2053 1951 lanto
2074 1894 2157 1949 sic
2186 1892 2375 1965 appel-

368 1981 534 2050 latur,
566 1982 696 2055 quia
737 1980 902 2039 debet
929 1998 1050 2039 esse
1073 1982 1245 2040 libera
1277 1983 1503 2041 cuilibet
1546 1984 1853 2041 transeunti
1890 1983 2129 2048 innoxie,
2166 1982 2375 2038 ratio-ne

369 2068 628 2126 humanae
651 2068 953 2127 societatis.
981 2070 1208 2143 Propter
1231 2070 1380 2143 quod
1406 2075 1462 2127 et
1491 2070 1694 2127 ibidem
1720 2068 2002 2139 scribitur,
2022 2068 2173 2144 quod
2192 2071 2379 2126 Amor-

373 2158 540 2215 rhaeis
569 2158 1072 2217 contradicentibus
1101 2175 1168 2214 ne
1196 2157 1293 2215 filii
1315 2158 1485 2215 Israel
1516 2160 1811 2216 transirent
1838 2175 1936 2232 per
1962 2174 2077 2227 eos,
2107 2174 2234 2215 cum
2259 2156 2376 2214 sola

369 2248 463 2305 via
498 2248 649 2319 regia
671 2248 827 2319 gradi
853 2224 1256 2321 permitterent,
1275 2248 1379 2307 boc
1400 2255 1487 2307 est
1514 2249 1632 2307 sine
1656 2247 1880 2306 laesione
1908 2247 2095 2321 aliqua
2118 2247 2373 2319 regioniS‚

371 2336 638 2393 Dominus
661 2336 944 2394 mandavit
975 2337 1124 2411 ipsos
1149 2337 1340 2395 deleri.
1369 2338 1445 2397 Ut
1472 2344 1658 2395 autem
1686 2342 1877 2395 stratae
1920 2337 1977 2393 in
2002 2352 2099 2393 sua
2126 2351 2378 2393 commu-

373 2426 548 2500 nitate
575 2426 687 2483 sint
712 2426 916 2495 liberae,
948 2434 1005 2484 et
1033 2426 1446 2485 transeuntibus
1491 2426 1671 2483 forent
1706 2439 1937 2493 securae,
1960 2426 2089 2497 jnra
2114 2424 2378 2498 principi-

373 2516 478 2571 bus
505 2517 830 2590 permittunt
873 2516 1124 2588 pedagia.
1151 2516 1305 2573 Unde
1333 2521 1390 2573 et
1416 2515 1501 2573 eis
1539 2512 1885 2591 servantibus
1910 2529 2040 2588 quae
2074 2513 2379 2571 viatoribus

373 2612 502 2662 sunt
529 2607 813 2677 praedicta,
845 2604 1105 2661 officiales
1137 2604 1449 2676 principum
1491 2604 1612 2677 ipsa
1641 2602 1838 2677 merito
1884 2614 2113 2677 possunt
2140 2604 2376 2675 exigere,

373 2699 432 2751 et
455 2693 864 2767 proficiscentes
887 2692 1072 2749 debite
1109 2692 1426 2763 obligantur
1453 2691 1785 2765 persolvere.
1825 2691 2075 2765 Amplius
2102 2700 2287 2750 autem
2322 2701 2379 2749 et

374 2780 589 2835 viarum
616 2780 887 2835 securitas
909 2778 964 2833 in
991 2778 1257 2849 regimine
1279 2778 1434 2850 regni
1466 2778 1805 2851 principibus
1826 2786 1883 2835 et
1918 2778 2220 2847 fructuosa,
2250 2780 2378 2853 quia

373 2865 507 2923 illuc
535 2867 710 2937 magis
731 2864 1014 2926 confluunt
1050 2872 1383 2940 mercatores
1411 2882 1537 2934 cum
1578 2868 1871 2937 mercibus,
1902 2868 2045 2925 unde
2068 2876 2125 2925 et
2154 2884 2378 2940 regnum

377 2954 434 3009 in
457 2953 668 3011 divitiis
689 2953 917 3023 crescit;
940 2969 1049 3027 qua
1065 2954 1277 3013 ratione
1298 2956 1357 3013 in
1372 2956 1505 3013 urbe
1522 2965 1683 3015 aucta
1709 2956 1814 3013 fuit
1836 2956 2142 3031 respublica
2161 2965 2379 3031 propter

377 3042 518 3111 viae,
547 3042 698 3101 circa
720 3058 858 3117 quas
893 3042 1330 3103 sollicitabantur
1357 3046 1641 3119 expeditas
1668 3046 1889 3114 habere,
1916 3051 1973 3103 et
1996 3054 2189 3105 stratae
2212 3062 2379 3103 voca·-

377 3134 576 3205 bantur
614 3134 897 3202 Romanae,
928 3140 990 3189 ut
1029 3134 1278 3194 homines
1302 3136 1479 3209 magis
1506 3135 1864 3193 redderentur
1905 3136 2083 3193 securi
2125 3135 2196 3193 ad
2223 3134 2379 3191 defe-

379 3223 606 3281 rendum
634 3239 844 3281 merces
867 3239 933 3281 ac
967 3223 1073 3281 sub
1107 3223 1456 3283 simulatione
1476 3224 1677 3282 callida
1698 3224 1802 3281 sub
1833 3223 2143 3294 nominibus
2171 3224 2379 3281 librarii

376 3312 722 3387 permutatiS,
749 3318 812 3370 ut
839 3312 1084 3371 latrones
1111 3313 1429 3385 ignorarent
1442 3318 1675 3385 tempus,
1692 3314 1837 3373 sicut
1858 3313 2210 3387 computistae
2236 3314 2380 3371 scri-

373 3400 530 3469 bunt,
558 3402 769 3459 cumin
813 3401 950 3459 urbe
989 3400 1399 3459 celebrarentur
1426 3400 1703 3470 nundinae,
1747 3402 1829 3461 sic
1869 3417 1967 3461 eos
2006 3400 2375 3475 decipiebant.

375 3490 638 3561 Quaedam
667 3492 836 3549 etiam
863 3496 1018 3549 extra
1046 3490 1238 3549 urbem
1261 3490 1535 3549 institutae
1549 3490 1769 3552 fuerunt
1796 3507 1894 3565 per
1916 3492 2196 3550 Romanos
2223 3491 2379 3563 prin-

360 3581 543 3654 cipes,
575 3595 876 3653 eorumque
921 3586 1050 3637 sunt
1087 3578 1386 3639 intitulatae
1424 3579 1755 3649 nominibus,
1788 3588 1854 3639 ut
1890 3596 1960 3639 ex
1986 3578 2092 3637 hoc
2116 3581 2380 3651 majorem

357 3668 674 3741 *obtinerint
711 3669 1052 3740 firmitatem,
1077 3676 1136 3734 et
1177 3668 1298 3729 loca
1325 3670 1531 3730 tutiora
1550 3669 1969 3729 advenientibus
1996 3668 2378 3740 redderentur,

355 3764 436 3818 ‚ut
461 3756 638 3815 forum
660 3758 809 3824 sulii,
837 3760 984 3831 quod
1020 3757 1079 3815 in
1109 3757 1416 3823 confinibus
1446 3758 2179 3831 multarumbprovinciarum
2206 3764 2267 3817 et
2290 3758 2382 3823 di-

374 3844 549 3920 versis
575 3844 890 3917 regionibus
923 3846 1108 3911 adhuc
1127 3860 1344 3911 ,nomen
1373 3847 1659 3910 remansit.
1682 3846 1937 3922 Amplius
1972 3852 2165 3916 autem
2202 3853 2262 3905 et
2283 3861 2385 3921 per
