2784 4392
498 164 660 249 402,
982 184 1035 233 s.
1077 184 1316 233 meum
1353 185 1686 239 nouimus
1725 184 2040 235 orusoum

501 298 838 383 venIentiam
873 302 961 363 vel
1002 302 1497 365 inconvenientiam
1525 303 1823 379 assignare,
1858 319 1986 361 cum
2016 305 2129 361 non
2168 300 2281 361 sint
2318 316 2420 377 per
2444 292 2529 360 ‘se

502 388 848 451 delectabilia
880 391 1136 451 humanae
1170 402 1403 463 naturae,
1446 394 1591 452 unde
1619 394 1859 451 medium
1890 390 2116 450 virtutis
2143 386 2367 463 ibi'esse
2408 398 2526 448 non

499 486 683 551 potest
711 480 808 537 z'et
833 481 937 539 hoc
954 483 1251 541 concordat
1270 498 1397 541 cum
1416 482 1697 557 Apostolo‚
1726 482 1799 540 ad
1820 483 1979 541 Rom.
2006 496 2047 554 1,
2075 480 2171 555 qui
2198 480 2335 539 tales
2360 478 2528 537 actus

500 568 817 639 ignominias
844 572 1125 643 'passiones
1152 572 1414 646 appellat.

573 658 842 729 Quartum
881 667 1066 718 autem
1100 661 1262 735 ‘quod
1309 656 1635 719 Aristoteles
1674 660 2023 734 reprehendit
2068 659 2127 716 in
2158 661 2525 718 Lacedaemo«

504 747 718 804 nicrum
749 749 959 821 politia,
990 756 1075 807 est
1099 749 1167 806 de
1183 749 1444 824 inaequali
1464 749 1735 807 divisione
1756 748 2183 821 successionum,
2220 750 2353 823 quia
2375 764 2523 806 unus

506 836 646 893 civis
667 839 829 910 quasi
862 839 1366 913 totamoccupabat
1391 838 1688 911 regionem,
1716 853 1783 894 ex
1811 852 1872 894 re
1891 836 2149 895 videlicet
2171 838 2517 911 pecuniaria,

501 925 644 982 sicut
677 927 882 999 saepius
921 929 1124 985 accidit
1164 930 1233 985 de
1271 926 1730 997 foer'ieratoribus3
1770 925 1865 984 alii
1890 940 2023 985 vero
2062 927 2215 985 cives
2250 926 2521 1001 expoliati

502 1010 740 1083 fugiunt,
770 1022 827 1070 et
851 1015 932 1072 sic
960 1022 1207 1072 remanet
1233 1015 1424 1088 politia
1447 1014 1615 1071 nuda.
1634 1054 1657 1059 .-

572 1100 711 1156 ltem
752 1102 899 1159 circa
938 1120 1154 1171 uxores,
1201 1105 1330 1177 quia
1375 1104 1430 1159 in
1476 1102 1635 1159 bonis
1669 1100 1915 1159 defuncti
1950 1116 2088 1159 uxor
2122 1100 2337 1159 ratione
2369 1101 2519 1159 dotis

504 1188 642 1244 duas
667 1190 976 1261 occupabat
1005 1198 1208 1263 partes,
1235 1192 1379 1247 sicut
1416 1190 1617 1248 accidit
1642 1190 1701 1271 in
1725 1190 1953 1248 Francia
1984 1191 2057 1247 de
2091 1190 2389 1247 medietate
2410 1190 2518 1247 bo-

505 1292 717 1345 norum,
749 1278 1028 1335 residuum
1069 1294 1200 1335 vero
1243 1277 1701 1350 distinguebatur,
1732 1294 1831 1335 seu
1858 1277 2291 1336 distribuebatur
2330 1278 2518 1336 haere-

503 1365 682 1433 dibus,
732 1374 788 1423 et
817 1382 917 1439 pro
944 1367 1060 1424 suis
1104 1367 1320 1439 legatis·
1367 1368 1475 1424 Sed
1518 1364 2021 1440 quantumcumque
2062 1366 2325 1424 toleretur
2368 1366 2517 1441 apud

505 1455 948 1513 Lacedaemonios
983 1456 1051 1513 de
1080 1456 1202 1513 aliis
1231 1456 1443 1515 civibus
1469 1455 1761 1513 diminutio
1790 1454 2212 1529 possessionum,
2244 1463 2517 1529 quantum

507 1550 692 1600 tamen
740 1544 810 1601 ad
848 1544 1143 1603 bellatores
1187 1544 1447 1603 sustineri
1491 1560 1597 1600 non
1642 1544 1828 1614 debet,
1871 1544 2001 1617 quia
2042 1559 2139 1617 per
2176 1558 2271 1599 eos
2314 1544 2516 1601 civitas

508 1639 864 1689 conservatur
892 1634 948 1690 in
973 1650 1070 1693 sua
1100 1636 1324 1690 virtute.
1354 1636 1471 1691 Hoc
1498 1640 1683 1691 autem
1710 1632 2030 1702 Aristoteles
2054 1632 2319 1689 accidisse
2342 1634 2518 1705 Spar·-

427 1774 442 1789 ,
510 1720 679 1788 tiatis,
721 1721 826 1778 hoc
853 1728 938 1779 est
972 1723 1401 1780 Lacedaemoniis
1429 1722 1591 1791 dicit,
1623 1722 1751 1793 quia
1780 1721 1850 1777 ad
1885 1719 2111 1776 nihilum
2146 1727 2275 1776 sunt
2303 1720 2513 1778 redacti

511 1816 731 1883 propter
769 1810 974 1867 dictam
1015 1814 1260 1879 causam,
1304 1826 1431 1867 cum
1476 1816 1657 1867 tamen
1698 1808 1846 1865 soliti
1876 1818 2057 1865 essent
2093 1809 2293 1866 habere
2321 1810 2516 1866 decem

512 1898 680 1955 millia
698 1898 1043 1967 bellatorum,
1067 1901 1212 1973 quod
1233 1915 1340 1955 non
1363 1904 1480 1955 erat
1500 1898 1775 1955 modicum
1794 1898 1940 1970 apud
1960 1906 2195 1955 veteres,
2212 1898 2307 1955 Isti
2328 1904 2513 1955 autem

511 1995 638 2043 sunt
667 1986 744 2041 illi
789 1983 1100 2059 Spartiatae,
1133 1988 1202 2049 de
1243 1986 1443 2060 quibus
1479 1986 1661 2059 agitur
1700 1986 1755 2042 in
1800 1986 1851 2043 11
1876 1984 2125 2045 Machab.
2154 1985 2251 2061 qui
2294 1992 2515 2059 propter

510 2073 848 2131 virilitatem·
870 2074 1038 2133 animi
1077 2091 1202 2134 cum
1243 2075 1450 2134 Judaeis
1490 2082 1551 2133 et
1591 2074 1853 2133 Romanis
1893 2074 2187 2149 specialem
2238 2073 2516 2133 habebant

513 2163 833 2223 amicitiam.
1397 2156 1405 2164 ’
1732 2150 1744 2174 ”’

1259 2346 1546 2453 CAPUT
1602 2348 1754 2416 XV.

514 2478 915 2561 Reprehendit
940 2480 1128 2547 etiam·
1155 2480 1382 2545 dietam
1400 2476 1689 2563 politiam
1727 2482 2019 2562 quantum
2046 2470 2129 2543 ad
2163 2446 2317 2562 leqes
2340 2479 2513 2560 filio·-

592 2588 730 2633 rum
753 2576 810 2634 et
822 2571 1128 2649 ‚iudicum
1150 2587 1386 2634 movens
1408 2570 1809 2651 quaestionem,
1830 2574 2039 2633 utrum
2060 2586 2347 2651 pauperes
2365 2576 2515 2635 sunt

597 2660 858 2739 eliyendi
879 2659 1246 2753 ad‘reyimen
1265 2659 1613 2745 politicum.

584 2790 682 2846 Est
709 2798 765 2845 et
793 2788 960 2857 aliud,
993 2789 1139 2863 quod
1177 2790 1524 2863 reprehendit
1553 2790 1877 2848 Aristoteles
1904 2791 1957 2847 in
1998 2791 2145 2848 dicta
2184 2791 2397 2865 politia,
2441 2794 2513 2849 de

515 2878 864 2949 generatione
890 2876 1147 2936 videlicet
1190 2874 1447 2936 filiorum.
1486 2880 1805 2936 statuerant
1830 2878 1973 2936 enim
2005 2880 2059 2935 in
2084 2894 2185 2935 sua
2223 2880 2415 2952 politia
2440 2884 2511 2938 ad

518 2966 920 3040 provocandum
957 2966 1106 3024 cives
1143 2968 1286 3043 quod
1315 2968 1556 3027 zelarent
1590 2968 2097 3041 multiplicationem
2136 2968 2319 3040 prolis,
2362 2970 2511 3043 quod

515 3058 610 3130 qui
655 3065 764 3113 tres
809 3056 1032 3115 haberet
1079 3058 1236 3127 filios,
1287 3066 1656 3116 assumeretur
1701 3057 1768 3114 ad
1807 3057 2129 3129 dignitatem
2171 3057 2511 3131 publicorum

518 3147 875 3219 negotiorum,
905 3155 961 3203 et
1003 3147 1097 3219 qui
1135 3154 1390 3221 quatuor,
1422 3155 1569 3205 esset
1591 3146 1709 3203 sine
1733 3145 2009 3217 vectigali.⁷
2040 3146 2154 3201 Hoc
2180 3154 2363 3203 autem
2389 3154 2510 3205 erat

515 3252 680 3293 causa
703 3234 771 3291 de
796 3236 1129 3308 pauperandi
1163 3238 1312 3293 cives
1341 3254 1355 3291 :
1386 3236 1529 3293 unde
1558 3235 1760 3291 fiebant
1786 3234 2113 3306 impotentes
2136 3233 2206 3290 ad
2239 3234 2502 3291 invaden-

515 3326 645 3381 dum
672 3324 874 3392 hosteS‚
919 3331 974 3379 et
1009 3323 1116 3381 hoc
1141 3325 1246 3381 fuit
1274 3324 1328 3380 in
1357 3327 1436 3381 eis
1463 3338 1631 3381 causa
1657 3323 2030 3393 dissensionis,
2061 3323 2202 3378 unde
2231 3324 2380 3395 regio
2418 3326 2509 3380 di-

515 3412 722 3469 minuta
755 3420 838 3469 est
865 3412 920 3467 in
948 3413 1172 3469 virtute.
1199 3413 1347 3469 Istud
1387 3420 1573 3470 autem
1614 3410 2037 3485 reprehensibile
2059 3427 2179 3469 esso
2208 3412 2263 3466 in
2296 3413 2509 3490 ratione

513 3499 790 3565 fundatur,
813 3499 942 3571 quia
967 3499 1112 3573 quod
1143 3501 1266 3573 quis
1293 3508 1516 3572 generet
1544 3499 1747 3573 plures,
1784 3514 1893 3555 non
1922 3508 2004 3556 est
2020 3494 2267 3567 virtutis,
2296 3514 2365 3555 ex
2396 3514 2509 3572 qua

513 3587 638 3661 quis
671 3594 914 3644 meretur
944 3583 1428 3661 praeeminentiam,
1462 3596 1593 3663 puta
1629 3594 1691 3645 ut
1718 3588 1774 3643 in
1799 3587 2051 3659 bellando
2084 3605 2181 3662 pro
2204 3584 2504 3661 republica,

511 3677 682 3748 quod*
705 3683 791 3733 est
829 3676 1052 3735 virtutis
1091 3676 1443 3745 fortitudinis,
1484 3676 1570 3733 vel
1609 3678 1663 3735 in
1710 3676 2041 3735 consulendo
2080 3677 2313 3745 civitati,
2357 3677 2509 3751 quod

511 3764 746 3835 pertinet
783 3766 852 3822 ad
891 3766 1256 3838 prudentiam,
1289 3766 1374 3837 vel
1418 3767 1473 3824 in
1510 3767 1747 3840 regendo
1782 3765 1950 3837 cives,
1981 3766 2130 3841 quod
2156 3767 2393 3840 pertinet
2432 3768 2507 3826 ad
