2784 4392
440 285 551 358 '28
636 329 644 336 ·
950 317 1005 362 s.
1046 311 1281 361 *noum
1320 313 1649 366 sommus
1690 311 2006 362 oruscuu

474 432 629 490 Unde
654 431 811 491 Isaiae
836 447 888 502 ι,
908 433 960 502 5,
980 432 1181 489 dicitur
1200 449 1267 489 ex
1287 449 1383 490 ore
1407 432 1710 506 Prophetae,
1736 431 1818 490 vel
1840 433 2021 507 potius
2044 430 2215 506 ipsius
2240 431 2480 492 Christi:

476 521 734 578 Dominus
775 523 917 580 Deus
952 522 1169 595 aperuit
1207 522 1342 579 mihi
1380 539 1568 580 aurem
1595 523 1822 597 (scilicet
1865 523 2094 580 interius
2116 523 2481 595 inspirando),

474 627 563 683 eqo
591 618 766 667 autem
796 629 901 668 nou
942 612 1266 677 contradico,
1300 617 1599 676 retrorsum
1645 629 1750 668 nou
1799 611 1927 682 abii,
1969 611 2125 686 quasi
2169 612 2487 686 praeterito-

474 716 596 756 rum
624 701 825 758 oblitus
852 702 920 758 ad
952 701 1225 758 anteriora
1250 718 1337 757 me
1367 702 1683 770 extendens,
1718 707 1777 757 ut
1803 701 2004 758 diditur
2030 701 2098 757 ad
2128 701 2356 774 Philipp.
2390 717 2483 762 ιιι.

473 789 622 846 Dicit
650 792 815 848 etiam
846 791 1155 864 ApostoluS,
1190 791 1261 848 ad
1289 791 1449 848 Rom.
1486 807 1613 859 vm,
1647 793 1713 848 ⁴4
1746 809 1760 847 ε
1799 791 2120 864 Quicumque
2157 791 2357 866 spiritu
2383 790 2488 848 Dei

474 887 735 953 aguntur,
766 879 824 936 hi
844 879 950 952 tilii
975 879 1075 936 Dei
1093 887 1217 937 suut
1227 896 1247 949 ;
1278 880 1370 936 ubi
1398 879 1532 938 dicit
1557 881 1753 936 Glossa
1783 879 2072 954 Augustini
2106 899 2120 934 ε
2150 901 2176 934 α
2208 881 2328 936 Non
2353 882 2487 954 quia

473 970 607 1024 nihil
634 977 817 1041 agant,
856 970 950 1025 sed
980 969 1110 1043 quia
1135 970 1343 1043 impetu
1382 969 1577 1042 gratiae
1604 976 1858 1041 aguntur.
1894 989 1920 1021 ι)
1947 969 2066 1026 Non
2093 977 2276 1026 autem
2303 971 2486 1042 agitur

473 1056 682 1130 impetu
720 1057 953 1130 Spiritus
985 1059 1181 1128 sancti,
1215 1060 1308 1131 qui
1339 1059 1549 1114 resistit
1575 1057 1661 1114 vel
1688 1058 1888 1118 tardat.
1923 1058 2018 1114 Est
2047 1074 2176 1130 ergo
2207 1059 2487 1132 proprium

474 1145 707 1204 filiorum
739 1147 857 1214 Dei,
892 1153 952 1203 ut
978 1147 1184 1219 impetu
1217 1148 1410 1219 gratiae
1440 1154 1672 1218 agantur
1702 1147 1768 1222 ed
1800 1146 2026 1204 meliora
2055 1163 2161 1202 non
2197 1153 2486 1220 expectato

475 1234 724 1291 consilio.
752 1236 831 1291 De
856 1249 965 1308 quo
994 1235 1160 1290 etiam
1191 1233 1397 1307 impetu
1427 1235 1627 1290 dicitur
1656 1235 1785 1290 lsai.
1819 1249 1936 1303 mx,
1966 1236 2033 1290 ⁴9
2067 1252 2080 1288 z
2115 1235 2248 1291 Cum
2279 1235 2487 1304 venerit

476 1323 631 1397 quasi
668 1322 866 1396 fluvius
903 1323 1179 1392 violentus,
1212 1338 1361 1395 quem
1405 1321 1633 1395 spir-itus
1663 1323 1880 1380 Domini
1918 1324 2072 1398 coyit.
2111 1325 2267 1380 Hune
2297 1314 2486 1380 autem

478 1415 743 1485 impetum
780 1411 1115 1488 sequendum
1157 1399 1277 1468 esse
1305 1412 1600 1484 Apostolus
1639 1413 1820 1480 docet,
1853 1413 1922 1470 ad
1969 1414 2154 1470 Galat.
2185 1429 2240 1480 v,
2269 1415 2355 1480 ⁴6,
2391 1413 2485 1469 ubi

477 1501 613 1558 dicit
633 1518 646 1556 t
666 1499 877 1574 Spiritu
900 1501 1182 1566 ambulate,
1201 1501 1267 1556 Et
1282 1501 1484 1556 iterum
1506 1502 1572 1556 48
1594 1500 1682 1557 :Si
1703 1501 1902 1574 spiritu
1931 1501 2214 1567 ducimini,
2231 1518 2336 1558 uon
2360 1500 2486 1558 estis

476 1591 570 1646 sub
598 1591 722 1662 leye.
754 1590 823 1645 Et
848 1590 1177 1650 iterum‘25:
1210 1589 1269 1644 Si
1305 1588 1512 1662 spiritu
1533 1589 1781 1656 vivimus,
1802 1589 2000 1663 spiritu
2021 1591 2356 1646 ambulemus.
2383 1592 2485 1647 Pro

476 1695 673 1752 magna
716 1686 899 1737 autem
947 1679 1105 1752 culpa
1153 1678 1482 1752 quibusdam
1529 1679 1928 1756 improperatur
1972 1696 2006 1736 a
2049 1679 2340 1752 Stephano,
2372 1682 2487 1736 Ac-

480 1775 588 1824 tor.
622 1785 724 1838 vn,
758 1770 815 1824 5⁴
846 1785 859 1824 z
898 1768 994 1824 Vos
1016 1783 1219 1840 semper
1246 1767 1486 1840 Spiritui
1511 1776 1691 1824 sancto
1720 1767 2013 1824 restitisti&
2044 1768 2198 1823 Unde
2228 1775 2283 1823 et
2307 1773 2488 1842 Apos-

480 1857 643 1923 tolus,
684 1857 728 1912 1.
770 1856 836 1912 ed
864 1855 1107 1912 Thessal.
1141 1871 1194 1923 v,
1234 1857 1299 1910 ⁴9
1330 1855 1466 1913 dicit
1498 1871 1511 1908 z
1542 1855 1806 1928 Spiritum
1832 1855 1994 1911 nolite
2022 1855 2358 1924 excitiquere;
2395 1857 2486 1913 ubi

480 1945 614 2003 dicit
651 1945 848 2002 Glossa
880 1959 893 2000 z
927 1964 953 1998 α
982 1944 1037 2001 Si
1066 1944 1154 2000 cui
1188 1943 1426 2023 Spiritus
1453 1951 1676 2000 sanctus
1705 1943 1773 1999 ad
1803 1942 1990 1997 horam
2021 1941 2226 2014 aliquid
2257 1944 2484 2012 revelet,

479 2034 646 2091 nolite
678 2032 961 2107 prohibere
990 2049 1114 2089 eum
1142 2031 1291 2107 loqui
1322 2033 1468 2107 quod
1493 2032 1681 2089 sentit.
1713 2051 1738 2084 n
1779 2031 2014 2106 Spiritus
2051 2038 2236 2088 autem
2263 2041 2487 2090 sanctus

474 2123 685 2182 revelat
714 2139 820 2179 non
860 2123 1033 2180 solum
1076 2123 1320 2180 docendo
1364 2121 1495 2196 quid
1535 2121 1694 2177 homo
1737 2119 1934 2177 debeat
1981 2119 2149 2194 loqui,
2193 2123 2288 2179 sed
2319 2123 2486 2179 etiam

436 2255 439 2260 -
476 2214 816 2286 suggerendo
856 2211 987 2288 quid
1023 2213 1185 2269 homo
1224 2211 1422 2270 debeat
1446 2210 1645 2280 facere,
1675 2217 1736 2268 ut
1765 2209 1964 2268 dicitur
2000 2211 2156 2270 Joan.
2197 2226 2320 2268 xiv.
2351 2214 2484 2270 Cum

476 2303 644 2378 igitur
685 2303 845 2360 homo
891 2303 1154 2361 instinctu
1198 2301 1436 2376 Spiritus
1481 2301 1657 2360 sancti
1703 2309 1954 2358 movetur
1984 2300 2050 2360 ad
2082 2301 2360 2374 religionis
2397 2302 2488 2359 in·-

476 2409 743 2466 gressum,
776 2409 881 2470 non
912 2399 997 2451 est
1021 2392 1071 2449 ei
1096 2390 1455 2448 differendum
1485 2400 1536 2448 ut
1565 2391 1862 2447 humanum
1897 2389 2142 2463 requirat
2174 2391 2478 2459 consilium,

476 2483 574 2539 sed
612 2481 802 2540 statim
841 2481 1002 2540 homo
1031 2483 1295 2556 impetum
1338 2481 1574 2555 Spiritus
1615 2479 1791 2536 sancti
1837 2479 1988 2552 sequi
2020 2477 2200 2536 debet.
2231 2480 2386 2536 Unde
2431 2485 2486 2536 et

95 2571 673 2652 *Ezeclh
706 2587 745 2639 1,
780 2575 869 2642 20,
900 2571 1102 2628 dicitur
1131 2587 1147 2626 z
1178 2571 1506 2641 Quocumque
1540 2567 1652 2622 ibat
1673 2565 1899 2642 spiritus
1928 2567 2054 2624 illuc
2080 2574 2236 2626 eunte
2261 2568 2486 2642 spiritu,

477 2669 529 2719 et
553 2668 685 2718 rotoe
703 2660 919 2734 pariter
940 2660 1257 2718 levabuntur
1273 2661 1542 2729 sequentes
1565 2671 1701 2711 eum.
1727 2655 1842 2712 Nec
1866 2653 2042 2712 solum
2066 2656 2169 2714 hoe
2192 2657 2487 2731 Scripturas

478 2747 916 2814 auctoritatibus,
937 2747 1034 2803 sed
1054 2745 1221 2802 etiam'
1245 2750 1563 2801 sanctorum
1583 2745 1845 2818 exemplis
1869 2745 2268 2804 manifestatur.
2284 2749 2487 2806 Narrat

478 2839 624 2895 enirn
670 2836 1006 2908 Augustinus
1062 2835 1118 2890 in
1164 2850 1270 2891 vm
1301 2833 1546 2891 consess.
1579 2834 1647 2891 de
1689 2833 1902 2892 duobus
1943 2834 2224 2904 militibus,
2256 2853 2488 2910 quorum

480 2942 619 2984 unus
652 2925 795 2984 lecta
822 2924 937 2982 vita
978 2923 1198 2982 Antonii
1239 2922 1425 2981 subito
1463 2924 1706 2997 repletus
1747 2940 1932 2982 amore
1960 2933 2170 2993 sancto,
2205 2927 2282 2984 ait
2311 2927 2490 2986 amico

480 3031 579 3072 suo
608 3031 621 3071 z
646 3015 763 3092 qu
790 3013 900 3071 Deo
931 3013 1136 3072 servire
1158 3011 1349 3081 statui,
1372 3018 1424 3070 et
1451 3013 1544 3071 hoe
1562 3029 1628 3070 σω
1662 3013 1759 3071 hae
1778 3013 1934 3080 hora,
1964 3014 2024 3070 iu
2047 3015 2139 3071 hoe
2165 3015 2272 3072 loco
2296 3033 2490 3090 apyre-

478 3103 637 3173 dt'or3
681 3110 732 3162 te
765 3103 816 3160 si
841 3091 986 3178 pinet
1013 3102 1249 3170 imitari,
1278 3102 1389 3160 noli
1416 3101 1715 3158 adversari.
1747 3102 2048 3180 Respondit
2076 3102 2167 3158 ille
2209 3105 2490 3164 adhaerere

479 3209 541 3252 se
567 3193 718 3250 socio
762 3198 933 3252 tantae
960 3191 1229 3250 mercedis
1258 3197 1538 3266 tantaeque
1561 3191 1793 3248 militiae.
1832 3192 1910 3249 Et
1935 3191 2085 3248 ambo
2102 3192 2220 3266 jam
2243 3195 2327 3251 tui
2353 3194 2490 3252 cedi·-

478 3281 712 3356 ficabaut
741 3281 945 3340 turrim
973 3288 1184 3352 sumptu
1214 3279 1400 3336 idoneo
1433 3279 1768 3354 relinquendi
1795 3279 1978 3336 omnia
2006 3297 2124 3348 sua,
2159 3288 2210 3338 et
2241 3283 2491 3356 sequendi

480 3379 550 3430 te.
595 3371 656 3430 ln
697 3386 805 3446 quo
850 3369 1018 3426 etiam
1059 3368 1197 3425 libro
1226 3369 1567 3440 Augustinus
1609 3369 1850 3441 seipsum
1894 3369 2244 3441 reprehendit
2277 3373 2345 3427 de
2389 3372 2492 3430 hoo

416 3503 424 3510 .
480 3461 625 3536 quod
653 3458 973 3518 retardadat
1000 3473 1160 3516 suam
1185 3457 1616 3526 conversionem,
1641 3456 1735 3512 ubi
1765 3456 1900 3512 dicit
1933 3473 1945 3511 :
1977 3457 2103 3515 Nou
2127 3465 2246 3516 erat
2275 3461 2490 3522 omniuo

481 3550 608 3624 quid
649 3550 1013 3628 responderem
1056 3548 1283 3605 veritate
1329 3547 1613 3615 convictus,
1642 3546 1750 3604 nist
1794 3553 2005 3605 tantum
2046 3550 2208 3606 verba
2251 3535 2396 3606 lenta
2439 3558 2492 3610 et

480 3639 825 3707 somnolenta,
871 3637 1041 3704 modo,
1089 3654 1197 3694 ecce
1240 3637 1412 3703 modo,
1441 3637 1554 3694 siue
1591 3639 1872 3712 paululum
1889 3655 1908 3706 ,·
1937 3637 2025 3694 sed
2051 3639 2220 3705 modo,
2263 3647 2314 3697 et
2341 3641 2490 3696 modo

480 3743 589 3785 uon
614 3725 827 3784 habebat
853 3727 1086 3795 modum,
1115 3733 1166 3787 et
1186 3725 1300 3784 siue
1322 3726 1608 3802 paululum
1638 3727 1697 3782 in
1721 3727 1930 3798 lonyum
1953 3727 2084 3784 ibat.
2115 3728 2183 3784 Et
2214 3727 2268 3784 in
2298 3730 2491 3786 eodem

483 3816 624 3874 libro
654 3815 789 3870 dicit
820 3832 835 3870 ε
870 3814 1249 3874 Erubeseebam
1290 3815 1474 3884 nimis,
1504 3815 1632 3886 quia
1658 3813 1882 3870 illarum
1923 3831 2190 3888 uuqarum
2217 3833 2492 3890 murmur,

482 3901 697 3962 seilicet
723 3899 1067 3960 saecularium
1090 3909 1148 3959 et
1175 3899 1476 3960 carnalium
1500 3902 1672 3959 adhuc
1695 3901 1993 3970 audiebam,
2017 3909 2067 3960 et
2095 3905 2491 3964 cunctabundus
