2784 4392
488 285 571 354 16
962 301 1019 351 s·
1061 303 1294 352 'monas
1333 302 1660 355 Acmm'rrs
1700 303 2012 350 opuseum

382 414 389 422 ”
488 418 647 492 Quod
674 419 964 480 manifeste
994 428 1239 496 apparet,
1272 419 1465 480 Matth.
1497 438 1621 490 xix,
1655 421 1722 480 de
1751 422 2096 482 adolescente
2127 421 2222 498 qui
2249 439 2492 499 pauper-

490 512 623 568 tatis
651 511 942 570 consilium
967 528 999 569 a
1036 512 1269 568 Domino
1312 527 1420 568 non
1459 513 1719 586 suscepit,
1745 513 2016 591 sed'abiit
2059 512 2231 570 tristis
2270 520 2492 587 propter

483 600 709 658 divitias
738 617 878 676 quas
906 601 1164 660 habebat.
1192 601 1260 657 Et
1288 600 1406 658 haec
1449 602 1670 675 quidem
1699 602 1847 660 dicta
1875 611 2002 658 sunt
2030 603 2076 658 si
2105 612 2491 676 comparentur

484 689 714 748 consilia
739 692 807 748 ad
852 699 1128 764 praecepta
1170 691 1476 748 charitatis,
1508 692 1560 747 Si
1608 706 1735 747 vero
1765 707 2145 764 comparemus
2179 708 2242 748 ea
2285 692 2352 747 ad
2384 692 2492 748 alia

485 778 619 851 legis
660 788 952 854 praecepta‚
991 780 1115 853 quis
1151 795 1258 835 non
1291 779 1478 836 videat
1516 787 1720 852 quanta
1754 790 2015 853 sequatur
2057 781 2412 837 absurditas?
2435 782 2488 837 Si

456 869 628 926 'enim
658 887 753 940 per
788 868 1017 926 consilia
1056 876 1113 925 et
1155 867 1434 940 religionis
1473 869 1849 924 observantias
1886 868 2146 926 tolluntur
2178 869 2492 926 occasiones

485 966 859 1031 peccatorum,
882 975 979 1031 per
999 974 1124 1031 quae
1150 963 1277 1014 sunt
1305 966 1706 1029 praeceptorum
1731 959 2208 1028 transgressioneS‚
2233 960 2356 1031 quis
2385 975 2491 1014 non

483 1045 671 1106 videat
702 1047 943 1121 aliquem
990 1055 1141 1104 tanto
1183 1047 1355 1117 magis
1392 1046 1653 1118 indigere,
1686 1051 1744 1102 ut
1788 1047 2102 1103 occasiones
2139 1056 2490 1118 peccatorum

482 1135 695 1194 evitet?
715 1136 995 1208 Numquid
1026 1151 1155 1206 ergo
1184 1133 1474 1191 dicendum
1501 1135 1604 1191 erit
1627 1136 1815 1207 juveni
1849 1153 1861 1190 ε
1898 1136 2062 1192 Vivas
2097 1137 2315 1192 interim
2350 1136 2492 1192 inter

486 1223 771 1294 mulieres3
804 1233 859 1281 et
887 1225 1213 1280 lascivorum
1246 1224 1544 1288 consortia,
1574 1231 1633 1278 ut
1665 1224 1745 1279 sic
1770 1226 1826 1279 in
1853 1225 2110 1281 castitate
2135 1224 2488 1294 exercitatuS,

484 1313 833 1385 postmodum
859 1313 914 1368 in
939 1313 1199 1384 religione
1223 1313 1535 1368 castitatem
1560 1312 1849 1368 observes:
1875 1319 2152 1385 tamquam
2176 1312 2390 1370 facilius
2417 1315 2492 1369 sit

483 1401 536 1456 in
564 1401 785 1472 saeculo,
815 1418 981 1475 quam
1020 1401 1076 1457 in
1112 1401 1373 1473 religione
1409 1402 1721 1458 castitatem
1752 1402 2016 1459 servare?
2045 1401 2194 1458 Idem
2224 1402 2392 1459 etiam
2421 1401 2491 1458 de

484 1488 607 1549 aliis
632 1490 929 1548 virtutibus
959 1496 1013 1546 et
1044 1491 1285 1564 peccatis
1316 1497 1565 1563 apparet.

548 1579 764 1638 Similes
784 1589 911 1638 sunt
938 1579 1105 1652 igitur
1129 1578 1439 1651 hujusmodi
1462 1579 1768 1637 doctrinam
1795 1578 2200 1653 promulgantes
2226 1579 2490 1638 bellorum

479 1667 731 1740 ducibus,
759 1672 852 1743 qui
880 1671 1082 1728 milites
1113 1671 1166 1727 in
1195 1688 1293 1727 suo
1326 1670 1580 1744 tyrocinii
1611 1671 1840 1727 exordio
1865 1671 2167 1727 acrioribus
2209 1669 2365 1727 bellis
2390 1662 2490 1728 ex‘-

479 1765 764 1828 ponerent.
796 1758 1072 1825 Fatemur,
1102 1765 1289 1815 autem
1312 1758 1457 1828 quod
1484 1757 1529 1812 si
1560 1758 1801 1829 quisunt
1828 1757 1880 1812 in
1911 1758 2025 1812 vita
2055 1757 2306 1814 saeculari
2332 1774 2491 1814 exer-

481 1844 675 1900 citium
702 1853 1104 1916 prae‘ceptorum
1139 1844 1421 1909 habentes,
1451 1843 1644 1898 melius
1671 1851 1896 1914 possunt
1935 1845 1990 1898 in
2030 1845 2292 1914 religione
2323 1847 2492 1918 profi-

483 1947 608 1989 cere
648 1947 663 1986 ε
700 1933 795 1987 sed
834 1932 978 1987 sicut
1016 1948 1082 1988 ex
1125 1947 1231 1988 una
1271 1938 1425 2003 parte
1463 1937 1863 2004 praeceptorum
1907 1932 2229 1986 exercitium
2274 1933 2331 1988 in
2377 1937 2492 1992 vita

481 2019 728 2078 saeculari
754 2026 1029 2093 praeparat
1056 2018 1326 2076 hominem
1353 2020 1421 2075 ad
1451 2018 1678 2075 consilia
1709 2017 1900 2075 melius
1925 2019 2283 2086 observanda,
2316 2021 2395 2079 ita
2424 2041 2494 2080 ex

483 2109 590 2166 alia
620 2116 772 2180 parte
797 2096 1078 2166 saecularis
1105 2108 1237 2165 vitae
1274 2107 1612 2164 consuetudo
1649 2106 1892 2164 consiliis
1920 2107 2274 2166 observandis
2311 2110 2494 2184 impe-

486 2195 790 2256 dimen-tum
836 2205 1082 2270 praestat.
1123 2197 1277 2253 Unde
1324 2196 1556 2268 Gregor.
1588 2195 1724 2252 dicit
1762 2195 1816 2252 in
1852 2196 2025 2270 princ.
2067 2195 2256 2254 Moral.
2299 2216 2313 2254 ε
2357 2199 2491 2257 Cum

484 2286 654 2342 adhuc
681 2303 760 2342 me
786 2303 989 2358 coyeres
1012 2285 1223 2342 animus
1243 2286 1502 2359 praesenti
1529 2285 1747 2351 mimda,
1764 2285 1918 2358 quasi
1941 2286 2108 2359 specie
2135 2294 2285 2344 teitus
2307 2287 2491 2344 deser-

484 2377 625 2442 vire,
652 2383 918 2448 coeperunt
958 2375 1131 2432 multa
1175 2383 1361 2432 contra
1398 2392 1478 2432 me
1499 2391 1584 2448 ‚ex
1619 2374 1849 2448 ejusdem
1873 2375 2222 2432 mundicam
2249 2393 2490 2447 suceres-

482 2480 617 2533 cere,
639 2472 700 2521 ut
726 2464 787 2521 in
811 2482 867 2521 eo
885 2464 1005 2538 jam
1031 2481 1139 2522 non
1160 2463 1343 2537 specie,
1358 2465 1448 2520 secl
1463 2464 1599 2537 quod
1617 2472 1697 2523 est
1714 2463 1955 2537 ymerus,
1981 2473 2150 2523 mente
2175 2466 2446 2524 retinerer
2464 2484 2486 2529 .·

483 2569 601 2628 quae
628 2553 844 2614 tandem
870 2561 1062 2614 cuncta
1082 2554 1283 2614 solicite
1311 2553 1540 2627 fuyiens,
1560 2559 1780 2626 portum
1810 2554 2124 2614 monasterii
2148 2555 2306 2630 petii.

1168 2783 1173 2790 -
1236 2732 1520 2803 CAPUT
1590 2733 1736 2803 VII.

922 2867 1163 2936 Solutio
1202 2868 1512 2932 rationum
1539 2869 2048 2934 adversariorum.

551 2999 652 3060 His
673 3001 842 3074 igitur
868 3001 1002 3061 visis
1024 3000 1185 3058 facile
1208 3008 1291 3058 est
1320 3017 1405 3070 ea,
1438 3002 1636 3077 quibus
1665 3002 1990 3071 innituntur,
2023 3000 2294 3060 refellere.

555 3091 710 3161 Quod
742 3091 888 3147 enim
914 3090 1089 3164 primo
1118 3090 1381 3149 inducunt
1411 3092 1479 3148 de
1516 3091 1861 3149 adolescente
1900 3091 1988 3149 cui
2017 3091 2282 3148 Dominus
2305 3088 2492 3148 consi-

484 3179 622 3239 lium
646 3179 1000 3254 perfectionis
1024 3179 1196 3249 dedit,
1229 3187 1289 3235 ut
1317 3189 1451 3254 puta
1472 3183 1588 3254 jam
1618 3180 1671 3237 in
1701 3181 1975 3238 mandatis
2003 3181 2324 3248 exercitato,
2358 3180 2490 3254 quia

485 3268 703 3326 dixerat
730 3286 746 3324 ε
772 3269 898 3325 Haec
921 3268 1102 3325 omnia
1128 3269 1337 3326 servavi
1354 3287 1390 3325 a
1410 3271 1626 3342 ¹immuta
1650 3287 1765 3325 mea
1781 3269 2162 3326 :manifestum
2182 3275 2267 3326 est
2290 3284 2491 3325 secun-

487 3359 616 3417 dum
640 3360 1034 3434 Hieronymum
1049 3359 1349 3416 efficaciam
1369 3376 1473 3416 non
1494 3359 1712 3416 habere.
1729 3360 1874 3416 Dicit
1893 3360 2039 3416 enim
2058 3375 2220 3434 super
2249 3358 2442 3416 Matth.
2469 3374 2485 3415 ε

490 3469 518 3504 α
545 3450 805 3506 Mentitur
830 3447 1168 3505 adolescens,
1200 3451 1255 3506 Si
1286 3451 1431 3505 enim
1476 3448 1622 3522 quod
1668 3448 1906 3522 positum
1949 3458 2033 3506 est
2071 3449 2127 3506 in
2167 3447 2440 3506 mandatis
2471 3465 2486 3504 ς

487 3535 691 3610 Βίὶὶρεε
706 3538 1022 3612 proximum
1050 3545 1203 3595 tuum
1229 3538 1365 3594 sicut
1390 3538 1629 3610 teipsum,
1644 3553 1815 3610 -opere
1844 3538 2191 3611 complesset,
2216 3535 2491 3611 quomodo

490 3635 684 3699 postea
708 3629 938 3686 audiens
971 3647 985 3685 ε
1011 3627 1154 3688 Vade
1177 3636 1225 3686 et
1248 3629 1412 3686 vende
1433 3626 1611 3684 omnia
1638 3644 1752 3700 quoe
1772 3628 1946 3695 habes,
1974 3635 2024 3685 et
2047 3627 2118 3683 da
2145 3625 2490 3700 pauperibus,

486 3716 668 3775 tristis
695 3719 963 3776 recessit?
984 3739 1011 3773 n
1040 3719 1105 3775 Et
1127 3721 1273 3778 sicut
1290 3707 1555 3790 Origenes
1578 3733 1742 3790 super
1767 3719 1959 3774 Matth.
1991 3723 2197 3784 narrat,
2229 3716 2492 3787 scriptum

484 3811 571 3863 est
598 3806 653 3862 in
787 3808 967 3880 ngelio
994 3809 1291 3866 secundum
1322 3806 1598 3872 HebraeoS,
1629 3806 1775 3880 quod
1803 3823 1929 3864 cum
1966 3806 2230 3862 Dominus
2266 3805 2496 3860 dixisset

485 3894 569 3954 eit
594 3893 709 3958 Vad
760 3901 811 3954 et
832 3894 997 3955 vende
1014 3895 1198 3954 omnia
1221 3909 1335 3970 quae
1354 3893 1530 3963 habes,
1541 3896 1669 3970 coepi
1674 3901 1696 3956 t
1718 3893 1862 3954 dives
1877 3895 2110 3969 scalpere
2129 3899 2296 3970 caput
2317 3908 2494 3963 suum,
