2784 4392
407 292 528 358 280
885 311 937 356 s.
981 307 1214 354 ‘mcum
1254 307 1582 358 AQUINA'HS
1625 305 1938 354 ornacum

409 411 655 484 debitum
694 423 1078 485 abstulerunt?
1103 424 1188 484 Ad
1215 437 1342 498 quae
1370 428 1555 481 tamen
1596 421 1941 482 restituenda
1976 419 2157 480 nullus
2198 419 2421 481 dubitat

409 529 504 574 eos
551 515 741 572 teneri.
789 502 1021 586 Quando
1071 512 1565 588 recompensabunt
1606 510 1686 570 eis
1731 526 1872 586 quos
1918 519 2327 585 oppresserunt,
2363 520 2421 572 et

409 605 610 678 injuste
637 603 1110 679 qualitercumque
1147 601 1454 661 laeserunt?
1477 601 1749 674 Adjicitur
1777 608 1963 658 autem
1991 601 2062 658 ad
2091 617 2280 659 eorum
2309 602 2422 658 im·-

413 693 813 767 poenitentiam,
841 693 988 767 quod
1013 692 1194 749 omnia
1222 691 1326 749 sibi
1355 690 1507 748 licita
1530 690 1848 747 existimant
1889 705 2017 764 quae
2042 688 2264 764 impune
2300 692 2418 748 sine

409 784 721 840 resistentia
745 783 925 839 facere
949 785 1262 854 potuerunt,
1293 779 1438 852 uude
1465 794 1573 836 non
1600 778 1777 837 solum
1806 779 2097 837 emendare
2128 797 2233 836 non
2264 789 2417 840 sata-

407 878 544 944 gunt
574 886 700 945 quae
748 869 888 926 male
925 869 1190 938 fecerunt,
1217 869 1315 926 sed
1350 883 1458 925 -sua
1500 865 1896 924 consuetudine
1943 883 2040 942 pro
2087 871 2417 927 auctoritate

410 966 646 1028 utentes,
675 959 938 1034 peccandi
977 957 1263 1016 audaciam
1308 957 1689 1014 transmittunt
1718 956 1787 1012 ad
1824 964 2091 1030 posterea,
2120 959 2284 1015 etsie
2311 975 2415 1015 non

410 1049 586 1106 solum
641 1063 864 1105 suorum
908 1048 1208 1105 facinorum
1253 1046 1398 1121 apud
1439 1045 1614 1102 Deum
1661 1044 1741 1102 rei
1796 1051 2070 1116 tenentur,
2098 1047 2196 1104 sed
2250 1048 2414 1104 eliam

411 1153 602 1194 eorum
653 1135 852 1210 quibus
903 1139 1044 1210 apud
1104 1137 1277 1193 Deum
1345 1135 1609 1209 peccandi
1662 1135 2003 1192 occasionem
2057 1136 2412 1210 reliquerunt.

411 1230 756 1299 Aggravatur
783 1225 952 1283 etiam
981 1241 1168 1282 eorum
1209 1233 1495 1298 peccatum
1522 1239 1591 1280 ex
1611 1281 1615 1285 ,
1635 1223 1903 1296 dignitate
1951 1226 2190 1298 suscepti
2228 1227 2411 1283 officii.

413 1315 565 1371 Sicut
595 1314 740 1371 enim
771 1319 1018 1370 terrenus
1052 1329 1149 1369 rex
1183 1313 1405 1385 gravius
1436 1312 1590 1385 punit
1620 1328 1749 1369 suos
1790 1313 2089 1380 ministrOS,
2122 1314 2167 1370 si
2208 1313 2415 1370 invenit

411 1417 507 1460 eos
535 1401 638 1459 sibi
664 1401 997 1471 contrarios;
1027 1401 1103 1458 ita
1133 1401 1278 1457 Deus
1306 1400 1483 1472 magis
1506 1401 1695 1474 puniet
1718 1414 1812 1457 eos
1840 1417 1979 1474 quos
2021 1401 2106 1457 sui
2136 1403 2417 1474 regiminis

414 1497 736 1551 executores
765 1500 820 1548 et
847 1490 1128 1548 ministros
1156 1489 1308 1560 facit,
1339 1490 1385 1546 si
1427 1489 1676 1563 nequiter
1706 1495 1890 1560 agant,
1919 1489 2018 1546 Dei
2056 1489 2325 1562 judicium
2363 1493 2414 1546 in

413 1579 836 1638 amaritudinem
869 1585 1268 1638 convertentes.
1296 1576 1453 1636 Unde
1482 1586 1539 1634 et
1573 1579 1629 1634 in
1668 1577 1805 1635 libro
1828 1579 2127 1651 Sapientiae
2163 1595 2241 1647 vi,
2270 1581 2323 1645 5,
2348 1581 2415 1636 ad

413 1685 572 1744 reges
600 1670 816 1745 iniquos
841 1669 1043 1727 dicitur
1075 1686 1089 1724 ε
1121 1667 1383 1736 Quoniam
1417 1683 1534 1724 cum
1575 1667 1755 1724 essetis
1790 1667 2031 1723 ministri
2064 1667 2219 1740 reyni
2246 1669 2414 1735 illius,

413 1775 522 1818 non
563 1766 701 1816 reete
743 1758 1023 1832 judicatis,
1064 1773 1226 1830 neque
1268 1756 1569 1814 custodistis
1606 1757 1767 1828 teyem
1800 1755 2031 1831 justitior
2071 1764 2289 1823 nostra»,
2326 1775 2417 1813 nec

412 1847 700 1904 recaredum
738 1849 1060 1904 voluntatem
1104 1845 1208 1902 Dei
1244 1845 1572 1912 ambulastis,
1606 1844 1878 1906 horrende.
1910 1851 1959 1901 et
1986 1845 2089 1902 cito
2138 1847 2417 1918 apparebit

415 1935 561 1992 vobis
583 1935 834 2008 quoniam
849 1933 1119 2006 judicium
1133 1933 1479 1991 durissimum
1510 1933 1563 1990 in
1594 1933 1675 1989 his
1698 1933 1791 2006 qui
1812 1940 2034 2007 possunt
2064 1933 2175 2004 fiet.
2200 1935 2419 2008 Exiyua

417 2023 557 2081 enim
591 2023 894 2080 conceditur
929 2021 1320 2088 misericordia,
1359 2029 1599 2096 potentes
1640 2029 1817 2079 autem
1867 2029 2110 2094 potenter
2156 2031 2420 2080 tormenta

411 2113 713 2186 patientur.
741 2113 810 2168 Et
831 2110 1332 2168 Nabuchodonosor
1377 2127 1475 2184 per
1516 2111 1621 2170 isa.
1650 2127 1772 2177 xiv,
1808 2114 1896 2180 ⁴5,
1934 2113 2137 2168 dicitur
2170 2131 2182 2168 ε
2210 2113 2300 2170 Ad
2329 2113 2419 2168 in-

415 2201 634 2274 fernum
659 2200 958 2258 detraheris
986 2201 1048 2258 in
1065 2199 1401 2276 prafundum
1431 2199 1555 2257 laci.
1587 2200 1692 2268 Qui
1734 2208 1781 2259 te
1806 2200 2065 2268 viderim,
2090 2201 2161 2258 ad
2184 2207 2235 2258 te
2256 2201 2421 2276 iat-cli-

325 2362 328 2365 ·
417 2282 716 2356 nubuntur,
746 2295 892 2363 teque
927 2287 1256 2362 prospicient
1309 2287 1465 2364 quasi
1507 2288 1825 2361 profundius
1862 2287 1916 2344 in
1954 2290 2131 2362 poenis
2166 2289 2422 2346 submer-

419 2392 562 2436 sum.
581 2377 639 2435 Si
669 2378 834 2450 igitur
871 2377 1092 2450 regibus
1128 2377 1409 2436 abundant
1436 2377 1757 2452 temporalia
1800 2375 1943 2434 bona
1971 2385 2027 2434 et
2074 2379 2416 2452 proveniunt,

418 2472 475 2524 et
501 2467 769 2524 excellens
793 2466 1147 2524 beatitudinis
1169 2467 1373 2538 gradus
1400 2473 1739 2540 praeparatur
1768 2481 1801 2522 a
1828 2467 1963 2533 Deo,
1995 2468 2211 2540 tyranni
2237 2477 2421 2525 autem

417 2572 452 2614 a
479 2555 867 2630 temporalibus
889 2555 1048 2613 bonis
1089 2571 1214 2632 quae
1239 2553 1467 2630 cupiunt
1490 2554 1808 2628 plerumque
1851 2553 2203 2626 frustrantur,
2237 2559 2421 2616 multis

419 2647 642 2718 insuper
665 2645 920 2719 periculis
947 2645 1312 2718 subjacenteS,
1341 2649 1399 2700 et
1430 2643 1578 2716 quod
1606 2650 1689 2702 est
1717 2643 1967 2719 ampliu&
1999 2643 2155 2702 bonis
2200 2649 2423 2704 aeternis

422 2733 706 2805 privantur
731 2735 798 2790 ad
823 2747 1012 2806 poenas
1037 2733 1390 2804 gravissimas
1413 2731 1699 2802 reservati,
1718 2734 2071 2791 vehementer
2092 2735 2422 2793 studendum

420 2827 505 2878 est
529 2823 613 2877 his
639 2821 735 2895 qui
764 2820 988 2893 regendi
1017 2820 1256 2878 officium
1282 2821 1608 2894 suscipiunt,
1642 2830 1702 2879 ut
1729 2838 1886 2896 reges
1910 2835 1969 2880 se
2006 2824 2239 2882 subditis
2274 2832 2423 2900 prae-

423 2909 609 2976 beant,
663 2923 767 2965 non
799 2917 1080 2981 tyrannos.

493 2998 574 3053 De
596 3011 724 3070 rege
765 3003 952 3054 autem
989 2995 1125 3070 quid
1146 2997 1242 3072 eit,
1267 3003 1326 3055 et
1367 2997 1514 3074 quod
1556 2999 1811 3073 expediat
1856 2999 2193 3059 multitudini
2239 3017 2425 3074 regem

423 3085 663 3144 habere:
694 3085 874 3144 adhuc
895 3091 1099 3155 autem,
1129 3085 1277 3161 quod
1299 3087 1521 3162 praesidi
1547 3089 1809 3162 expediat
1844 3104 1905 3152 se
1943 3106 2127 3164 regem
2168 3091 2424 3148 multitu-

423 3173 538 3234 dini
565 3174 822 3234 exbibere
843 3173 1127 3250 subjectae,
1159 3191 1268 3234 non
1290 3181 1605 3254 tyrannum,
1627 3183 1780 3234 tanta
1809 3192 1843 3236 a
1869 3177 2025 3236 nobis
2048 3177 2195 3236 dicta
2218 3179 2349 3236 sint.
2511 3224 2515 3230 .

1165 3352 1451 3424 cAPU'r
1524 3354 1677 3424 ΧΠ.
2306 3284 2506 3388 <s

430 3482 718 3554 Procedit
741 3485 825 3556 ad
853 3483 1272 3551 ostendendum
1298 3484 1461 3566 reaia
1487 3485 1764 3564 officium,
1794 3486 1901 3552 ubi
1919 3487 2243 3554 secundum
2268 3490 2429 3554 viam

507 3582 744 3643 natura
785 3575 1043 3640 ostendit
1087 3591 1280 3656 reqem
1323 3591 1445 3640 ease
1484 3575 1553 3638 in
1590 3591 1795 3667 roano,
1825 3577 1989 3642 sicut
2020 3578 2227 3644 anima
2252 3583 2339 3644 est
2362 3579 2431 3644 in

511 3683 776 3746 corpore,
803 3669 862 3731 et
885 3665 1052 3730 sicut
1073 3663 1244 3730 Deus
1265 3667 1354 3728 ert
1375 3663 1447 3728 in
1471 3663 1713 3728 mundo.
1776 3680 1785 3690 ·

501 3795 850 3870 Consequens
881 3803 1066 3854 autem
1093 3809 1160 3852 ex
1187 3794 1352 3852 dictis
1374 3799 1462 3878 eet
1483 3795 1830 3854 considerare
1864 3796 2013 3870 quod
2038 3795 2112 3856 sit
2140 3798 2285 3870 regis
2306 3796 2433 3856 offi-

428 3881 598 3950 cium,
627 3889 684 3938 et
711 3881 930 3954 qualem
957 3887 1208 3954 oporteat
1231 3897 1356 3973 esee
1383 3877 1593 3954 regem-,⁵
1610 3883 1758 3952 Quia
1786 3898 1917 3942 vero
1941 3899 2007 3943 ea
2036 3901 2161 3957 quae
2188 3894 2315 3944 eunt
2343 3899 2435 3946 se-
