2784 4392
547 269 680 330 432-
1025 284 1079 329 s.
1121 282 1354 327 mount·
1394 282 1723 333 Aoumurs
1763 280 2073 327 opuscuna
2146 272 2153 279 ’

551 418 648 474 per
683 400 1067 474 Apostolorum
1098 398 1544 473 praedicationem
1572 396 1801 455 fundata
1838 396 2063 471 pacifice
2091 396 2458 471 gubernatur,
2492 402 2569 459 ti-

549 489 725 547 tulum
750 486 819 547 de
847 488 956 546 fide
983 490 1288 562 praemittit.

617 579 724 636 Sed
745 578 1201 637 considerandum
1224 585 1325 645 est,
1357 575 1503 650 quod
1529 588 1653 634 cum
1679 576 1839 634 multi
1862 577 1973 633 sint
1998 578 2217 635 articuli
2240 578 2389 647 fidei,
2419 596 2564 654 quo-

548 684 669 725 rum
698 668 924 739 quidam
961 668 1214 725 videntur
1244 667 1519 739 pertinere
1562 665 1630 722 ad
1674 665 2039 734 divinitatem,
2073 667 2299 739 quidam
2326 684 2464 725 vero
2494 669 2566 726 ad

548 758 841 815 humanam
867 762 1140 825 naturam,
1159 748 1326 827 quam
1350 754 1517 810 Filius
1542 754 1675 809 Dei
1662 771 1717 810 in
1744 755 2012 810 unitatem
2032 770 2285 828 personae
2303 772 2565 832 assump-

547 848 639 914 sit,
672 846 781 903 alii
793 860 922 902 vero
953 846 1020 901 ad
1048 844 1355 901 divinitatis
1385 845 1672 911 effectum3
1711 843 2128 899 fundamentum
2162 850 2349 901 tamen
2391 848 2562 904 totius

550 934 676 991 fidei
703 942 789 991 est
817 936 935 1006 ipsa
961 933 1135 1004 prima
1161 933 1366 990 veritas
1397 931 1720 997 divinitatis,
1747 948 1871 988 cum
1898 934 2079 989 omnia
2110 932 2217 989 alia
2250 949 2317 990 ea
2344 937 2562 992 ratione

547 1024 930 1079 contineantur
957 1021 1060 1077 sub
1087 1022 1214 1091 fide,
1257 1022 1311 1077 in
1340 1027 1605 1093 quantum
1636 1020 1705 1076 ad
1738 1021 1913 1076 Deum
1940 1020 2250 1094 aliqualiter
2281 1025 2559 1080 reducun-

549 1118 660 1165 tur.
690 1111 844 1167 Unde
887 1110 1150 1168 Dominus
1190 1109 1475 1180 discipulis
1509 1108 1665 1176 dicit,
1707 1110 2074 1175 Joann.,x1v,
2108 1112 2196 1165 l.
2228 1110 2467 1169 Creditis
2500 1114 2559 1168 in

549 1198 742 1263 Deum,
767 1204 820 1255 et
841 1197 1003 1253 inme
1021 1196 1251 1272 creditu
1271 1212 1366 1268 per
1385 1196 1533 1269 quod
1554 1196 1715 1251 datur
1738 1195 1989 1267 intelligi
2017 1198 2207 1269 quod
2194 1214 2247 1253 in
2276 1200 2557 1257 Christum

547 1285 793 1344 creditur
836 1286 892 1341 in
933 1290 1200 1357 quantum
1243 1292 1327 1340 est
1367 1284 1533 1350 Deua,
1568 1289 1724 1355 quasi
1772 1284 1879 1340 fide
1914 1286 2291 1359 principaliter
2330 1288 2403 1345 de
2445 1290 2557 1345 Deo

547 1374 835 1431 existente.
871 1372 1018 1429 Inter
1043 1387 1109 1428 ea
1138 1386 1266 1427 vero
1293 1386 1421 1445 quae
1443 1370 1512 1427 de
1540 1372 1655 1427 Deo
1686 1371 1789 1428 fide
1822 1381 2087 1441 tenerum,
2121 1373 2225 1431 hoc
2249 1384 2335 1432 est
2362 1376 2556 1449 singu-

549 1462 662 1519 lare
693 1462 818 1519 fidei
847 1461 1178 1527 christianae,
1209 1466 1270 1516 ut
1293 1462 1620 1517 Trinitatem
1650 1476 2003 1532 personarum
2032 1463 2087 1517 in
2114 1464 2326 1520 unitate
2352 1465 2555 1523 divinae

548 1546 802 1609 essentiae
829 1552 1119 1608 fateamur.
1150 1550 1262 1607 Sub
1298 1549 1401 1605 hac
1436 1550 1580 1605 enim
1606 1549 1939 1622 professione
1975 1549 2191 1607 Christo
2216 1569 2312 1624 per
2340 1554 2554 1628 baptis-

547 1658 698 1698 mum
726 1656 912 1696 sumus
936 1639 1260 1709 consignati,
1291 1644 1350 1693 ut
1379 1644 1529 1711 patet
1550 1654 1645 1711 per
1668 1638 1721 1693 id
1753 1639 1896 1711 quod
1928 1654 2091 1711 supra
2119 1639 2401 1698 inductum
2426 1652 2549 1699 est:

549 1730 901 1803 Baptizantes
935 1744 1020 1783 eos
1053 1728 1116 1782 in
1148 1726 1358 1783 nomine
1383 1726 1571 1783 Patris
1608 1730 1661 1783 et
1700 1726 1837 1782 Filii
1860 1734 1910 1783 et
1938 1727 2175 1799 Spiritus
2202 1730 2394 1787 sancti.
2432 1732 2553 1788 Alia

547 1834 676 1876 vero
705 1832 830 1891 quae
856 1818 926 1871 de
967 1817 1080 1871 Deo
1119 1817 1432 1889 asserimus,
1474 1814 1629 1872 vobis
1664 1822 1721 1871 et
1748 1816 1871 1871 aliis
1906 1818 2215 1873 communia
2242 1834 2363 1874 esse
2401 1821 2552 1876 inve-

549 1906 794 1973 niuntur,
813 1910 978 1978 puta,
1006 1902 1153 1976 quod
1187 1904 1334 1959 Deus
1365 1911 1450 1959 est
1479 1919 1637 1969 unuS,
1665 1904 2025 1975 omnipotens,
2056 1911 2112 1960 et
2140 1906 2186 1961 si
2212 1923 2322 1978 qua
2350 1908 2457 1964 alia
2485 1909 2553 1963 de

551 1996 664 2051 Deo
695 1994 800 2050 fide
829 1998 1099 2057 tenentur,
1139 2006 1267 2064 quae
1301 1992 1469 2046 etiam
1494 1991 1669 2047 Judaei
1699 1997 1755 2047 et
1790 1992 2048 2049 Saraceni
2082 2007 2187 2048 non
2218 1994 2549 2068 diffitentur,

553 2082 694 2138 unde
737 2080 806 2137 ad
835 2079 1218 2135 insinuandum
1263 2080 1540 2151 proprium
1578 2087 1634 2135 et
1662 2079 1936 2150 singulare
1964 2081 2161 2152 dogma
2204 2083 2330 2139 fidei
2374 2086 2551 2143 chris-

550 2170 738 2236 tianae,
760 2182 862 2223 non
883 2166 1240 2239 praetitulavit
1265 2166 1390 2223 [idei
1409 2172 1703 2224 tractatum
1719 2168 1787 2223 de
1812 2168 1943 2234 Deo,
1963 2169 2059 2224 sed
2079 2169 2147 2225 de
2166 2172 2501 2232 «Trinitate.
2522 2196 2549 2228 n

552 2258 721 2315 Addit
737 2265 938 2323 autem,
957 2276 982 2309 α
999 2256 1240 2324 Summa,
1261 2274 1287 2307 n
1302 2256 1432 2329 quia
1448 2255 1632 2311 divina
1648 2255 1887 2312 Trinitas
1900 2272 2080 2313 arcem
2094 2260 2387 2331 quamdam
2404 2272 2551 2323 tenet

547 2346 694 2403 inter
739 2346 1000 2419 plurimas
1039 2346 1314 2401 trinitates
1341 2343 1412 2400 ab
1438 2359 1505 2400 ea
1534 2342 1831 2399 derivatas.
1858 2345 2152 2401 Derivatur
2188 2350 2331 2405 enim
2364 2351 2435 2409 ab
2462 2352 2549 2411 illa

551 2434 837 2503 Trinitate,
881 2434 1066 2491 divina
1117 2438 1368 2505 quaedam
1418 2430 1634 2489 trinitas
1679 2434 1730 2487 in
1777 2432 1959 2489 anima
1996 2443 2203 2504 nostra,
2254 2442 2588 2499 secundum

551 2541 713 2599 quam
733 2523 831 2581 ad·
817 2523 1109 2595 imaginem
1133 2522 1233 2577 Dei
1251 2536 1439 2577 sumus
1462 2520 1757 2577 secundum
1778 2523 2117 2590 memoriam,
2138 2525 2549 2601 intelligentiam

552 2623 609 2671 et
650 2612 1008 2671 voluntatem.
1051 2610 1378 2666 Derivantur
1405 2617 1463 2665 et
1492 2609 1561 2665 ab
1600 2610 1717 2681 ipsa
1763 2610 1887 2667 aliae
1917 2611 2193 2669 trinitates
2235 2617 2289 2671 in
2326 2619 2550 2691 singulis

549 2702 838 2768 creaturis,
868 2704 1030 2771 prout
1053 2698 1277 2754 modum
1300 2697 1611 2770 quemdam,
1636 2704 1693 2753 et
1718 2700 1956 2769 speciem
1980 2708 2037 2756 et
2062 2702 2305 2761 ordinem
2328 2706 2546 2775 habent,

553 2788 852 2843 secundum
881 2801 1006 2859 quae
1039 2786 1095 2841 in
1127 2785 1208 2841 eis
1235 2784 1437 2841 divinae
1466 2784 1750 2841 Trinitatis
1772 2788 1930 2859 quasi
1959 2790 2234 2862 quoddam
2265 2796 2549 2868 vestigium

553 2876 849 2941 invenitur,
885 2883 947 2929 ut
977 2872 1398 2943 Augustinus-in
1426 2872 1521 2929 lib.
1552 2874 1631 2930 De
1672 2874 1832 2955 Trin-
1858 2876 1941 2933 Ad
1978 2877 2367 2939 discretionem
2390 2885 2551 2956 igitur

553 2964 746 3019 harum
773 2962 1013 3018 omnium
1058 2960 1390 3018 Trinitatum
1430 2976 1559 3037 quae
1598 2978 1633 3020 a
1673 2963 1859 3021 divina
1894 2964 2253 3037 descendunt,
2303 2972 2505 3030 dicitur
2530 2991 2549 3030 ε

555 3073 582 3107 α
615 3054 696 3109 De
717 3066 931 3109 summa
961 3052 1256 3122 Trinitate;
1290 3070 1320 3105 n

620 3141 726 3199 Sed
769 3142 838 3197 de
868 3140 971 3197 hac
1005 3139 1276 3197 Trinitate
1311 3141 1498 3200 divina
1533 3140 1736 3197 diversi
1778 3140 2024 3200 bae‘retici
2061 3145 2277 3203 diversa
2311 3156 2553 3207 errantes

551 3233 826 3295 dixerunt,
873 3244 1106 3303 quorum
1151 3228 1419 3286 Sabellius
1455 3229 1681 3287 abstulit
1726 3246 2078 3303 personarum
2126 3234 2548 3306 distinctionem,

552 3322 758 3389 dicenS,
797 3319 976 3376 Patris
1017 3323 1074 3373 et
1100 3317 1221 3374 Filii
1251 3324 1306 3374 et
1330 3317 1566 3390 Spiritus
1608 3320 1784 3375 sancti
1818 3334 1938 3375 esse
1972 3336 2141 3379 unam
2168 3326 2467 3383 essentiam
2501 3338 2553 3385 et

552 3422 858 3483 personam,
902 3406 999 3462 sed
1037 3420 1133 3463 eos
1177 3405 1354 3463 solum
1395 3405 1613 3462 differre
1644 3408 1971 3465 nominibus.
2016 3411 2180 3467 Arius
2216 3428 2347 3470 vero
2376 3416 2553 3488 posuit

551 3498 718 3553 trium
745 3508 1106 3573 personarum*
1131 3508 1252 3549 esse
1277 3492 1525 3551 diversas
1556 3493 1893 3552 substantias
1921 3497 1976 3553 in
2004 3497 2275 3571 dignitate
2302 3510 2361 3558 et
2388 3503 2554 3561 dura-

551 3585 700 3641 tione
740 3583 1088 3653 differentes3
1120 3597 1246 3657 quae
1287 3584 1470 3640 omnia
1496 3590 1553 3639 et
1582 3584 1886 3641 consimilia
1916 3585 2053 3643 fides
2092 3589 2425 3647 condemnat
2458 3606 2555 3648 ca·-

554 3673 778 3728 tholica.
809 3670 951 3741 Quia
981 3671 1147 3741 igitur
1173 3670 1242 3727 de
1283 3685 1498 3729 summa
1524 3672 1794 3729 Trinitate
1832 3681 1890 3731 et
1918 3673 2041 3731 aliis
2082 3675 2149 3732 ad
2190 3676 2354 3734 fidem
2382 3679 2555 3753 perti-

555 3759 812 3816 nentibus
847 3760 936 3814 liic
979 3759 1196 3815 tradere
1242 3758 1499 3829 intendit,
1538 3761 1683 3833 quod
1728 3759 1865 3817 fides
1905 3763 2175 3823 catholica
2217 3772 2387 3835 tenet,
2434 3768 2557 3824 ideo

553 3842 776 3901 additur
801 3862 817 3901 ε
841 3865 868 3899 α
891 3846 960 3901 Et
982 3846 1089 3901 fide
1111 3844 1406 3903 catholica.
1434 3864 1465 3901 »
1489 3846 1704 3908 Dicitur
1716 3848 1901 3909 autem
1922 3849 2057 3909 fides
2078 3850 2341 3912 Ecclesiae
2362 3854 2560 3912 catho-

2716 8 2739 770 ¹
