2784 4392
453 191 534 254 80
930 207 981 250 S.
1027 205 1260 249 ‘rnoMAE
1300 205 1631 254 sommus
1670 203 1980 252 opuscum.

457 324 757 380 secundum
803 329 1138 396 praeceptum
1177 322 1425 396 Apostoli
1475 323 1542 378 ad
1586 323 1877 390 RomanOS,
1919 322 2111 379 ultimo
2152 323 2220 379 ⁴7
2260 339 2273 378 :
2316 321 2473 395 Royo

455 419 634 470 autem
657 429 765 481 vos,
796 412 1021 486 fratres,
1047 420 1110 469 nt
1140 411 1422 468 observetis
1450 428 1552 472 eos,
1584 413 1675 483 qui
1702 411 2048 466 dissensiones
2072 418 2123 467 et
2152 412 2471 484 offendicula

453 509 656 576 proeter
683 503 980 559 doctrinam
1005 519 1160 576 quam
1185 518 1272 556 vos
1308 500 1599 566 dedici-stis,
1618 501 1851 572 faciunt,
1879 507 1929 556 et
1952 499 2211 557 declinate
2240 501 2303 555 ab
2330 501 2470 556 iltis.

464 594 472 602 “
525 591 725 648 Dicunt
749 592 935 658 etiam,
971 591 1116 664 quod
1147 589 1386 661 religiosi
1424 590 1587 644 otiosi
1618 589 1830 657 vivunt,
1865 588 2007 658 unde
2052 589 2212 644 vitari
2240 589 2469 656 debent,

455 680 753 736 secundum
794 687 1128 752 praeceptum
1155 678 1400 750 Apostoli
1446 679 1492 732 11
1531 678 1600 733 ad
1639 676 1883 733 Thessal.
1918 693 2005 740 ιιι,
2043 681 2074 732 6
2112 677 2473 734 :Denuntia-

457 785 570 824 mus
604 776 778 825 autem
817 767 978 832 vobis,
1021 766 1246 838 fratres,
1279 766 1339 822 in
1381 766 1593 821 nomine
1622 764 1841 820 Domini
1876 766 2049 819 nostri
2094 766 2219 820 Jesu
2260 765 2473 822 Christi

372 883 377 887 ·
458 857 653 915 Glossa
676 877 688 912 :
727 879 750 910 α
778 859 877 912 Per
897 859 1082 912 Jesum
1109 856 1473 928 praecipimus,
1508 875 1531 906 >³
1554 863 1615 911 ut
1636 853 1897 910 subtratis
1922 871 2011 908 vos
2034 854 2096 908 ab
2123 856 2266 909 omn-i
2281 855 2470 926 fratre

458 946 757 1002 ambulante
780 945 1108 1000 inordinate.
1137 945 1331 1001 Glossa
1367 961 1378 998 :
1408 965 1431 995 α
1460 943 1513 998 id
1538 949 1623 1000 est
1649 959 1759 998 non
1790 935 2208 999 communicetis
2240 945 2337 1010 eis,
2369 947 2469 1018 qui

459 1033 738 1090 ambulant
779 1033 1105 1099 inordinate,
1145 1053 1170 1082 ι)
1197 1039 1244 1088 et
1275 1049 1380 1088 non
1426 1031 1708 1087 secundnm
1738 1031 2083 1088 traditionem
2122 1048 2279 1103 quam
2312 1050 2473 1088 acce-

458 1129 652 1194 perunt
681 1138 712 1176 a
737 1120 903 1186 nobis,
936 1127 990 1176 et
1015 1121 1292 1192 subjungit
1317 1121 1384 1175 de
1422 1121 1605 1176 labore
1634 1135 1891 1175 manuum
1918 1119 2107 1176 dicens
2136 1138 2147 1174 :
2184 1121 2293 1192 Ipsi
2322 1121 2502 1177 enim-

458 1210 600 1266 scitis
629 1207 1060 1281 quemadmodum
1080 1215 1318 1280 oporteat
1344 1207 1557 1264 imitari
1575 1225 1687 1274 nos,
1712 1215 1829 1274 etc.
1847 1209 1917 1262 Et
1941 1207 2081 1263 infra
2108 1212 2423 1280 expressius
2453 1228 2466 1265 :

455 1297 516 1353 Si
541 1297 662 1369 qais
703 1313 808 1352 non
836 1296 1094 1352 obedierit
1141 1295 1294 1350 verbo
1337 1304 1517 1352 nostro
1554 1313 1655 1367 per
1696 1296 1991 1368 epistotam,
2024 1297 2221 1352 scilicet
2250 1299 2311 1352 de
2339 1285 2471 1370 ope-

457 1387 628 1442 rando
669 1386 934 1452 manibus,
979 1387 1114 1441 hunc
1161 1391 1360 1450 notate,
1392 1393 1444 1441 et
1485 1401 1565 1440 ne.
1598 1385 2042 1441 commisceamini
2080 1401 2196 1442 cum
2244 1387 2352 1451 illo,
2402 1396 2471 1444 nt

458 1475 826 1548 confundatur
1758 1537 1762 1542 ,

528 1567 818 1639 Imponunt
853 1566 1021 1622 etiam
1051 1564 1338 1636 religiosiS,
1361 1565 1504 1637 quod
1536 1564 1637 1636 ipsi
1665 1571 1791 1620 sunt
1814 1570 2067 1620 auctores
2099 1563 2467 1636 periculorum

457 1655 514 1710 in
543 1655 854 1710 novissimis
878 1654 1068 1710 diebus
1087 1654 1413 1718 futurorum,
1434 1653 1577 1708 unde
1602 1661 1728 1707 sunt
1749 1652 1958 1708 vitandi
1989 1653 2289 1708 secundum
2320 1669 2469 1726 prae·

458 1749 677 1812 ceptum
705 1741 968 1812 Apostoli,
994 1743 1042 1796 11
1067 1743 1204 1797 Tim.
1237 1757 1304 1797 m
1338 1759 1350 1795 ι
1376 1739 1489 1796 Hoc
1514 1747 1689 1796 autem
1715 1741 1895 1798 scitote
1924 1740 2059 1813 qnod
2088 1741 2147 1796 in
2166 1743 2470 1798 novissimis

456 1827 639 1882 diebus
663 1829 934 1892 instabant
956 1837 1193 1900 tempora
1210 1819 1526 1900 periculosa,
1552 1836 1599 1884 et
1626 1818 1784 1884 erant
1804 1829 2036 1896 homines
2056 1847 2108 1885 se
2130 1833 2267 1902 ipsos
2284 1847 2468 1886 aman.fi

461 1923 557 1982 tes,
585 1915 786 1988 cupidi,
818 1915 964 1980 elati,
987 1924 1040 1970 et
1057 1915 1228 1971 infra:
1253 1905 1515 1972 Habentes
1540 1917 1747 1988 quidem
1772 1918 1989 1988 speciem
2011 1919 2251 1990 pietatis,
2274 1919 2327 1974 id
2356 1925 2463 1985 est,

462 2004 757 2074 religionis,
785 2005 1084 2059 secundum
1121 2005 1375 2060 Glossam
1404 2022 1417 2058 ι
1453 2005 1709 2061 virtutem
1750 2013 1933 2060 autem
1963 2008 2081 2078 ejus
2109 2007 2463 2078 abneganteS,

461 2101 517 2148 et
547 2092 644 2148 hos
671 2093 852 2148 devita
888 2109 900 2146 ι
933 2093 1026 2148 sed
1057 2092 1198 2149 sicut
1228 2093 1282 2148 in
1307 2093 1501 2150 eodem
1524 2094 1763 2166 capitulo
1793 2095 1997 2150 dicitur
2030 2113 2043 2151 z
2071 2095 2209 2153 Mati
2232 2096 2470 2152 homines

461 2186 512 2236 et
543 2180 838 2236 seductores
857 2179 1136 2252 proficient
1167 2181 1227 2237 in
1249 2182 1421 2254 pejits,
1453 2190 1715 2248 errantes,
1749 2189 1799 2238 et
1822 2182 1880 2238 in
1910 2199 2149 2240 errorem
2176 2184 2465 2255 mittentes.

531 2269 686 2326 Unde
728 2285 834 2325 non
889 2271 1127 2326 contenti
1170 2269 1549 2342 religiosorum
1597 2272 1840 2339 infamia,
1883 2273 2050 2328 etiam
2092 2272 2469 2344 Apostolicam

463 2361 848 2415 auctoritatem
872 2375 1139 2416 evacuare
1169 2369 1455 2425 conantur,
1491 2361 1753 2426 dicentes,
1778 2360 1923 2432 quod
1954 2376 2056 2416 nec
2093 2361 2259 2416 etiarn
2286 2365 2471 2432 Apos-

461 2449 628 2506 tolica
657 2447 984 2506 auctoritate
1013 2450 1133 2522 cogi
1164 2456 1408 2522 possunt,
1437 2457 1498 2505 ut
1540 2449 1611 2503 ad
1638 2464 1791 2502 suam
1828 2448 2150 2503 societatem
2184 2449 2473 2521 religiosos

463 2539 778 2604 admittant,
810 2540 940 2611 qula
976 2537 1437 2607 secundumjuris
1482 2535 1659 2591 civilis
1696 2535 1943 2590 ordinem
1969 2534 2151 2592 nullus
2190 2539 2256 2594 ad
2284 2539 2477 2594 socie-

464 2633 634 2682 tatem
660 2625 911 2696 compelli
943 2625 1122 2692 debet,
1156 2640 1278 2680 cum
1309 2622 1542 2679 societas
1560 2621 1843 2677 voluntate
1873 2622 2119 2677 firmetur
2152 2640 2164 2677 :
2198 2625 2341 2680 unde
2368 2642 2475 2683 nec

463 2713 564 2784 ipsi
610 2713 859 2784 compelli
902 2713 1126 2783 possunt
1165 2711 1346 2784 aliqua
1391 2710 1737 2778 auctoritate,
1782 2717 1842 2765 ut
1886 2709 2167 2782 religiosos
2210 2711 2266 2766 in
2307 2727 2474 2772 suam

465 2800 786 2856 societatem
811 2799 1124 2854 admittant.

399 2947 404 2951 ,
533 2887 690 2950 Item,
733 2887 1029 2959 apostolica
1058 2889 1358 2944 auctoritas
1379 2902 1489 2944 non
1524 2903 1581 2944 se
1615 2888 1877 2956 extendit,
1912 2887 2013 2945 nisi
2046 2887 2113 2945 ad
2144 2905 2210 2946 ea
2247 2903 2371 2963 quae
2396 2893 2475 2950 ad

463 2973 781 3032 cathedram
811 2979 1100 3048 pertinent.
1133 2977 1284 3034 Unde
1316 2976 1609 3051 Apostolus
1636 2978 1874 3045 dicebat,
1906 2979 1955 3034 11
1984 2978 2229 3035 Corinth.
2261 2995 2319 3045 x,
2350 2982 2417 3034 43
2452 3000 2467 3036 ε

463 3064 575 3124 Nos
598 3073 773 3121 antem
801 3066 985 3122 nonin
1017 3065 1322 3124 immensum
1347 3067 1721 3139 qloriabimur,
1746 3068 1835 3124 sed
1856 3067 2139 3125 secundum
2161 3083 2472 3126 mensuram

464 3156 660 3225 reynloe
691 3171 796 3227 qua
817 3172 1027 3224 mensus
1049 3163 1124 3212 est
1147 3157 1292 3212 nobis
1319 3158 1480 3213 Dens.
1506 3159 1582 3212 Ad
1609 3157 1923 3214 cathedram
1948 3165 2150 3222 autem,
2178 3167 2235 3212 ut
2254 3159 2466 3226 dicunt,

465 3261 570 3301 non
599 3245 833 3317 pertinet
857 3246 1196 3302 studentium
1220 3248 1474 3309 societas,
1495 3247 1587 3300 sed
1620 3245 1837 3306 collatio
1863 3245 2271 3308 beneficiorum,
2300 3246 2472 3300 admi·

466 3335 717 3391 nistratio
761 3343 1246 3398 sacramentorum,
1293 3342 1347 3390 et
1392 3335 1499 3389 alia
1526 3333 1853 3404 hujusmodi
1898 3335 2085 3389 :unde
2135 3333 2470 3390 anctoritate

465 3425 765 3496 apostolica
811 3425 930 3497 cogi
975 3441 1079 3481 non
1128 3432 1372 3498 possunt.
1419 3430 1478 3478 ut
1525 3424 1805 3500 religipsos
1836 3423 1901 3478 ad
1947 3438 2101 3478 suam
2145 3424 2469 3480 societatem

467 3513 783 3570 admittant.
826 3515 960 3570 Item
1002 3521 1243 3587 potestas
1283 3511 1549 3568 ministris
1578 3511 1836 3568 Ecclesiae
1878 3511 2076 3566 collata
2118 3518 2220 3575 est,
2267 3527 2368 3566 non
2410 3514 2469 3570 in
2534 3497 2547 3510 ”

468 3599 913 3666 destructionem,
946 3604 1040 3657 sed
1091 3605 1147 3658 in
1174 3602 1611 3665 aedificationem,
1656 3607 1714 3654 ut
1748 3601 1949 3654 dicitur
1992 3599 2037 3655 11
2062 3601 2317 3654 Corinth.
2361 3601 2464 3657 ult.

470 3685 625 3743 Unde
655 3704 776 3742 cum
823 3689 876 3745 in
925 3690 1350 3744 destructionem
1395 3689 1675 3744 ordinetur
1716 3689 1951 3744 societas
1996 3686 2371 3757 religiosorum
2413 3695 2473 3748 et

467 3773 833 3842 saecularium,
865 3785 927 3832 ut
963 3793 1031 3833 ex
1074 3778 1374 3852 praemissis
1414 3775 1701 3850 ostendere
1730 3786 2017 3845 conantur,
2057 3775 2308 3852 compelli
2362 3791 2469 3835 non
