2784 4392
551 292 683 338 xiv,
713 307 796 322 —
819 291 1061 338 comm
1098 293 1315 340 mene.
1361 293 1465 338 nm
1505 293 1679 340 cunr.
1723 293 1802 338 ιιι·
1840 293 2050 340 anuo.
2182 275 2309 339 239
2398 301 2404 308 v

288 405 587 480 distae'nquit
627 408 776 464 inter
809 409 1202 466 mercenarium
1243 415 1294 466 et
1333 409 1537 483 lupum.
1583 411 1699 466 Hoc
1746 414 1930 466 autem
1977 409 2124 483 quod
2175 409 2307 484 lupo

291 496 599 568 imponunt,
627 496 826 555 Glossa
873 499 1209 555 mercenario
1241 499 1521 566 attribuit,
1542 515 1667 573 quae
1709 499 1789 554 sic
1814 499 1951 554 dicit
1983 516 1997 552 t
2031 518 2057 552 ι(
2091 499 2304 562 Merce-

290 585 484 641 narius
505 591 607 652 est,
636 587 730 659 qui
757 588 956 660 quaerit
993 603 1120 660 quae
1147 604 1247 644 sua
1275 596 1421 655 sunt,
1455 603 1563 644 non
1589 603 1713 662 quae
1750 585 1969 656 Christi,
2000 589 2093 662 qui
2131 591 2303 646 servit
2338 647 2341 652 ,

296 674 429 740 Deo,
451 689 552 729 non
580 680 802 748 propter
826 676 1018 742 Deum,
1047 677 1141 732 sed
1165 692 1262 748 pro
1287 677 1471 750 aliqua
1496 678 1768 734 mercede.
1800 695 1827 728 n
1854 675 1935 732 nli
1962 692 2091 748 ergo
2117 678 2213 750 qui
2239 678 2297 734 in

294 761 399 817 hoc
441 769 652 818 tantum
693 763 992 826 offendunt,
1025 764 1170 837 quod
1219 763 1509 820 intendunt
1552 764 1875 837 temporalia
1918 765 2187 836 accipere,
2241 772 2297 821 et

296 866 394 921 pro
425 851 504 907 eis
533 850 852 924 praedicant,
887 852 1206 908 mercenarii
1234 858 1380 920 sunt,
1417 868 1521 910 non
1548 851 1679 924 lupi,
1709 853 1814 908 nisi
1841 853 1945 924 ipsi
1983 853 2070 908 vel
2098 868 2300 926 corpo-

296 936 485 994 raliter
534 945 776 996 mactent
821 955 919 1012 per
965 939 1286 1012 potentiam,
1331 941 1475 997 sicut
1524 941 1764 1014 tyranni,
1811 940 1897 998 vel
1944 940 2305 1014 spiritualiter

295 1027 580 1100 dissipent,
608 1028 752 1084 sicut
779 1027 1116 1104 diabolusgt
1137 1030 1254 1100 ejus
1283 1030 1518 1086 ministri
1545 1029 1809 1096 haeretici,
1841 1035 1901 1085 ut
1926 1047 2021 1102 per
2046 1029 2300 1086 Glossam

300 1115 504 1172 ibidem
523 1121 696 1189 patet.
725 1117 842 1172 Hoc
866 1117 1035 1173 etiam
1062 1124 1290 1189 apparet
1315 1135 1411 1190 per
1433 1118 1535 1174 hoc
1563 1119 1707 1192 quod
1726 1119 1882 1185 dicit,
1910 1123 2038 1177 Act.
2059 1134 2161 1186 xx,
2187 1122 2253 1176 29
2280 1135 2295 1172 z

295 1203 413 1260 Scio
431 1205 680 1275 quoniam
706 1204 991 1262 intrabunt
1017 1211 1134 1278 post
1155 1206 1515 1262 discessionem
1537 1223 1705 1262 meam
1730 1208 1845 1280 lupi
1868 1224 2086 1281 rapaces
2105 1208 2167 1262 in
2189 1224 2302 1264 vos·

297 1293 493 1348 Glossa
525 1311 539 1348 ε
573 1313 598 1346 <‹
633 1293 887 1350 Haeretici
917 1294 1102 1366 callidi
1132 1295 1184 1350 in
1215 1295 1427 1364 fraude,
1461 1295 1629 1352 fortes
1659 1296 1713 1350 in
1744 1297 2137 1372 disputatione,
2170 1311 2304 1352 cru·

298 1381 446 1435 ‹leles
470 1382 526 1436 in
541 1381 832 1439 occisione.
855 1402 881 1434 2>
899 1383 967 1439 Et
989 1399 1086 1455 per
1109 1383 1214 1440 hoc
1239 1385 1406 1441 etiam
1433 1385 1580 1457 quod
1606 1385 1835 1440 habetur
1855 1385 2047 1440 Matth.
2072 1401 2175 1450 vn,
2198 1388 2263 1439 ⁴5
2288 1403 2301 1439 ε

299 1469 626 1526 Intrmseous
673 1478 850 1527 autem
898 1479 1026 1528 sunt
1075 1472 1189 1544 lupi
1241 1489 1494 1544 rapaces,
1542 1472 1687 1545 quod
1736 1472 1931 1528 Glossa
1987 1473 2301 1544 specialiter

297 1559 519 1629 exponit
559 1559 628 1615 de
663 1558 957 1626 haereticiS,
993 1579 1018 1610 «
1072 1559 1167 1632 qui
1215 1567 1485 1614 venenato
1525 1561 1707 1615 animo
1752 1568 1806 1614 et
1855 1560 2155 1614 intentione
2200 1576 2303 1616 00-

297 1648 454 1702 ce'ndi
487 1646 596 1720 lupi
613 1663 838 1720 rapaces
865 1653 1009 1713 sunt,
1040 1647 1122 1702 vel
1151 1648 1410 1711 exterius,
1438 1647 1484 1702 si
1516 1647 1677 1700 detur
1693 1645 1868 1716 copia,
1902 1647 2301 1718 persequendO,

299 1735 382 1788 vel
409 1735 634 1791 interius
674 1735 1091 1806 corrumpendo,
1125 1743 1150 1786 n
1183 1734 1469 1804 Quomodo
1511 1735 1676 1790 etiam
1714 1732 1815 1789 hoc
1847 1733 1921 1788 sit
1947 1735 2299 1807 temerarium
2376 1809 2382 1815 .

291 1823 578 1894 judicium,
604 1823 854 1895 judicare
877 1822 945 1878 de
989 1821 1280 1895 aliquibuS,
1323 1822 1469 1895 quod
1508 1821 1748 1878 carnalia
1794 1821 2165 1894 principaliter
2213 1823 2298 1878 in-

300 1912 544 1978 tendant,
581 1913 833 1986 quamvis
879 1911 1186 1985 spiritualia
1225 1912 1557 1970 seminantes
1597 1911 1838 1968 carnalia
1881 1911 2171 1984 accipiant,
2224 1927 2293 1968 ex

298 2001 462 2056 dictis
502 2006 672 2073 patet.

369 2091 569 2144 Dicunt
595 2090 762 2144 etiam
792 2103 886 2144 eos
911 2104 1029 2144 esse
1057 2096 1405 2161 penetrantes
1434 2089 1624 2144 domos
1652 2103 1747 2160 per
1776 2087 1879 2144 hoc
1912 2088 2057 2161 quod
2086 2088 2305 2145 confes·

295 2178 478 2234 siones
497 2177 726 2233 audiunt
745 2177 861 2231 sine
892 2175 1112 2232 licentia
1131 2177 1500 2233 sacerdotum.
1523 2177 1612 2232 Sic
1632 2175 1775 2230 enim
1802 2185 2087 2248 penetrant
2112 2177 2305 2234 domos

295 2264 774 2328 conscientiarum,
803 2263 948 2334 quod
975 2263 1206 2335 probant
1229 2281 1324 2334 per
1352 2265 1647 2336 quamdam
1672 2265 2069 2338 expositionem
2092 2267 2305 2323 Glossae

296 2368 424 2425 quae
452 2351 682 2406 habetur
714 2351 762 2405 11
789 2352 929 2406 Tim.
971 2367 1058 2414 ιιι,
1090 2367 1253 2424 super
1281 2352 1412 2407 illud
1448 2370 1461 2406 ε
1502 2354 1594 2408 Em
1620 2353 1701 2408 his
1741 2361 1863 2408 sunt
1894 2354 1984 2424 qui
2015 2362 2303 2426 penetrant

295 2441 492 2505 domos,
524 2446 630 2494 etc.
676 2439 874 2495 Glossa
903 2456 916 2492 :
953 2459 978 2492 α
1009 2439 1306 2496 Penetrant
1332 2440 1528 2506 domos,
1559 2441 1609 2496 id
1638 2447 1723 2496 est
1758 2443 2024 2497 rimantur
2055 2443 2305 2515 proprie-

300 2535 468 2585 tatem
504 2529 788 2600 cujusque,
839 2534 1056 2600 etquos
1100 2527 1324 2584 idoneos
1353 2529 1656 2595 inveniunt,
1705 2530 1953 2600 captivos
1995 2531 2221 2585 ducunt.
2274 2549 2301 2582 »

299 2617 692 2689 Proprietatem
723 2623 908 2672 autem
935 2620 1200 2690 cujusque
1225 2619 1411 2674 rimari
1449 2633 1553 2672 non
1586 2626 1830 2690 possunt,
1870 2618 1973 2672 nisi
2002 2618 2303 2682 consessio-

300 2723 394 2762 nes
425 2705 696 2761 audirent.
741 2705 880 2775 Quia
921 2722 1050 2778 ergo
1087 2706 1214 2762 huic
1243 2707 1556 2764 auctoritati
1587 2707 1818 2763 multum
1859 2707 2183 2776 innituntur,
2212 2709 2303 2764 vi-

299 2794 526 2849 deamus
553 2792 886 2848 intellectum
915 2795 1050 2865 ejus,
1085 2795 1341 2850 Praedixit
1371 2795 1513 2849 enim
1541 2795 1831 2868 Apostolus
1858 2797 2004 2868 quod
2035 2797 2087 2851 in
2116 2797 2304 2854 novis-

297 2882 450 2936 simis
477 2880 669 2938 diebus
712 2881 992 2938 instabunt
1042 2890 1285 2954 tempora
1316 2883 1639 2955 periculosa,
1672 2891 1728 2939 et
1774 2890 1934 2940 erunt
1961 2885 2209 2948 homines
2242 2901 2302 2942 se

298 2970 444 3041 ipsos
472 2977 739 3038 amanteS,
774 2975 880 3025 etc.
907 2989 935 3023 α
961 2971 1253 3026 Novissimi
1284 2977 1468 3027 autem
1488 2973 1623 3038 dies,
1643 2980 1703 3028 ut
1730 2975 2065 3044 Augustinus
2090 2974 2224 3030 dicit
2248 2976 2301 3030 10

297 3057 456 3128 epist.
485 3057 554 3112 od
576 3057 912 3128 Hesychium,
931 3059 1258 3130 quandoque
1276 3061 1533 3114 dicuntur
1567 3061 1733 3115 etiam
1768 3062 1886 3133 ipsa
1919 3062 2302 3133 Apostolorum

299 3151 563 3216 tempora:
616 3165 640 3197 n
671 3147 826 3202 Unde
862 3146 993 3202 illud
1036 3147 1181 3218 quod
1211 3147 1413 3203 dicitur
1454 3147 1568 3203 Joel
1622 3162 1687 3212 11,
1720 3152 1786 3204 28
1836 3166 1848 3201 ε
1900 3149 1968 3203 In
2007 3140 2307 3206 novissimis

283 3233 474 3288 -diebus
519 3235 779 3304 effundam
837 3234 900 3290 de
941 3235 1140 3306 spiritu
1192 3251 1305 3290 meo
1358 3251 1517 3307 super
1556 3251 1784 3303 omnem,
1812 3251 2046 3291 carnem.
2110 3239 2303 3298 Petrus

295 3321 430 3376 dicit
448 3335 566 3374 esse
590 3322 918 3393 completum
942 3324 995 3377 in
1021 3323 1108 3378 die
1134 3325 1501 3386 Pentecostes,
1530 3327 1654 3379 Act.
1682 3339 1745 3378 ιι.
1770 3323 2107 3397 Quandoque
2127 3325 2295 3380 etiam

293 3408 622 3464 novissimus
648 3409 766 3464 dies
801 3411 1004 3466 dicitur
1032 3412 1272 3466 omnium
1304 3413 1544 3469 ultimus
1577 3414 1733 3468 ioan.
1781 3400 1858 3478 vr,
1892 3414 1959 3466 55
1999 3429 2013 3466 :
2056 3413 2173 3484 Eyo
2202 3429 2298 3476 re,-

291 3494 551 3553 suscitabo
577 3512 695 3551 eum
723 3496 784 3552 in
807 3498 1085 3554 novissimo
1109 3499 1215 3555 die.
1242 3501 1342 3554 Hic
1363 3509 1545 3555 autem
1572 3507 1808 3571 oportet,
1840 3507 1899 3555 nt
1926 3499 2302 3572 intelligantur

295 3583 573 3640 novissimi
618 3584 754 3651 (1105,
804 3585 898 3656 001
946 3591 1072 3640 sunt
1101 3585 1191 3640 illo
1219 3587 1515 3642 novissimo
1546 3588 1987 3660 propinquiores,
2040 3605 2104 3645 00
2154 3590 2300 3662 quod

295 3673 586 3746 Apostolus
629 3674 681 3727 in
735 3673 977 3728 futurum
1024 3673 1284 3747 loquitur.
1314 3674 1619 3740 Instabam,
1652 3676 1846 3749 inquit,
1876 3683 2115 3748 tempora
2145 3679 2299 3749 peri-

295 3761 470 3819 culosa
492 3768 539 3817 et
570 3768 750 3826 erunt,
798 3780 823 3812 »
857 3766 963 3818 etc.
994 3762 1138 3833 quod
1159 3761 1246 3840 ‚ad
1290 3761 1728 3834 illud-pertinere
1775 3764 1993 3820 videtur
2021 3764 2166 3836 quod
2194 3767 2297 3830 liae

300 3849 455 3903 betur
477 3851 668 3906 Matth.
692 3866 854 3919 xxiv,
875 3853 943 3908 ⁴2
973 3851 1116 3922 quod
1139 3849 1440 3923 resriqescet
1456 3851 1691 3908 charitas
1712 3851 2025 3924 multorum,
2046 3858 2098 3921 et
2120 3853 2297 3924 abun-‚-

2690 3168 2756 3226 iw

2661 3233 2759 3324 Ἠ.

2726 3389 2747 3416 ia
