2784 4392
817 228 927 277 xv.
959 243 1038 260 --
1065 227 1144 275 mr.
1187 227 1490 276 anamma.
1533 227 1868 276 mmmmm
2222 204 2342 279 2'57

329 349 506 407 moda
533 365 601 406 ex
641 347 904 420 regimine
948 355 1178 421 quaerat,
1208 363 1314 410 non
1361 354 1544 404 autem
1595 347 1796 404 bonum
1840 347 2207 406 multitudinis
2236 349 2340 408 sibi

331 439 624 512 subjectae,
651 437 774 494 talis
800 443 978 494 rector
1006 444 1271 510 tyrannus
1294 445 1539 504 vocatur,
1564 437 1779 492 nomine
1802 453 1833 494 a
1860 437 1941 493 for
1947 436 2177 494 titudine
2208 439 2344 494 deri·

335 535 489 595 vat0,
539 529 666 601 quia
709 527 919 583 scilicet
960 543 1028 599 pe
1001 544 1057 580 r
1097 527 1401 598 potentiam
1449 526 1727 599 opprimit,
1778 541 1881 582 non
1929 526 2026 600 'per
2066 529 2342 599 justitiam

336 616 621 688 opprimit,
646 631 750 670 non
777 614 1162 687 perjustitiam
1178 615 1354 684 regit:
1379 614 1523 669 unde
1549 623 1603 670 et
1630 614 1772 685 apud
1795 615 2067 686 antiquos
2093 622 2343 687 potentes
2439 646 2450 660 ·

337 707 547 776 quique
593 703 807 777 tyranni
849 703 1204 758 vocabantui.
1249 703 1303 758 Si
1338 718 1466 759 vero
1510 701 1772 774 injustum
1813 704 2052 773 regimen
2102 720 2205 758 non
2250 722 2343 776 per

341 809 513 849 unum
543 793 656 859 fiat,
689 793 785 849 sed
818 809 911 864 per
944 791 1142 863 plureS‚
1177 791 1446 864 siquidem
1477 808 1573 864 per
1604 809 1825 864 paucOS,
1854 792 2147 862 oli9archia
2177 809 2343 850 voca-

343 892 454 948 tur,
484 883 538 937 id
569 888 652 938 est
698 881 1035 952 principatus
1075 895 1393 952 paucorum,
1428 881 1648 952 quando
1688 880 1898 964 scilicet
1934 882 2091 953 pauci
2122 888 2344 954 propter

341 971 568 1027 divitias
599 971 916 1043 opprimunt
941 968 1171 1042 plebem,
1198 969 1313 1024 sola
1340 967 1653 1041 pluralitate
1685 959 1716 1025 a
1743 977 1975 1042 tyranno
2007 970 2341 1024 differentes

340 1060 400 1116 Si
455 1076 583 1116 vero
638 1059 886 1131 iniquum
939 1058 1181 1129 regimen
1229 1064 1549 1114 exerceatur
1594 1073 1686 1130 per
1734 1058 1962 1126 multOS,
2018 1058 2227 1114 demam
2228 1068 2305 1115 at
2300 1063 2345 1114 ‘a

342 1155 706 1220 nuncupatur,
744 1147 795 1202 id
822 1153 906 1202 est
917 1153 1243 1218 ¹potentatus
1273 1146 1701 1219 populi,quando
1728 1147 1937 1204 scilicet
1969 1148 2197 1220 populus
2227 1150 2347 1221 ple-

343 1238 588 1293 beiorum
621 1253 715 1310 per
747 1237 1044 1308 potentiam
1070 1227 1439 1298 multitudinis
1470 1236 1727 1308 opprimit
1753 1237 1975 1293 divites·
2003 1238 2093 1293 Sic
2124 1239 2267 1294 enim
2293 1249 2348 1294 et

342 1325 576 1399 populus
603 1331 750 1381 totus
779 1326 882 1380 erit
907 1326 1062 1398 quasi
1089 1341 1227 1379 unus
1256 1331 1539 1397 tyrannus.
1565 1325 1825 1406 Similiter
1848 1335 2033 1381 autem
2058 1333 2113 1381 et
2136 1328 2345 1397 justum

344 1414 588 1484 regimen
603 1415 860 1484 distingui
880 1422 1112 1485 oportet.
1128 1415 1181 1470 Si
1207 1415 1350 1468 enim
1373 1414 1787 1469 administretur
1804 1431 1897 1486 per
1914 1413 2156 1486 aliquam
2171 1417 2350 1471 multi-

352 1502 617 1567 tudinem,
646 1517 916 1555 commum
952 1501 1166 1554 nomine
1190 1502 1382 1571 politia
1413 1507 1657 1568 vocatur,
1691 1507 1891 1572 utpote
1904 1517 2027 1555 cum
2058 1502 2349 1558 multitudo

348 1589 672 1645 bellatorum
703 1590 757 1642 in
793 1589 1014 1643 civitate
1043 1588 1126 1641 vel
1157 1589 1437 1658 provincia
1468 1587 1799 1642 dominatur.
1832 1589 1884 1642 Si
1922 1604 2053 1642 vero
2084 1589 2351 1646 adminis-

350 1685 525 1734 tretur
553 1693 649 1746 per
675 1691 878 1747 paucos
908 1675 1178 1730 virtuosos
1207 1682 1415 1738 autem,
1446 1675 1754 1745 hujusmodi
1781 1675 2020 1744 regimen
2050 1677 2351 1734 aristocra-

350 1772 430 1826 tia'
463 1773 708 1832 vocatur,
741 1766 792 1819 id
826 1773 908 1819 est
940 1771 1252 1837 potentatus
1282 1764 1537 1835 optimus,
1569 1762 1654 1817 vel
1682 1766 2030 1835 optimorum,
2060 1767 2151 1838 qui
2182 1785 2381 1842 prop--

351 1867 500 1915 terea
527 1857 822 1928 optimates
849 1853 1124 1908 dicuntur.
1145 1854 1198 1909 Si
1218 1868 1346 1908 vero
1355 1854 1567 1923 justum
1595 1852 1834 1924 regimen
1862 1853 1927 1908 ad
1959 1870 2124 1910 unum
2142 1863 2351 1913 tantum

352 1945 639 2020 pertineat,
673 1944 762 1998 ille
810 1943 1024 2015 proprie
1055 1959 1150 1997 rex
1200 1948 1473 1996 vocatur:
1522 1941 1665 1996 unde
1712 1942 1975 1998 Dominus
2020 1961 2113 2015 per
2152 1945 2345 2002 Ezech.

355 2039 492 2108 (cap.
521 2049 752 2097 xxxvu,
787 2033 871 2101 24)
905 2032 1036 2086 dicit
1066 2049 1077 2084 ε
1112 2031 1302 2086 Servus
1332 2046 1477 2086 meus
1500 2030 1679 2085 David
1702 2047 1802 2086 rex
1823 2048 1983 2104 super
2024 2049 2197 2090 omnes
2221 2037 2349 2101 erit,

350 2130 400 2178 et
425 2131 613 2195 pastor
642 2137 780 2176 untes
823 2119 928 2174 erit
957 2118 1194 2174 omnium
1237 2135 1437 2174 eorum.
1470 2120 1547 2173 Ex
1585 2134 1693 2190 quo
1733 2121 2018 2177 manifeste
2046 2123 2351 2180 ostenditur
2410 2183 2417 2192 ,

354 2212 496 2286 quod
517 2211 593 2264 fle
638 2209 849 2263 ratione
890 2207 1037 2276 regis
1067 2214 1149 2260 est
1179 2207 1323 2278 quod
1354 2208 1427 2261 sit
1451 2222 1591 2278 unus
1633 2209 1725 2279 qui
1772 2210 1976 2279 praesit,
2008 2217 2064 2265 et
2107 2214 2249 2283 quod
2280 2215 2353 2268 sit
2414 2203 2421 2208 ’

355 2306 538 2372 pastor
564 2311 850 2352 commune
893 2293 1262 2348 multitudinis
1304 2293 1529 2360 bonum,
1572 2302 1628 2350 et
1673 2311 1778 2350 non
1824 2313 1983 2352 suum
2007 2303 2351 2356 commodum

355 2402 627 2462 quaerens.
654 2386 786 2441 Cum
811 2391 994 2438 autem
1019 2382 1221 2436 homini
1245 2389 1523 2453 competat
1541 2382 1593 2436 in
1620 2383 1968 2440 multitudine
1994 2389 2199 2454 vivere,
2226 2391 2354 2460 quia

355 2479 455 2533 sibi
488 2492 592 2532 non
617 2473 816 2530 sufficit
855 2471 923 2527 ad
969 2471 1274 2526 necessaria
1307 2471 1454 2533 vitae,
1488 2472 1533 2525 si
1562 2470 1839 2527 solitarius
1868 2482 2104 2540 maneat,
2138 2487 2355 2549 oportet

357 2565 499 2638 quod
529 2569 679 2620 tanto
709 2563 780 2618 sit
824 2560 1115 2628 perfectior
1163 2558 1486 2615 multudinis
1525 2560 1778 2625 societaS‚
1812 2570 2017 2634 quanto
2056 2566 2231 2636 magis
2260 2584 2355 2638 per

358 2671 416 2710 se
444 2653 715 2708 sufficiens
758 2652 862 2707 erit
910 2650 977 2705 ad
1025 2649 1330 2705 necessaria
1376 2649 1526 2704 vitae.
1570 2648 1812 2705 Habetur
1857 2651 2128 2736 siquidem
2172 2654 2354 2728 aliqua

359 2743 488 2797 vitae
514 2739 858 2806 sufficientia,
900 2739 953 2793 in
1003 2754 1108 2793 una
1153 2736 1360 2793 familia
1389 2737 1583 2793 domus
1630 2738 1807 2801 unius,
1850 2745 2117 2811 quantum
2146 2743 2357 2802 scilicet

361 2831 429 2888 ad
459 2827 734 2894 naturales
779 2834 935 2882 actus
963 2825 1294 2892 nutritionis,
1341 2833 1395 2882 et
1427 2826 1595 2898 prolis
1635 2829 1979 2898 generandae,
2022 2839 2078 2887 et
2126 2821 2355 2889 aliorum

359 2915 702 2988 hujusmodi;
734 2915 791 2967 in
819 2929 925 2968 uno
968 2921 1150 2969 autem
1181 2914 1321 2981 dicu,
1352 2925 1615 2986 quantum
1643 2916 1712 2972 ad
1739 2933 1803 2973 ea
1832 2934 1955 2990 quae
1981 2920 2049 2974 ad
2077 2938 2244 2976 unum
2264 2939 2359 2978 ar-

364 3005 587 3062 tificium
616 2999 888 3074 pertinent
907 3018 920 3067 3
939 3000 994 3054 in
1022 3002 1247 3056 civitate
1273 3016 1422 3068 vero,
1452 3019 1576 3074 quae
1598 3013 1681 3058 est
1708 3004 1947 3074 perfecta
1973 3011 2353 3076 communitaS,

363 3100 629 3166 quantum
657 3088 726 3147 ad
750 3087 929 3144 omnia
961 3088 1265 3154 necessaria
1293 3089 1422 3144 vitae
1443 3106 1456 3156 ;
1480 3090 1574 3144 sed
1599 3089 1778 3145 adhuc
1800 3095 1975 3162 magis
2001 3095 2053 3147 in
2081 3097 2358 3164 provincia

363 3198 469 3238 una
497 3188 718 3254 propter
746 3177 1130 3233 necessitatem
1158 3177 1634 3246 compugnationis
1662 3184 1718 3231 et
1748 3180 1921 3233 mutui
1950 3181 2137 3235 auxilii
2168 3195 2359 3239 contra

363 3270 575 3337 hostes;
602 3267 744 3323 unde
767 3265 860 3339 qui
888 3263 1184 3335 perfectam
1213 3262 1664 3320 communitatem
1694 3267 1853 3338 regit,
1888 3268 1942 3322 id
1973 3275 2056 3324 est
2079 3269 2360 3325 civitatem

362 3355 446 3414 vel
477 3355 830 3427 provinciam,
875 3349 1306 3408 antonomastice
1349 3367 1446 3406 rex
1478 3358 1741 3420 vocatur3
1775 3353 1869 3425 qui
1910 3361 2094 3410 autem
2137 3357 2360 3412 domum

363 3446 524 3515 regit,
569 3456 674 3497 non
719 3457 830 3507 rex,
861 3441 956 3496 sed
989 3439 1380 3513 paterfamilias
1407 3439 1629 3496 dicitur.
1669 3441 1847 3497 Habet
1893 3448 2073 3498 tamen
2121 3443 2362 3517 aliquam

361 3531 775 3589 similitudinem
822 3528 982 3599 regiS,
1017 3534 1238 3602 propter
1283 3542 1451 3598 quam
1494 3527 1787 3601 aliquando
1830 3545 2008 3602 regeS,
2038 3531 2361 3605 populorum

363 3628 547 3696 patres
569 3623 857 3675 vocantur.

432 3710 514 3766 Ex
549 3708 713 3765 dictis
757 3707 922 3780 igitur
965 3711 1119 3780 patet
1171 3702 1318 3777 quod
1356 3719 1450 3760 rex
1494 3710 1576 3761 est
1620 3705 1714 3778 qui
1759 3707 1917 3764 unlus
1960 3703 2364 3769 multitudinem
2453 3691 2458 3695 ⁵

362 3799 605 3860 civitatis
657 3796 742 3858 vel
802 3794 1114 3870 provinciae,
1170 3800 1226 3852 et
1287 3801 1506 3869 propter
1560 3794 1761 3854 bonum
1812 3812 2099 3858 commune
2152 3803 2294 3874 regit
2346 3820 2361 3880 ς

501 3879 505 3883 Δ
853 3913 907 3967 S.
930 3893 1195 3967 Tuomao·
1232 3911 1497 3964 Oruscuu.
1528 3934 1572 3952 -
1619 3912 1695 3963 ΙΙΙ.
1726 3936 1783 3953 -
1810 3912 1866 3964 17
