2784 4392
639 327 772 376 xiv.
798 343 884 360 -
913 325 1154 375 com-nn
1192 327 1411 376 meuc.
1454 327 1561 376 nm
1600 325 1773 376 cunr.
1819 323 1897 375 ιιι·
1922 323 2141 376 'annm
2278 307 2394 374 167

383 441 624 516 cepisset
656 455 670 499 ε
697 441 854 522 cujus
882 445 1194 504 sanctitatis
1218 445 1485 507 indicium
1509 443 1613 506 fuit
1640 461 1749 507 vox
1774 445 1991 505 coelitus
2021 445 2263 520 delapsa,
2292 459 2397 503 au—

381 531 662 591 dientibus
689 533 835 608 Papa
871 540 928 592 et
955 535 1374 610 imperatoribus
1402 537 1643 595 Honorio
1667 545 1723 595 et
1745 535 2003 610 Arcadio,
2046 543 2102 594 et
2141 534 2397 592 universo

383 622 588 698 populo
614 621 859 682 Romano
898 623 954 681 in
987 623 1231 683 Ecclesia
1269 624 1419 685 beati
1458 627 1603 684 Petri
1628 625 2009 696 existentibus»,
2041 629 2167 699 quae
2196 621 2398 681 testata

383 719 468 769 est
491 711 700 769 meritis
719 714 836 787 ejus
859 703 1091 773 Romam
1119 721 1285 773 stare.
1309 714 1492 774 Multis
1510 715 1680 773 etiam
1709 713 1987 773 miraculis
2016 722 2146 790 post
2165 717 2397 787 mortem

383 791 602 870 claruit,
632 801 775 860 unde
799 809 855 860 et
875 804 1228 872 canonizatus
1253 809 1366 875 est,
1383 807 1440 862 et
1462 803 1665 864 festum
1684 805 1802 880 ejus
1827 821 1859 864 a
1881 805 2129 863 Romana
2151 799 2401 898 Ecclesia

384 889 700 950 solemniter
728 889 1084 952 celebratum.

451 979 614 1038 Item.
655 977 1022 1056 Hieronymus
1067 978 1139 1039 ad
1168 977 1490 1040 Oceanum
1475 999 1531 1040 m
1584 979 2113 1040 commendationem
2156 977 2397 1042 Fabiolae

385 1065 539 1140 dicit,
567 1067 714 1144 quod
738 1091 767 1124 α
792 1070 1016 1144 optabat
1041 1069 1157 1128 suis
1175 1067 1386 1129 divitiis
1411 1070 1618 1146 pariter
1646 1071 1833 1130 effusis
1858 1087 1959 1150 pro
1986 1069 2201 1128 Christo
2217 1069 2397 1142 stipes

385 1161 682 1234 accipere·
726 1181 754 1214 »
791 1162 848 1218 in
876 1161 980 1220 hoc
1009 1166 1194 1220 autem
1222 1178 1330 1222 nou
1358 1168 1507 1221 esset
1533 1157 1985 1232 commendanda,
2028 1159 2074 1217 si
2106 1165 2394 1236 peccatum

383 1257 530 1306 esset
552 1249 886 1308 mendicare.

454 1337 608 1396 Item.
639 1337 777 1397 Illud
803 1339 950 1415 quod
979 1349 1062 1399 est
1090 1335 1394 1399 illicitum
1379 1357 1437 1398 ιιι
1464 1329 1731 1413 Ecclesia',
1766 1357 1873 1406 non
1902 1335 2205 1415 injungitur
2232 1311 2395 1396 alicui

385 1424 440 1482 in
470 1425 848 1501 poenitentiam
891 1445 908 1487 ι
950 1427 1048 1487 sed
1087 1446 1187 1504 pro
1225 1425 1569 1502 gravioribus
1616 1431 1859 1503 peccatis
1900 1427 2069 1487 alicui'
2093 1426 2398 1502 injungitur

385 1515 538 1590 quod-
561 1525 715 1574 extra
763 1525 966 1574 terram
999 1531 1154 1575 suam
1183 1517 1302 1573 sine
1330 1517 1581 1590 expensis
1604 1517 1967 1576 mendicando
1997 1517 2395 1590 peregrinetur.

383 1603 526 1677 Ergo
569 1603 881 1662 mendicare
933 1621 1045 1661 non
1093 1610 1180 1662 est
1219 1605 1490 1674 illicitum,
1532 1605 1631 1661 sed
1674 1611 1854 1679 potest
1900 1619 2019 1664 esse
2056 1604 2398 1680 poenitentiae

382 1709 541 1766 opuS,
570 1697 626 1749 et
655 1689 732 1749 ita
756 1709 1034 1751 assumere
1053 1691 1513 1752 mendicationem
1540 1700 1763 1766 propter
1782 1691 2059 1750 Christum
2082 1693 2151 1750 ad
2176 1691 2396 1765 perfec-

385 1783 593 1839 tionem
613 1782 744 1840 vitae
761 1783 1023 1856 pertinet,
1049 1781 1196 1840 sicut
1215 1789 1272 1840 et
1295 1790 1496 1842 caetera
1516 1781 1858 1856 poenitentiae
1890 1799 2076 1856 opera,
2110 1780 2165 1838 in
2199 1776 2398 1856 quibus

383 1869 676 1944 religiones
703 1870 1019 1930 fundantur.
1057 1870 1214 1943 Item,
1251 1873 1399 1928 sicut
1436 1887 1503 1930 ea
1542 1871 1742 1946 quibus
1771 1880 2082 1930 maceratur
2110 1885 2309 1944 corpus
2331 1876 2395 1928 ut

379 1961 668 2034 jejunium,
715 1959 938 2034 vigiliae,
984 1968 1039 2018 et
1079 1959 1412 2034 hujusmodi,
1455 1963 1637 2018 volent
1675 1971 1869 2020 contra
1897 1951 2400 2048 concupiscentiam

387 2051 587 2120 carnis,
629 2051 713 2108 ita
754 2066 821 2108 ea
863 2067 987 2124 quae
1025 2050 1119 2108 ad·
1143 2051 1581 2110 humiliationem
1624 2050 1861 2109 hominis
1888 2043 2181 2125 pertinent,
2213 2041 2399 2106 valent

387 2147 578 2196 contra
617 2137 932 2214 superbiam
973 2133 1218 2212 spiritus,
1264 2152 1390 2214 quae
1432 2152 1541 2196 non
1570 2135 1749 2198 minus
1794 2147 1878 2198 est
1906 2135 2182 2212 fugienda,
2230 2153 2401 2212 qua-m

387 2225 829 2300 concupiscentia
855 2226 1058 2296 carnis,
1085 2243 1212 2283 cum
1249 2225 1417 2284 etiam
1446 2233 1673 2302 peccata
1702 2224 2009 2302 spiritualia
2038 2227 2151 2286 sint
2176 2215 2398 2300 majoris

388 2313 582 2389 culpae,
611 2324 672 2372 ut
700 2313 1001 2388 Gregorius
1024 2315 1158 2373 dicit
1179 2331 1194 2386 3
1225 2313 1319 2373 sed
1345 2313 1479 2373 nihil
1508 2321 1690 2390 potest
1715 2333 1833 2374 esse
1860 2313 2003 2374 inter
2028 2333 2193 2392 opera
2217 2315 2401 2388 poenie

389 2402 596 2474 tentiae,
629 2403 776 2478 quod
805 2403 1081 2461 hominem
1111 2403 1285 2476 magis
1313 2401 1574 2462 humilem
1600 2413 1656 2462 et
1683 2403 1959 2478 abjectum
1986 2404 2204 2474 reddat,
2231 2392 2399 2477 quam

389 2493 738 2561 mendicatio,
779 2491 925 2552 unde
965 2493 1288 2552 naturaliter
1335 2484 1513 2550 omnis
1555 2490 1717 2551 homo
1746 2494 2060 2550 mendicare
2100 2489 2395 2548 erubescit.

388 2583 530 2676 Ergo
568 2583 712 2640 sicut
737 2577 812 2640 ad
845 2588 1052 2640 statum
1082 2572 1435 2657 perfectionis
1458 2577 1717 2657 pertinet,
1750 2579 1898 2658 quod
1936 2579 2101 2639 homo
2122 2577 2396 2654 Jejunium

389 2676 445 2729 t
468 2671 683 2744 viclinas
709 2679 970 2741 assumat,
1008 2677 1066 2731 ut
1093 2670 1276 2730 carnis
1303 2665 1802 2746 concupiscentiam
1828 2671 2031 2740 domet,
2065 2667 2143 2728 ita
2171 2667 2241 2727 ad
2268 2683 2398 2742 per-

389 2761 678 2818 rectionem
705 2761 832 2820 vitae
857 2763 1112 2836 pertinet,
1135 2764 1182 2818 si
1209 2763 1408 2837 aliquis
1430 2761 1887 2848 mendicationem
1907 2751 2151 2820 assumat
2172 2752 2400 2836 propter

388 2845 684 2916 Christum,
709 2859 773 2906 ut
796 2847 1050 2924 spiritum
1075 2843 1344 2908 humiliet.
2266 2893 2273 2902 -

461 2935 619 2994 Item.
647 2935 898 2996 Charitas
925 2937 1126 2996 Christi
1157 2937 1435 2996 liberalior
1458 2940 1546 2996 est
1573 2953 1739 3014 quam
1764 2935 2015 2996 amicitia
2041 2932 2268 3008 saeculi3
2302 2893 2397 2994 sed

387 3025 518 3083 licet
543 3042 611 3083 ex
637 3023 879 3103 amicitia
903 3025 1089 3084 saeculi
1121 3025 1328 3102 aliquid
1349 3036 1537 3100 petere
1564 3023 1635 3086 ab
1657 3025 1837 3084 amico
1860 3043 1963 3085 suo
1988 3044 2099 3102 quo
2128 3025 2395 3098 indigeat,

387 3121 444 3171 et
487 3113 766 3188 praecipue
807 3115 857 3173 si
901 3112 953 3173 ei
995 3117 1049 3172 in
1093 3113 1280 3190 aliquo
1328 3132 1746 3189 recompensare
1788 3123 1991 3190 potest,
2036 3130 2139 3172 nec
2190 3114 2395 3182 differt,

385 3211 573 3262 utrum
623 3203 1056 3277 recompensatio
1103 3205 1200 3262 flat
1237 3201 1306 3262 de
1343 3203 1537 3266 eodem
1581 3204 1669 3264 vel
1712 3203 1780 3262 de
1822 3203 1950 3273 alio,
1996 3212 2058 3262 ut
2090 3195 2304 3260 'dicitur
2340 3203 2398 3260 in

386 3291 452 3362 V,
486 3289 667 3352 Echio.
713 3293 854 3366 Ergo
901 3291 1070 3351 multo
1115 3289 1312 3352 fortius
1355 3291 1485 3352 iicet
1527 3291 1711 3364 alicui,
1743 3293 2000 3367 quamvis
2038 3291 2114 3349 sit
2152 3289 2392 3352 validus.

384 3368 541 3454 Quod
568 3387 718 3457 petat
748 3381 840 3440 illa
865 3382 1063 3458 quibus
1087 3378 1296 3457 indiget
1308 3393 1550 3458 propter
1574 3383 1902 3442 charitatem
1938 3376 2140 3440 Christi
2165 3385 2221 3437 et
2246 3395 2396 3454 prae-

383 3475 544 3546 cipue
571 3487 697 3529 cum
726 3473 900 3545 possit
936 3489 1355 3547 recompensare
1384 3475 1657 3554 recipiens
1685 3472 1877 3531 danti
1864 3489 1922 3528 ιιι
1960 3457 2301 3528 orationibus
2337 3475 2393 3526 et

381 3561 507 3621 aliis
547 3559 927 3636 spiritualibus
967 3561 1144 3618 bonis.
1171 3560 1329 3619 Item.
1361 3563 1515 3619 Licet
1560 3571 1753 3635 petere
1780 3549 1852 3620 ab
1892 3560 2078 3635 aliquo
2125 3549 2279 3627 illud,
2326 3574 2396 3620 ex

382 3653 540 3725 cujus
568 3648 792 3710 datione
824 3651 883 3709 fit
908 3649 1090 3707 dantis
1119 3649 1359 3706 conditio
1389 3647 1601 3717 melior,
1635 3650 1731 3708 sed
1756 3666 1824 3706 ex
1846 3649 1971 3719 hoc,
2002 3646 2218 3705 scilicet
2246 3645 2395 3722 quod

382 3741 584 3824 aliquis
619 3742 716 3800 dat
761 3741 1182 3813 eleemosynam,
1217 3738 1278 3794 fit
1323 3741 1443 3812 ejus
1472 3739 1717 3796 conditio
1758 3738 1970 3808 melior,
1995 3737 2125 3814 quia
2150 3754 2247 3811 per
2288 3731 2399 3796 hoc

379 3847 496 3902 mei
501 3837 626 3890 etur
673 3829 848 3892 vitam
897 3839 1186 3890 aeternam.
1225 3827 1392 3904 Ergo
1420 3845 1533 3890 non
1576 3836 1666 3890 est
1712 3827 1969 3890 illicitum
2014 3827 2401 3919 eleemosynas

383 3927 596 3998 petere.
