2784 4392
510 285 630 349 230
987 303 1039 350 s.
1085 303 1318 350 THOMAE
1358 302 1689 356 Aommrrs
1727 301 2039 351 croscum

504 419 706 479 Moral.
739 428 946 490 narrat,
979 423 1125 495 quod
1164 422 1221 478 in
1262 427 1479 478 terreno
1520 421 1726 494 palatia
1769 419 2092 487 excubabat,
2125 417 2217 474 ubi
2256 417 2419 474 multi
2450 432 2523 473 ex

505 511 838 566 monasterio
867 509 1065 567 fratres
1087 527 1346 582 germana
1370 510 1639 567 charitate
1667 509 1945 581 conjuncti
1986 508 2161 564 secuti
2190 513 2320 564 sunt
2362 522 2519 561 eum.

506 599 627 654 Non
675 604 760 656 est
807 613 936 670 ergo
978 598 1228 655 illicitum
1281 599 1412 654 viris
1449 598 1725 671 perfectiS,
1756 596 1890 655 viris
1935 595 2205 668 religiosis
2240 595 2300 650 in
2340 594 2521 650 curiis

504 701 695 757 regum
723 688 1083 744 commorari!

571 775 644 831 Ut
672 791 802 848 ergo
831 781 1093 848 appareat
1117 775 1249 848 quid
1279 775 1332 830 in
1358 775 1468 832 ista
1490 774 1863 831 controversia
1886 774 1960 832 sit
1983 773 2299 839 tenendum,
2325 771 2518 826 scien-

502 864 634 919 dum
662 865 811 936 quod
841 864 1018 922 sancti
1042 865 1144 921 viri
1175 863 1381 937 aliquid
1413 870 1635 937 propter
1659 879 1718 918 se
1742 868 2019 936 quierunt,
2048 861 2254 934 aliquid
2284 867 2518 934 propter

506 951 664 1006 aliOS.
693 953 924 1024 Propter
960 969 1020 1008 se
1053 953 1275 1024 quidem
1310 959 1566 1025 quaerunt
1608 951 1821 1008 Christo
1859 965 1957 1024 per
1994 949 2519 1021 contemplationem

504 1039 769 1095 inhaerere
813 1039 902 1096 vel
940 1041 996 1096 in
1032 1041 1138 1097 hoc
1176 1040 1397 1106 mundo,
1426 1048 1690 1113 quantum
1728 1039 2017 1112 praesentis
2052 1036 2517 1096 vitae'infirmitas

481 1128 735 1198 patitur,
759 1126 846 1184 vel
875 1127 930 1183 in
959 1127 1145 1185 sutura
1169 1129 1303 1197 vita,
1327 1128 1423 1184 ubi
1446 1144 1570 1184 eum
1602 1127 1913 1200 plenissime
1931 1125 2366 1198 contemplentur
2382 1141 2397 1192 ;
2415 1125 2517 1180 sed

508 1221 729 1286 propter
744 1215 881 1271 alios
900 1217 1079 1272 interd
1089 1233 1178 1272 um
1194 1225 1466 1288 coguntur
1478 1234 1511 1273 a
1528 1216 1837 1273 desiderata
1853 1215 2313 1286 contemplatione
2328 1213 2517 1269 disce-

507 1304 658 1370 dere,
685 1310 820 1360 etse
840 1304 1119 1360 actionum
1141 1302 1467 1361 tumultibus
1487 1304 1789 1376 implicare.
1818 1304 2055 1374 sicergo
2075 1313 2129 1359 et
2155 1305 2209 1358 in
2238 1303 2307 1358 de
2358 1301 2515 1357 derio

505 1389 711 1448 habent,
733 1393 978 1464 quietem
1005 1393 1503 1466 contemplationiS,
1522 1401 1577 1450 et
1602 1401 1784 1450 tamen
1812 1398 2031 1464 propter
2061 1391 2294 1447 salutem
2325 1390 2518 1460 proxi-

508 1491 735 1536 morum·
750 1483 1040 1553 patienter.
1064 1483 1336 1538 sustinent
1371 1481 1615 1539 laborem
1652 1481 1904 1538 actionis.
1937 1480 2089 1536 Unde
2120 1479 2337 1546 Paulus,
2372 1478 2513 1534 Phil.

510 1585 552 1637 1,
586 1573 653 1627 23
688 1585 702 1625 z
734 1571 995 1628 Coarctor
1035 1588 1062 1627 e
1105 1571 1322 1636 duobus,
1348 1570 1668 1626 desiderium
1704 1569 1897 1624 habens
1932 1568 2227 1624 dissolvi‘et
2260 1583 2363 1622 esse
2396 1584 2513 1622 cum

511 1657 746 1725 ChristO,
770 1676 1091 1732 permanere
1117 1668 1296 1716 autem
1323 1659 1384 1716 in
1412 1676 1573 1714 carne
1594 1657 1949 1728 necessarium
1969 1662 2191 1728 propter
2218 1673 2325 1711 vos.
2367 1655 2514 1712 Gre-

508 1741 696 1817 gorius
742 1751 910 1805 etiam
950 1750 1006 1804 in
1044 1749 1244 1806 Homil.
1289 1764 1431 1816 xur,
1461 1754 1604 1820 part.
1646 1763 1668 1804 1
1708 1763 1868 1820 super
1912 1745 2105 1802 Ezech.
2132 1745 2210 1800 ait
2244 1761 2257 1798 ε
2292 1744 2513 1802 «Menti

511 1851 770 1908 sponsum
803 1851 984 1894 suum.
1005 1837 1219 1892 fortiter
1246 1836 1453 1892 amanti
1500 1851 1608 1892 una
1637 1835 1929 1890 solet.esse
1972 1833 2294 1900 consolatiO,
2324 1833 2370 1888 si
2416 1849 2513 1904 per

509 1923 614 1978 hoc
650 1924 941 1996 quod.ipsa
965 1940 995 1978 a
1022 1923 1228 1979 visione
1267 1923 1535 1990 differtur,
1565 1923 1797 1979 aliorum
1831 1925 2026 1978 animae
2059 1938 2155 1994 per
2194 1923 2310 1992 ejus
2347 1921 2512 1977 verba

515 2011 820 2082 proficiant,
852 2017 909 2066 et
933 2011 1002 2066 ad
1027 2011 1306 2066 coelestem
1337 2026 1597 2083 sponsum
1620 2011 1828 2078 ‚amoris
1851 2010 2066 2079 facibus
2088 2010 2455 2066 inardescant.
2486 2029 2511 2060 n

511 2100 580 2154 Et
605 2099 722 2154 haec
751 2099 1077 2154 necessitate
1109 2099 1397 2170 contingit,
1428 2099 1575 2170 quod
1610 2099 1786 2156 sancti
1832 2099 2159 2172 quandoque
2204 2097 2515 2153 multitudi-

513 2185 672 2242 nibus
715 2203 773 2242 se
811 2187 1078 2258 ingerant,
1116 2197 1172 2242 et
1213 2194 1532 2259 magnatum
1578 2188 1814 2258 gratiam
1850 2195 1906 2243 et
1940 2188 2215 2244 consortia
2240 2193 2510 2259 quaerant,

517 2291 622 2329 non
648 2274 834 2331 favore
864 2276 1101 2332 humano
1130 2277 1214 2332 vel
1243 2278 1487 2348 potentia
1528 2275 1805 2344 delectati,
1836 2276 1932 2332 sed
1959 2284 2019 2331 ut
2048 2275 2227 2348 plures
2256 2276 2324 2330 ad
2370 2276 2517 2330 viam

515 2363 709 2420 salutis
727 2365 940 2422 trahere
955 2366 1183 2438 possint,
1199 2367 1329 2439 quia
1353 2372 1412 2420 ut
1428 2365 1562 2422 dicit
1581 2366 1917 2437 Augustinus
1934 2365 2051 2420 Vlll
2072 2365 2228 2434 Com.
2251 2381 2263 2418 :
2288 2385 2310 2416 «
2332 2365 2519 2419 Multis

516 2452 650 2520 noti,
685 2453 869 2510 multis
897 2460 1023 2510 sunt
1044 2454 1363 2510 auctoritati
1404 2454 1469 2509 ad
1497 2453 1836 2520 salutem,.et
1861 2452 2046 2508 multis
2076 2461 2319 2525 praeeunt
2353 2467 2522 2508 secu-

517 2544 682 2613 turis;
715 2562 742 2595 >³
773 2543 904 2616 quia
934 2551 994 2600 ut
1021 2544 1136 2616 ipse
1165 2543 1537 2600 inira-dicitzv«
1562 2542 1687 2598 Plus
1714 2542 1887 2601 hostis
1909 2543 2143 2598 vincitur
2170 2542 2225 2596 in
2257 2557 2321 2597 eo
2350 2558 2521 2614 quem

515 2629 636 2700 plus
667 2636 831 2698 tenet,
861 2636 918 2685 et
963 2631 1033 2685 de
1064 2646 1173 2702 quo
1203 2630 1382 2701 plures
1408 2635 1575 2684 tenet.
1607 2628 1796 2694 »Plus
1837 2636 2019 2684 autem
2063 2627 2327 2702 superbos
2368 2636 2524 2684 tenet

518 2731 714 2769 nomen
749 2715 1068 2781 nobilitatis,
1097 2723 1153 2770 et
1189 2715 1368 2776 dehis
1395 2715 1579 2788 plures
1603 2716 1821 2771 nomine
1858 2715 2227 2784 auctoritatis3
2254 2715 2379 2770 ideo
2419 2731 2524 2769 ur-

517 2808 678 2872 gente
697 2803 964 2859 charitate
983 2804 1245 2860 nobilium
1265 2812 1320 2860 et
1343 2806 1731 2861 auctoritatem
1756 2805 2070 2861 habentium
2084 2805 2260 2860 sancti
2286 2819 2523 2860 consor-

519 2889 595 2944 tia
621 2901 894 2960 quaerunt,
927 2897 987 2946 ut
1025 2907 1119 2964 per
1147 2908 1241 2948 eos
1270 2892 1517 2965 pluribus
1541 2893 1749 2965 possint
1776 2893 2037 2965 proficere
2068 2892 2135 2947 ad
2173 2893 2427 2958 salutem,
2461 2902 2522 2950 ct

519 2977 621 3032 nisi
649 2977 750 3033 hoc
792 2977 1052 3046 facerent,
1079 2988 1261 3037 essent
1289 2983 1485 3038 merito
1530 2981 1811 3054 arguendi.
1842 2981 2009 3043 Unde
2040 2980 2175 3036 dicit
2217 2982 2522 3052 Gregorius

455 3117 461 3125 .
517 3066 572 3120 in
601 3067 870 3125 Pastoral.
904 3084 919 3124 t
956 3087 981 3120 «
1014 3069 1132 3138 Qua
1172 3077 1352 3126 mente
1378 3071 1428 3126 is
1466 3072 1558 3142 qui
1600 3070 1859 3142 proximis
1900 3069 2215 3142 profuturus
2240 3071 2521 3126 enitesce-

515 3154 876 3222 ret,‚utilitati
918 3165 1242 3216 caeterorum
1282 3163 1557 3216 secretum
1596 3158 1868 3230 proeponit
1905 3173 2083 3226 suum,
2124 3159 2343 3230 quand-o
2397 3159 2521 3231 ipse

515 3243 714 3298 summi
761 3243 936 3300 Patris
976 3246 1289 3318 unigenitus
1338 3255 1394 3302 et
1447 3247 1631 3301 multis
1664 3247 1987 3318 prodesset,
2038 3247 2106 3302 de
2157 3248 2280 3302 sinu
2334 3249 2518 3304 Patris

514 3347 765 3402 egressus
789 3340 873 3389 est
903 3333 973 3388 ad
997 3333 1272 3406 publicum
1293 3341 1562 3390 nostrum.
1588 3353 1615 3386 1>

582 3421 682 3474 His
706 3419 881 3492 igitur-
896 3423 1028 3477 visis
1057 3422 1214 3478 facile
1239 3429 1323 3478 est
1347 3423 1677 3495 respondere
1701 3424 1771 3480 ud
1799 3423 2033 3496 objecta.

582 3509 738 3578 Quod
781 3509 926 3565 enim
965 3510 1184 3578 dicitur,
1225 3511 1419 3566 Matth.
1450 3527 1553 3568 xi:
1590 3511 1693 3577 Qui
1738 3513 1978 3570 mollibus
2019 3513 2343 3580 vestiuntur,
2374 3520 2508 3582 etc„

509 3599 646 3652 satis
685 3605 872 3669 aperte
913 3599 1151 3654 ostendit
1180 3599 1325 3671 quod
1363 3600 1431 3655 de
1467 3600 1550 3655 his
1592 3600 1833 3673 loquitur
1875 3603 1969 3674 qui
2012 3603 2066 3658 in
2107 3605 2274 3661 curiis
2320 3619 2511 3674 regum

509 3693 790 3741 morantur
815 3691 876 3740 ut
904 3686 978 3741 ibi
1008 3703 1135 3742 suas
1157 3687 1444 3759 perficiant
1470 3687 1801 3760 voluptates.

577 3773 839 3828 Similiter
867 3775 1013 3846 quod
1043 3775 1186 3836 ,dicit
1220 3777 1415 3833 Glossa
1441 3779 1573 3833 Luc.
1602 3794 1665 3834 ix
1697 3797 1709 3832 :
1740 3779 1867 3838 Non
1907 3779 2107 3845 otiosis,
2134 3787 2265 3847 etc„
2300 3781 2513 3838 intelli-

509 3860 657 3932 gitur
684 3862 754 3918 de
781 3861 1001 3933 illisqui
1043 3864 1098 3918 in
1138 3864 1363 3923 civitate
1409 3867 1495 3922 vel
1536 3867 1786 3925 saeculari
1838 3867 2105 3940 dignitate
2139 3869 2402 3938 resident,
2430 3872 2491 3928 ib
