2784 4392
545 252 668 314 336
1025 265 1080 314 a.
1121 263 1355 312 vaona
1374 263 1723 316 nouimus
1762 261 2097 310 ornacum-

1291 467 1577 538 CAPUT
1630 467 1809 537 VIII.

551 593 686 668 Hic
705 606 955 666 sanctus
981 603 1213 666 Πασίου·
1239 599 1531 674 declarat,
1558 597 1720 680 quod
1746 597 2050 662 interdum
2080 597 2199 663 talo
2224 597 2565 664 dominium

627 692 785 754 cedit
805 691 873 754 iot
901 691 1127 754 malum
1153 689 1617 762 dominantium,
1660 687 1810 768 quia
1849 693 2103 768 propter
2140 687 2415 768 ipsorum
2456 690 2564 753 in-

625 779 1084 860 gratitudinum
1109 779 1177 842 in
1201 777 1543 857 superbiam
1565 777 1713 840 elati
1737 776 2013 856 graviter
2040 775 2493 856 deprimuntur.

583 911 723 969 ·Sed
755 911 934 968 adhuc
967 909 1327 966 insistendum
1357 915 1442 965 est
1478 908 1626 966 circa
1652 907 1896 964 divinam
1932 899 2333 980 providentiam
2370 909 2427 964 in
2456 907 2563 966 do·

549 1001 737 1056 minio.
771 1000 1049 1071 Contingit
1085 998 1229 1055 enim
1273 998 1548 1056 interdum
1590 997 1736 1070 quod
1766 1012 1893 1053 cum
1934 998 2058 1070 quis
2086 999 2318 1054 assumit
2352 998 2567 1070 princi-

552 1095 758 1160 patum,
791 1088 897 1145 erit
921 1087 1081 1143 horno
1107 1079 1400 1154 virtuosus,
1434 1095 1489 1142 et
1519 1085 1702 1158 aliquo
1722 1092 1965 1158 tempore
1989 1085 2401 1158 perseverabit
2390 1104 2442 1142 in
2472 1103 2561 1142 ec.

549 1176 657 1235 Sed
685 1176 869 1248 aliquo
901 1182 1144 1248 tempore
1167 1174 1511 1247 procedendo
1540 1189 1607 1230 ex
1636 1174 1821 1232 favore
1846 1175 2083 1231 humano
2111 1181 2169 1229 et
2198 1176 2563 1246 prosperitate

511 1335 516 1340 .
551 1281 732 1320 rerum
759 1263 1020 1334 regalium
1054 1263 1300 1318 elevatur
1328 1263 1455 1335 quis
1480 1263 1533 1316 in
1562 1261 1873 1334 superbiam
1899 1271 1954 1318 et
1984 1261 2052 1318 de
2085 1261 2365 1318 beneficiis
2394 1263 2499 1318 sibi
2530 1277 2562 1318 a

549 1354 666 1408 Deo
689 1352 904 1408 collatis
930 1350 1174 1422 ingratus
1197 1351 1376 1406 eidem
1402 1349 1654 1406 efficitur.
1672 1350 1827 1407 Unde
1846 1349 2195 1422 Philosophus
2214 1350 2411 1408 dicitV
2426 1351 2559 1409 Em.

549 1441 696 1514 quod
739 1461 766 1494 α
807 1441 1147 1513 principatus
1187 1439 1364 1494 virum
1407 1439 1667 1505 ostendit,
1716 1457 1743 1490 ιο
1772 1439 1915 1494 sicut
1944 1439 2145 1494 accidit
2180 1439 2249 1494 de
2276 1441 2457 1506 Saule,
2492 1440 2563 1496 de

551 1544 661 1602 quo
690 1529 948 1586 scribitur
976 1529 998 1583 l
1028 1529 1162 1600 Rog.
1199 1543 1322 1594 xvi,
1357 1531 1390 1586 2
1420 1525 1566 1600 quod
1596 1526 1655 1581 in
1683 1533 1795 1584 tota
1821 1527 1969 1583 tribu
1996 1526 2281 1598 Benjamin
2307 1545 2414 1584 non
2442 1536 2563 1587 erat

551 1618 643 1674 vir
663 1619 852 1676 melior·
879 1618 989 1674 illo.
1021 1618 1126 1674 Sed
1153 1623 1278 1690 post
1301 1615 1439 1671 duos
1464 1630 1635 1671 annos
1661 1629 1692 1672 a
1722 1629 1821 1670 suo
1847 1616 2109 1686 regimine
2134 1616 2313 1672 factus
2336 1626 2421 1673 est
2446 1618 2563 1673 Deo

551 1706 888 1767 inobediens,
913 1707 1056 1759 unde
1085 1703 1293 1759 dictum
1323 1711 1407 1758 est
1426 1701 1713 1774 Prophetae
1730 1703 1968 1759 Samueli
1996 1703 2067 1758 de
2094 1701 2213 1774 ipso
2238 1719 2253 1758 z
2288 1703 2564 1778 Usquequo

556 1801 614 1849 tu
653 1795 793 1863 luqes
834 1793 984 1856 Saul,
1027 1807 1144 1847 cum
1186 1807 1276 1863 eyo
1319 1790 1636 1862 projecerim
1674 1805 1789 1845 eum
1818 1806 1883 1846 ne
1925 1796 2106 1862 reynet
2148 1806 2309 1864 super
2349 1793 2563 1850 lsrael?

553 1881 720 1950 Quasi
767 1895 832 1934 ex
880 1879 1067 1934 divina
1115 1879 1385 1934 sententia
1450 1877 1808 1949 irrefragabili
1872 1879 1948 1934 sit
2005 1878 2273 1951 repulsus.
2336 1881 2565 1954 Propter

556 1968 701 2041 quod
745 1967 936 2023 ultimo
959 1967 1141 2022 dictus
1177 1967 1433 2040 princeps
1462 1965 1563 2022 fuit
1592 1967 1807 2022 occisus
1833 1981 1958 2022 cum
1998 1966 2141 2035 filiis,
2189 1975 2415 2042 lotaque
2443 1970 2563 2040 ejus

557 2055 845 2127 progenies
871 2069 903 2110 a
941 2054 1184 2109 dominio
1215 2062 1299 2109 est
1325 2053 1533 2110 avulsa.
1565 2054 1721 2111 Unde
1750 2056 1805 2108 in
1833 2054 2008 2111 Paral.
2042 2054 2111 2110 de
2135 2055 2255 2126 ipso
2276 2057 2565 2113 concludi-

558 2151 647 2198 tur
675 2142 820 2214 quod
867 2149 1115 2196 mortuus
1143 2148 1222 2196 est
1269 2140 1397 2198 Saul
1443 2148 1665 2214 propter
1708 2143 2027 2216 iniquitates
2054 2157 2203 2200 suas.
2237 2145 2351 2200 Hoc
2378 2153 2563 2200 autem

554 2229 708 2286 etde
743 2229 1029 2288 Salomone
1071 2229 1293 2296 accidit,
1335 2229 1429 2302 qui
1475 2229 1853 2300 magnificatus
1877 2237 1963 2286 est
2002 2246 2166 2302 snper
2194 2245 2565 2304 omues-reges

555 2318 650 2392 qui
691 2317 908 2374 fuerant
936 2326 1062 2374 ante
1092 2333 1236 2382 eum,
1269 2324 1330 2372 ut
1355 2317 1613 2373 scribitur
1646 2319 1699 2372 in
1730 2318 1938 2374 Eccles.
1969 2335 1983 2373 z
2015 2318 2084 2375 Et
2114 2319 2367 2376 universa
2392 2325 2559 2388 terra,

555 2407 904 2465 desiderabat
947 2407 1136 2463 audire
1179 2404 1504 2478 sapientiam
1532 2406 1856 2464 Salomonis.
1886 2407 2011 2473 Sed,
2047 2415 2107 2464 ut
2134 2409 2269 2464 dicit
2300 2411 2566 2480 Augusti-

557 2511 677 2564 nus,
713 2511 858 2563 xvn,
909 2496 987 2552 De
1027 2495 1146 2555 Cic.
1193 2495 1289 2550 Dei
1336 2511 1353 2550 .·
1406 2515 1431 2546 α
1476 2494 1743 2551 Secundae
1778 2511 1868 2557 res
1910 2495 2170 2567 praedicto
2200 2497 2315 2568 regi
2344 2493 2569 2556 fuerunt

558 2587 754 2655 noxiae,
787 2586 917 2658 quia
956 2584 1138 2656 lapsus
1166 2582 1220 2639 in
1251 2581 1543 2649 luxuriam,
1577 2583 1689 2640 ruit
1712 2581 1768 2638 in
1794 2583 2125 2650 idolatriam,
2158 2601 2223 2649 ex
2248 2600 2358 2657 quo
2386 2585 2569 2643 factus

557 2681 642 2730 est
667 2671 1050 2729 abominabilis
1073 2669 1290 2744 populo,
1311 2671 1382 2726 -in
1407 2679 1621 2727 tantum
1649 2676 1706 2726 ut
1735 2671 1879 2728 servi
1904 2673 2023 2744 ejus
2046 2671 2371 2733 rebellarent
2396 2674 2447 2729 ei
2472 2674 2569 2730 di-

557 2761 822 2832 ripientes
859 2757 1034 2832 spolia
1077 2773 1192 2816 suae
1226 2758 1483 2830 regionis,
1526 2766 1581 2814 et
1610 2767 1890 2816 vastantes
1923 2767 2124 2816 terram
2158 2760 2367 2834 absque
2396 2763 2571 2818 resis-

559 2848 732 2904 tentia
757 2846 961 2920 aliqua,
1003 2861 1122 2903 sum
1155 2854 1336 2902 tamen
1367 2847 1517 2919 prius
1545 2863 1735 2903 omnes
1762 2847 2047 2904 obedirent
2076 2848 2146 2905 ad
2175 2859 2387 2916 nutum,
2421 2845 2595 2907 sicut‘

555 2941 794 2991 testatur
836 2934 1023 3006 regina
1057 2934 1218 3002 Saba,
1251 2943 1312 2990 ut
1340 2941 1492 3008 patet
1531 2936 1586 2990 in
1622 2935 1693 2991 111
1728 2935 1824 2991 lib.
1865 2937 2001 3008 Reg.
2052 2937 2133 2992 Ad
2170 2953 2368 3009 magna
2399 2939 2568 3010 igitur

558 3030 841 3097 promotus
872 3025 924 3080 in
950 3025 1216 3098 principio
1244 3025 1326 3080 sui
1359 3025 1643 3097 regiminis
1670 3032 1893 3098 propter
1920 3026 2161 3082 divinam
2200 3029 2569 3084 reverentiam

557 3127 725 3188 quam
754 3113 1018 3174 exhibuit,
1047 3113 1100 3168 in
1129 3113 1234 3195 fine
1257 3114 1341 3169 sui
1366 3114 1649 3184 regiminis
1663 3113 1871 3170 decidit
1898 3115 1951 3170 in
1968 3114 2098 3170 vilia
2114 3122 2335 3187 propter
2362 3114 2569 3174 delicta

557 3217 685 3274 quoe
704 3201 1008 3258 commisit:
1027 3200 1156 3274 quia
1175 3201 1397 3256 miseros
1414 3200 1553 3272 facit
1566 3201 1787 3274 populos
1798 3209 2089 3275 peecatum.
2112 3204 2291 3274 (Prov.
2314 3219 2433 3272 xiv,
2452 3205 2565 3275 34.)

557 3290 806 3348 Tradunt
836 3299 1018 3346 tamen
1043 3289 1278 3357 Hebraei,
1312 3297 1374 3345 ut
1399 3289 1773 3364 Hieronymus·
1788 3290 1955 3347 refert
1976 3289 2033 3348 in
2060 3300 2373 3348 commento
2400 3307 2569 3365 super

555 3377 766 3437 EccleS.
795 3378 939 3452 quod
976 3378 1030 3433 in
1063 3376 1170 3432 fine
1191 3377 1324 3434 vitae
1350 3391 1467 3434 suae
1493 3393 1562 3433 ex
1592 3378 1779 3434 multis
1805 3385 2036 3435 vexatus
2061 3393 2221 3436 suum
2250 3381 2571 3454 recognovit

559 3480 821 3535 errorem,
847 3483 1015 3540 seque
1035 3466 1302 3538 disposuit
1326 3465 1395 3522 ad
1418 3467 1797 3538 poenit'entiam
1822 3469 1877 3523 in
1900 3469 2229 3540 commissis,
2256 3469 2571 3543 librumque

558 3554 848 3629 praefatum
872 3554 1196 3626 composuit,
1227 3553 1282 3609 in
1307 3569 1417 3626 quo
1441 3554 1585 3610 sicut
1606 3561 1862 3628 expertus
1884 3563 2083 3614 cuncta
2106 3556 2300 3614 definit
2333 3559 2570 3616 vanitati

559 3642 862 3713 subjacere,
912 3639 1208 3713 subjiciens
1242 3655 1302 3696 se
1339 3640 1527 3697 divino
1567 3641 1761 3698 timore
1789 3643 1857 3699 ad
1898 3658 2121 3700 suorum
2159 3644 2577 3703 observantiam

560 3729 963 3785 mandatorum.
1008 3727 1165 3786 Unde
1209 3728 1266 3784 in
1326 3729 1432 3784 fine
1487 3729 1734 3801 praedicti
1780 3729 1904 3787 libri
1954 3746 2062 3800 ιιι,
2106 3734 2173 3788 ⁴3
2228 3733 2506 3790 concludit
2548 3751 2569 3791 t

557 3814 748 3874 Finem
773 3815 1018 3890 loquendi
1039 3815 1253 3890 pariter
1279 3815 1583 3886 audiamus,
1615 3817 1784 3877 Deum
1804 3819 1951 3890 time,
1976 3826 2028 3880 et
2054 3820 2310 3880 mandata
2331 3822 2445 3895 ejus
2472 3821 2569 3881 οό-
