<?xml version="1.0" encoding="UTF-8"?>
<!DOCTYPE html PUBLIC "-//W3C//DTD XHTML 1.0 Transitional//EN"
    "http://www.w3.org/TR/xhtml1/DTD/xhtml1-transitional.dtd">
<html xmlns="http://www.w3.org/1999/xhtml" xml:lang="en" lang="en">
 <head>
  <title>
</title>
<meta http-equiv="Content-Type" content="text/html;charset=utf-8" />
  <meta name='ocr-system' content='tesseract 3.04.00' />
  <meta name='ocr-capabilities' content='ocr_page ocr_carea ocr_par ocr_line ocrx_word'/>
</head>
<body>
  <div class='ocr_page' id='page_1' title='image "./sthomaquinatisd01thomgoog_0019.png"; bbox 0 0 2784 4392; ppageno 0'>
   <div class='ocr_carea' id='block_1_1' title="bbox 498 299 2314 364">
    <p class='ocr_par' dir='ltr' id='par_1_1' title="bbox 498 299 2314 364">
     <span class='ocr_line' id='line_1_1' title="bbox 498 299 2314 364; baseline 0.01 -19"><span class='ocrx_word' id='word_1_1' title='bbox 498 301 633 346; x_wconf 88' lang='lat' dir='ltr'><strong>x111.</strong></span> <span class='ocrx_word' id='word_1_2' title='bbox 662 313 741 330; x_wconf 88' lang='lat'>—</span> <span class='ocrx_word' id='word_1_3' title='bbox 769 299 1009 345; x_wconf 70' lang='lat' dir='ltr'><strong>com-BA</strong></span> <span class='ocrx_word' id='word_1_4' title='bbox 1050 299 1235 348; x_wconf 67' lang='lat' dir='ltr'><strong>narn.</strong></span> <span class='ocrx_word' id='word_1_5' title='bbox 1282 303 1562 350; x_wconf 56' lang='lat' dir='ltr'><strong>Hom-,413</strong></span> <span class='ocrx_word' id='word_1_6' title='bbox 1601 302 1846 356; x_wconf 74' lang='lat' dir='ltr'><strong>manus.</strong></span> <span class='ocrx_word' id='word_1_7' title='bbox 1897 312 2116 362; x_wconf 70' lang='lat' dir='ltr'><strong>Rama.</strong></span> <span class='ocrx_word' id='word_1_8' title='bbox 2272 299 2314 364; x_wconf 84' lang='lat'>5</span> 
     </span>
    </p>
   </div>
   <div class='ocr_carea' id='block_1_2' title="bbox 228 415 2375 3956">
    <p class='ocr_par' dir='ltr' id='par_1_2' title="bbox 295 415 2314 1005">
     <span class='ocr_line' id='line_1_2' title="bbox 367 415 2309 506; baseline 0.009 -33"><span class='ocrx_word' id='word_1_9' title='bbox 367 419 505 474; x_wconf 83' lang='lat' dir='ltr'><strong>Item</strong></span> <span class='ocrx_word' id='word_1_10' title='bbox 529 415 790 472; x_wconf 87' lang='lat' dir='ltr'><strong>inducunt</strong></span> <span class='ocrx_word' id='word_1_11' title='bbox 812 417 957 491; x_wconf 88' lang='lat' dir='ltr'><strong>quod</strong></span> <span class='ocrx_word' id='word_1_12' title='bbox 982 416 1347 492; x_wconf 79' lang='lat' dir='ltr'>Hieronymus</span> <span class='ocrx_word' id='word_1_13' title='bbox 1371 419 1506 477; x_wconf 85' lang='lat' dir='ltr'><strong>dicit</strong></span> <span class='ocrx_word' id='word_1_14' title='bbox 1526 437 1689 497; x_wconf 88' lang='lat' dir='ltr'><strong>super</strong></span> <span class='ocrx_word' id='word_1_15' title='bbox 1708 426 1900 484; x_wconf 86' lang='lat' dir='ltr'><strong>Matth.</strong></span> <span class='ocrx_word' id='word_1_16' title='bbox 1923 428 1980 485; x_wconf 90' lang='lat' dir='ltr'><strong>in</strong></span> <span class='ocrx_word' id='word_1_17' title='bbox 2003 431 2273 506; x_wconf 86' lang='lat' dir='ltr'><strong>principio</strong></span> <span class='ocrx_word' id='word_1_18' title='bbox 2297 453 2309 490; x_wconf 90' lang='lat'>:</span> 
     </span>
     <span class='ocr_line' id='line_1_3' title="bbox 297 506 2314 590; baseline 0.008 -29"><span class='ocrx_word' id='word_1_19' title='bbox 297 506 564 572; x_wconf 79' lang='lat' dir='ltr'><strong>Quatuor,</strong></span> <span class='ocrx_word' id='word_1_20' title='bbox 587 506 785 580; x_wconf 68' lang='lat' dir='ltr'><strong>inqpit,</strong></span> <span class='ocrx_word' id='word_1_21' title='bbox 802 513 929 563; x_wconf 74' lang='lat' dir='ltr'><strong>sunt</strong></span> <span class='ocrx_word' id='word_1_22' title='bbox 943 507 1227 579; x_wconf 75' lang='lat' dir='ltr'><strong>qualitates</strong></span> <span class='ocrx_word' id='word_1_23' title='bbox 1241 509 1303 564; x_wconf 84' lang='lat' dir='ltr'><strong>de</strong></span> <span class='ocrx_word' id='word_1_24' title='bbox 1323 509 1509 582; x_wconf 79' lang='lat' dir='ltr'><strong>quibus</strong></span> <span class='ocrx_word' id='word_1_25' title='bbox 1524 521 1708 571; x_wconf 79' lang='lat' dir='ltr'><strong>sam-ta</strong></span> <span class='ocrx_word' id='word_1_26' title='bbox 1727 518 1998 590; x_wconf 72' lang='lat' dir='ltr'><strong>evanqelia</strong></span> <span class='ocrx_word' id='word_1_27' title='bbox 2017 529 2314 578; x_wconf 71' lang='lat' dir='ltr'><strong>conte-‘eun-</strong></span> 
     </span>
     <span class='ocr_line' id='line_1_4' title="bbox 296 595 2309 682; baseline 0.009 -31"><span class='ocrx_word' id='word_1_28' title='bbox 296 603 413 660; x_wconf 69' lang='grc' dir='ltr'><strong>ταν,</strong></span> <span class='ocrx_word' id='word_1_29' title='bbox 434 601 725 667; x_wconf 80' lang='lat' dir='ltr'><strong>praecepta,</strong></span> <span class='ocrx_word' id='word_1_30' title='bbox 742 595 1017 660; x_wconf 78' lang='lat' dir='ltr'><strong>mandata,</strong></span> <span class='ocrx_word' id='word_1_31' title='bbox 1046 596 1368 664; x_wconf 80' lang='lat' dir='ltr'><strong>testimonia,</strong></span> <span class='ocrx_word' id='word_1_32' title='bbox 1397 603 1628 672; x_wconf 72' lang='lat' dir='ltr'><strong>emempla</strong></span> <span class='ocrx_word' id='word_1_33' title='bbox 1652 619 1672 659; x_wconf 92' lang='lat'><strong>.·</strong></span> <span class='ocrx_word' id='word_1_34' title='bbox 1698 603 1757 660; x_wconf 77' lang='lat' dir='ltr'><strong>in</strong></span> <span class='ocrx_word' id='word_1_35' title='bbox 1770 611 2054 680; x_wconf 66' lang='lat' dir='ltr'><strong>praeceptis</strong></span> <span class='ocrx_word' id='word_1_36' title='bbox 2065 612 2309 682; x_wconf 76' lang='lat' dir='ltr'><strong>justitia,</strong></span> 
     </span>
     <span class='ocr_line' id='line_1_5' title="bbox 296 673 2306 772; baseline 0.01 -34"><span class='ocrx_word' id='word_1_37' title='bbox 296 684 355 738; x_wconf 81' lang='lat' dir='ltr'><strong>in</strong></span> <span class='ocrx_word' id='word_1_38' title='bbox 396 682 664 739; x_wconf 77' lang='lat' dir='ltr'><strong>mandatis</strong></span> <span class='ocrx_word' id='word_1_39' title='bbox 708 683 964 749; x_wconf 80' lang='lat' dir='ltr'><strong><em>charitas,</em></strong></span> <span class='ocrx_word' id='word_1_40' title='bbox 1000 683 1060 739; x_wconf 77' lang='lat' dir='ltr'><strong>in</strong></span> <span class='ocrx_word' id='word_1_41' title='bbox 1102 673 1436 742; x_wconf 53' lang='lat' dir='ltr'><strong>testimonii?</strong></span> <span class='ocrx_word' id='word_1_42' title='bbox 1460 689 1609 759; x_wconf 77' lang='lat' dir='ltr'><strong>fides,</strong></span> <span class='ocrx_word' id='word_1_43' title='bbox 1640 690 1700 746; x_wconf 73' lang='lat' dir='ltr'><strong>iu</strong></span> <span class='ocrx_word' id='word_1_44' title='bbox 1737 697 1986 767; x_wconf 75' lang='lat' dir='ltr'><strong>exemplis</strong></span> <span class='ocrx_word' id='word_1_45' title='bbox 2025 699 2306 772; x_wconf 61' lang='lat' dir='ltr'><strong>perfectae.</strong></span> 
     </span>
     <span class='ocr_line' id='line_1_6' title="bbox 295 772 2309 861; baseline 0.009 -31"><span class='ocrx_word' id='word_1_46' title='bbox 295 772 496 830; x_wconf 80' lang='lat' dir='ltr'><strong>Volunt</strong></span> <span class='ocrx_word' id='word_1_47' title='bbox 534 773 699 843; x_wconf 79' lang='lat' dir='ltr'><strong>igitur</strong></span> <span class='ocrx_word' id='word_1_48' title='bbox 727 772 1070 840; x_wconf 83' lang='lat' dir='ltr'>concludere,</span> <span class='ocrx_word' id='word_1_49' title='bbox 1112 774 1257 846; x_wconf 87' lang='lat' dir='ltr'><strong>quod</strong></span> <span class='ocrx_word' id='word_1_50' title='bbox 1283 791 1314 831; x_wconf 90' lang='lat' dir='ltr'><strong>a</strong></span> <span class='ocrx_word' id='word_1_51' title='bbox 1338 777 1554 847; x_wconf 78' lang='lat' dir='ltr'><strong>justitia</strong></span> <span class='ocrx_word' id='word_1_52' title='bbox 1583 789 1983 855; x_wconf 87' lang='lat' dir='ltr'><strong>praeceptorum</strong></span> <span class='ocrx_word' id='word_1_53' title='bbox 2009 787 2082 844; x_wconf 89' lang='lat' dir='ltr'><strong>sit</strong></span> <span class='ocrx_word' id='word_1_54' title='bbox 2111 806 2309 861; x_wconf 88' lang='lat' dir='ltr'><strong>proce-</strong></span> 
     </span>
     <span class='ocr_line' id='line_1_7' title="bbox 296 861 2309 942; baseline 0.011 -26"><span class='ocrx_word' id='word_1_55' title='bbox 296 861 533 917; x_wconf 89' lang='lat' dir='ltr'><strong>dendum</strong></span> <span class='ocrx_word' id='word_1_56' title='bbox 572 861 639 917; x_wconf 92' lang='lat' dir='ltr'><strong>ad</strong></span> <span class='ocrx_word' id='word_1_57' title='bbox 681 861 1071 934; x_wconf 74' lang='lat' dir='ltr'><strong>perfectionem</strong></span> <span class='ocrx_word' id='word_1_58' title='bbox 1118 865 1508 939; x_wconf 84' lang='lat' dir='ltr'><strong>exemplorum,</strong></span> <span class='ocrx_word' id='word_1_59' title='bbox 1556 877 1680 942; x_wconf 81' lang='lat' dir='ltr'><strong>quae</strong></span> <span class='ocrx_word' id='word_1_60' title='bbox 1723 872 1777 927; x_wconf 89' lang='lat' dir='ltr'><strong>in</strong></span> <span class='ocrx_word' id='word_1_61' title='bbox 1808 875 2050 932; x_wconf 88' lang='lat' dir='ltr'><strong>consiliis</strong></span> <span class='ocrx_word' id='word_1_62' title='bbox 2089 879 2309 936; x_wconf 88' lang='lat' dir='ltr'><strong>videt-ur</strong></span> 
     </span>
     <span class='ocr_line' id='line_1_8' title="bbox 296 949 615 1005; baseline -0.003 0"><span class='ocrx_word' id='word_1_63' title='bbox 296 949 615 1005; x_wconf 76' lang='lat' dir='ltr'><strong>consistere.</strong></span> 
     </span>
    </p>

    <p class='ocr_par' dir='ltr' id='par_1_3' title="bbox 228 1038 2318 2776">
     <span class='ocr_line' id='line_1_9' title="bbox 366 1038 2307 1116; baseline 0.012 -23"><span class='ocrx_word' id='word_1_64' title='bbox 366 1039 634 1093; x_wconf 87' lang='lat' dir='ltr'><strong>Inducunt</strong></span> <span class='ocrx_word' id='word_1_65' title='bbox 676 1038 839 1094; x_wconf 88' lang='lat' dir='ltr'><strong>etiam</strong></span> <span class='ocrx_word' id='word_1_66' title='bbox 890 1039 1033 1112; x_wconf 88' lang='lat' dir='ltr'><strong>quod</strong></span> <span class='ocrx_word' id='word_1_67' title='bbox 1076 1040 1245 1112; x_wconf 86' lang='lat' dir='ltr'><strong>Greg.</strong></span> <span class='ocrx_word' id='word_1_68' title='bbox 1295 1041 1430 1098; x_wconf 89' lang='lat' dir='ltr'><strong>dicit</strong></span> <span class='ocrx_word' id='word_1_69' title='bbox 1460 1044 1512 1099; x_wconf 91' lang='lat' dir='ltr'><strong>in</strong></span> <span class='ocrx_word' id='word_1_70' title='bbox 1558 1061 1616 1102; x_wconf 78' lang='lat' dir='ltr'><strong>vi</strong></span> <span class='ocrx_word' id='word_1_71' title='bbox 1654 1042 1983 1107; x_wconf 86' lang='lat' dir='ltr'><strong>Moralium:</strong></span> <span class='ocrx_word' id='word_1_72' title='bbox 2027 1055 2152 1114; x_wconf 77' lang='lat' dir='ltr'><strong>Post</strong></span> <span class='ocrx_word' id='word_1_73' title='bbox 2191 1057 2307 1116; x_wconf 78' lang='lat' dir='ltr'><strong>Lice</strong></span> 
     </span>
     <span class='ocr_line' id='line_1_10' title="bbox 294 1127 2307 1217; baseline 0.01 -35"><span class='ocrx_word' id='word_1_74' title='bbox 294 1129 561 1200; x_wconf 73' lang='lat' dir='ltr'><strong>anzpleaeus</strong></span> <span class='ocrx_word' id='word_1_75' title='bbox 605 1127 676 1182; x_wconf 81' lang='lat' dir='ltr'><strong>ad</strong></span> <span class='ocrx_word' id='word_1_76' title='bbox 710 1127 987 1184; x_wconf 77' lang='lat' dir='ltr'><strong>Rachelem</strong></span> <span class='ocrx_word' id='word_1_77' title='bbox 1028 1129 1204 1184; x_wconf 77' lang='lat' dir='ltr'><strong>Jacob·</strong></span> <span class='ocrx_word' id='word_1_78' title='bbox 1215 1132 1484 1202; x_wconf 73' lang='lat' dir='ltr'><strong>pervenit,</strong></span> <span class='ocrx_word' id='word_1_79' title='bbox 1526 1135 1655 1207; x_wconf 81' lang='lat' dir='ltr'><strong>quia</strong></span> <span class='ocrx_word' id='word_1_80' title='bbox 1685 1139 1954 1211; x_wconf 77' lang='lat' dir='ltr'><strong>perfectus</strong></span> <span class='ocrx_word' id='word_1_81' title='bbox 1990 1143 2209 1217; x_wconf 77' lang='lat' dir='ltr'><strong>quisque</strong></span> <span class='ocrx_word' id='word_1_82' title='bbox 2237 1148 2307 1202; x_wconf 86' lang='lat' dir='ltr'><strong>acl</strong></span> 
     </span>
     <span class='ocr_line' id='line_1_11' title="bbox 292 1216 2306 1303; baseline 0.01 -33"><span class='ocrx_word' id='word_1_83' title='bbox 292 1216 669 1288; x_wconf 79' lang='lat' dir='ltr'><strong>fecunditatem</strong></span> <span class='ocrx_word' id='word_1_84' title='bbox 708 1216 894 1273; x_wconf 83' lang='lat' dir='ltr'><strong>artivoe</strong></span> <span class='ocrx_word' id='word_1_85' title='bbox 922 1217 1045 1273; x_wconf 70' lang='lat' dir='ltr'><strong>vine</strong></span> <span class='ocrx_word' id='word_1_86' title='bbox 1086 1226 1211 1275; x_wconf 78' lang='lat' dir='ltr'><strong>ante</strong></span> <span class='ocrx_word' id='word_1_87' title='bbox 1230 1220 1511 1291; x_wconf 62' lang='lat' dir='ltr'><strong>jungitur,</strong></span> <span class='ocrx_word' id='word_1_88' title='bbox 1542 1231 1593 1281; x_wconf 82' lang='lat' dir='ltr'><strong>et</strong></span> <span class='ocrx_word' id='word_1_89' title='bbox 1634 1234 1751 1298; x_wconf 80' lang='lat' dir='ltr'><strong>post</strong></span> <span class='ocrx_word' id='word_1_90' title='bbox 1793 1229 1863 1284; x_wconf 83' lang='lat' dir='ltr'><strong>acl</strong></span> <span class='ocrx_word' id='word_1_91' title='bbox 1901 1241 2136 1303; x_wconf 68' lang='lat' dir='ltr'><strong>requiem</strong></span> <span class='ocrx_word' id='word_1_92' title='bbox 2175 1252 2306 1291; x_wconf 80' lang='lat' dir='ltr'><strong>con-</strong></span> 
     </span>
     <span class='ocr_line' id='line_1_12' title="bbox 296 1306 2304 1390; baseline 0.01 -29"><span class='ocrx_word' id='word_1_93' title='bbox 296 1306 609 1377; x_wconf 78' lang='lat' dir='ltr'><strong>templativae</strong></span> <span class='ocrx_word' id='word_1_94' title='bbox 665 1307 962 1378; x_wconf 80' lang='lat' dir='ltr'><strong>copula-tur.</strong></span> <span class='ocrx_word' id='word_1_95' title='bbox 1022 1307 1209 1363; x_wconf 84' lang='lat' dir='ltr'><strong>Status</strong></span> <span class='ocrx_word' id='word_1_96' title='bbox 1252 1316 1437 1366; x_wconf 88' lang='lat' dir='ltr'><strong>autem</strong></span> <span class='ocrx_word' id='word_1_97' title='bbox 1483 1311 1761 1384; x_wconf 83' lang='lat' dir='ltr'><strong>religionis</strong></span> <span class='ocrx_word' id='word_1_98' title='bbox 1812 1318 1905 1390; x_wconf 88' lang='lat' dir='ltr'><strong>qui</strong></span> <span class='ocrx_word' id='word_1_99' title='bbox 1953 1321 2304 1381; x_wconf 86' lang='lat' dir='ltr'><strong>consiliorum</strong></span> 
     </span>
     <span class='ocr_line' id='line_1_13' title="bbox 294 1394 2301 1478; baseline 0.01 -28"><span class='ocrx_word' id='word_1_100' title='bbox 294 1394 695 1450; x_wconf 76' lang='lat' dir='ltr'><strong>observantiam</strong></span> <span class='ocrx_word' id='word_1_101' title='bbox 724 1395 1025 1467; x_wconf 85' lang='lat' dir='ltr'><strong>profitetur,</strong></span> <span class='ocrx_word' id='word_1_102' title='bbox 1061 1397 1296 1468; x_wconf 80' lang='lat' dir='ltr'><strong>pertinet.</strong></span> <span class='ocrx_word' id='word_1_103' title='bbox 1320 1399 1389 1454; x_wconf 91' lang='lat' dir='ltr'><strong>ad</strong></span> <span class='ocrx_word' id='word_1_104' title='bbox 1421 1401 1591 1456; x_wconf 89' lang='lat' dir='ltr'><strong>vitam</strong></span> <span class='ocrx_word' id='word_1_105' title='bbox 1617 1406 2119 1478; x_wconf 71' lang='lat' dir='ltr'><strong>contemplativam.</strong></span> <span class='ocrx_word' id='word_1_106' title='bbox 2147 1413 2301 1470; x_wconf 80' lang='lat' dir='ltr'><strong>Prae·</strong></span> 
     </span>
     <span class='ocr_line' id='line_1_14' title="bbox 293 1477 2297 1569; baseline 0.011 -33"><span class='ocrx_word' id='word_1_107' title='bbox 293 1489 451 1554; x_wconf 86' lang='lat' dir='ltr'><strong>cepta</strong></span> <span class='ocrx_word' id='word_1_108' title='bbox 492 1491 673 1536; x_wconf 87' lang='lat' dir='ltr'><strong>autem</strong></span> <span class='ocrx_word' id='word_1_109' title='bbox 718 1483 959 1552; x_wconf 82' lang='lat' dir='ltr'><strong>dirigunt</strong></span> <span class='ocrx_word' id='word_1_110' title='bbox 999 1498 1095 1538; x_wconf 89' lang='lat' dir='ltr'><strong>nos</strong></span> <span class='ocrx_word' id='word_1_111' title='bbox 1138 1485 1205 1538; x_wconf 90' lang='lat' dir='ltr'><strong>ad</strong></span> <span class='ocrx_word' id='word_1_112' title='bbox 1252 1485 1422 1540; x_wconf 85' lang='lat' dir='ltr'><strong>vitam</strong></span> <span class='ocrx_word' id='word_1_113' title='bbox 1453 1489 1709 1557; x_wconf 87' lang='lat' dir='ltr'><strong>activam,</strong></span> <span class='ocrx_word' id='word_1_114' title='bbox 1745 1493 1873 1563; x_wconf 85' lang='lat' dir='ltr'><strong>quia</strong></span> <span class='ocrx_word' id='word_1_115' title='bbox 1901 1477 2297 1569; x_wconf 74' lang='lat' dir='ltr'><strong>Mattfiaeix1x‚</strong></span> 
     </span>
     <span class='ocr_line' id='line_1_15' title="bbox 297 1567 2301 1649; baseline 0.01 -27"><span class='ocrx_word' id='word_1_116' title='bbox 297 1567 387 1622; x_wconf 85' lang='lat' dir='ltr'><strong>ubi</strong></span> <span class='ocrx_word' id='word_1_117' title='bbox 417 1574 803 1623; x_wconf 84' lang='lat' dir='ltr'><strong>enumerantur</strong></span> <span class='ocrx_word' id='word_1_118' title='bbox 819 1577 1093 1638; x_wconf 85' lang='lat' dir='ltr'><strong>praecepta</strong></span> <span class='ocrx_word' id='word_1_119' title='bbox 1115 1567 1249 1638; x_wconf 86' lang='lat' dir='ltr'><strong>legis</strong></span> <span class='ocrx_word' id='word_1_120' title='bbox 1266 1570 1398 1625; x_wconf 89' lang='lat' dir='ltr'><strong>dicit</strong></span> <span class='ocrx_word' id='word_1_121' title='bbox 1416 1571 1590 1628; x_wconf 87' lang='lat' dir='ltr'><strong>Glos.:</strong></span> <span class='ocrx_word' id='word_1_122' title='bbox 1610 1595 1636 1626; x_wconf 76' lang='lat' dir='ltr'><strong>&lt;t</strong></span> <span class='ocrx_word' id='word_1_123' title='bbox 1657 1575 1796 1631; x_wconf 88' lang='lat' dir='ltr'><strong>Ecce</strong></span> <span class='ocrx_word' id='word_1_124' title='bbox 1817 1579 1930 1634; x_wconf 86' lang='lat' dir='ltr'><strong>vita</strong></span> <span class='ocrx_word' id='word_1_125' title='bbox 1957 1583 2194 1649; x_wconf 85' lang='lat' dir='ltr'><strong>activa,»</strong></span> <span class='ocrx_word' id='word_1_126' title='bbox 2211 1586 2301 1642; x_wconf 88' lang='lat' dir='ltr'><strong>ubi</strong></span> 
     </span>
     <span class='ocr_line' id='line_1_16' title="bbox 294 1655 2298 1742; baseline 0.01 -32"><span class='ocrx_word' id='word_1_127' title='bbox 294 1663 481 1712; x_wconf 84' lang='lat' dir='ltr'><strong>autem</strong></span> <span class='ocrx_word' id='word_1_128' title='bbox 520 1665 709 1726; x_wconf 87' lang='lat' dir='ltr'><strong>postea</strong></span> <span class='ocrx_word' id='word_1_129' title='bbox 753 1655 1077 1725; x_wconf 83' lang='lat' dir='ltr'><strong>subjicitur:</strong></span> <span class='ocrx_word' id='word_1_130' title='bbox 1106 1655 1163 1710; x_wconf 83' lang='lat' dir='ltr'><strong>Si</strong></span> <span class='ocrx_word' id='word_1_131' title='bbox 1191 1655 1271 1709; x_wconf 80' lang='lat' dir='ltr'><strong>vis</strong></span> <span class='ocrx_word' id='word_1_132' title='bbox 1307 1657 1578 1729; x_wconf 79' lang='lat' dir='ltr'><strong>perfectus</strong></span> <span class='ocrx_word' id='word_1_133' title='bbox 1605 1677 1728 1728; x_wconf 80' lang='lat' dir='ltr'><strong>esse,</strong></span> <span class='ocrx_word' id='word_1_134' title='bbox 1757 1670 1885 1732; x_wconf 65' lang='lat' dir='ltr'><strong>etc„</strong></span> <span class='ocrx_word' id='word_1_135' title='bbox 1919 1667 2054 1742; x_wconf 79' lang='lat' dir='ltr'><strong>dicit</strong></span> <span class='ocrx_word' id='word_1_136' title='bbox 2099 1671 2250 1730; x_wconf 67' lang='lat' dir='ltr'><strong>Glos</strong></span> <span class='ocrx_word' id='word_1_137' title='bbox 2285 1691 2298 1730; x_wconf 77' lang='lat' dir='ltr'><strong>t</strong></span> 
     </span>
     <span class='ocr_line' id='line_1_17' title="bbox 292 1741 2298 1821; baseline 0.011 -24"><span class='ocrx_word' id='word_1_138' title='bbox 292 1765 317 1797; x_wconf 84' lang='lat'>«</span> <span class='ocrx_word' id='word_1_139' title='bbox 343 1746 486 1800; x_wconf 88' lang='lat' dir='ltr'><strong>Ecce</strong></span> <span class='ocrx_word' id='word_1_140' title='bbox 508 1746 620 1799; x_wconf 87' lang='lat' dir='ltr'><strong>vita</strong></span> <span class='ocrx_word' id='word_1_141' title='bbox 641 1741 1061 1813; x_wconf 70' lang='lat' dir='ltr'><strong>contemplativa</strong></span> <span class='ocrx_word' id='word_1_142' title='bbox 1081 1762 1129 1798; x_wconf 69' lang='lat' dir='ltr'><strong>n.</strong></span> <span class='ocrx_word' id='word_1_143' title='bbox 1150 1745 1269 1799; x_wconf 90' lang='lat' dir='ltr'><strong>Non</strong></span> <span class='ocrx_word' id='word_1_144' title='bbox 1293 1746 1506 1802; x_wconf 87' lang='lat' dir='ltr'><strong>videtur</strong></span> <span class='ocrx_word' id='word_1_145' title='bbox 1531 1765 1659 1821; x_wconf 83' lang='lat' dir='ltr'><strong>ergo</strong></span> <span class='ocrx_word' id='word_1_146' title='bbox 1676 1767 1794 1808; x_wconf 89' lang='lat' dir='ltr'><strong>esse</strong></span> <span class='ocrx_word' id='word_1_147' title='bbox 1817 1759 2208 1816; x_wconf 86' lang='lat' dir='ltr'><strong>transeundum</strong></span> <span class='ocrx_word' id='word_1_148' title='bbox 2229 1763 2298 1820; x_wconf 91' lang='lat' dir='ltr'><strong>ad</strong></span> 
     </span>
     <span class='ocr_line' id='line_1_18' title="bbox 289 1831 2300 1907; baseline 0.01 -19"><span class='ocrx_word' id='word_1_149' title='bbox 289 1834 571 1904; x_wconf 79' lang='lat' dir='ltr'><strong>religionis</strong></span> <span class='ocrx_word' id='word_1_150' title='bbox 602 1837 825 1897; x_wconf 87' lang='lat' dir='ltr'><strong>statum,</strong></span> <span class='ocrx_word' id='word_1_151' title='bbox 862 1831 963 1886; x_wconf 88' lang='lat' dir='ltr'><strong>nisi</strong></span> <span class='ocrx_word' id='word_1_152' title='bbox 991 1832 1138 1904; x_wconf 87' lang='lat' dir='ltr'><strong>prius</strong></span> <span class='ocrx_word' id='word_1_153' title='bbox 1168 1832 1366 1905; x_wconf 86' lang='lat' dir='ltr'><strong>aliquis</strong></span> <span class='ocrx_word' id='word_1_154' title='bbox 1401 1835 1563 1907; x_wconf 83' lang='lat' dir='ltr'><strong>fuerit</strong></span> <span class='ocrx_word' id='word_1_155' title='bbox 1590 1839 1643 1894; x_wconf 89' lang='lat' dir='ltr'><strong>in</strong></span> <span class='ocrx_word' id='word_1_156' title='bbox 1672 1840 1786 1897; x_wconf 89' lang='lat' dir='ltr'><strong>vita</strong></span> <span class='ocrx_word' id='word_1_157' title='bbox 1811 1845 1991 1901; x_wconf 86' lang='lat' dir='ltr'><strong>activa</strong></span> <span class='ocrx_word' id='word_1_158' title='bbox 2025 1851 2300 1907; x_wconf 85' lang='lat' dir='ltr'><strong>exercita-</strong></span> 
     </span>
     <span class='ocr_line' id='line_1_19' title="bbox 292 1920 2296 2012; baseline 0.009 -34"><span class='ocrx_word' id='word_1_159' title='bbox 292 1931 377 1978; x_wconf 85' lang='lat' dir='ltr'><strong>tus</strong></span> <span class='ocrx_word' id='word_1_160' title='bbox 408 1939 503 1994; x_wconf 89' lang='lat' dir='ltr'><strong>per</strong></span> <span class='ocrx_word' id='word_1_161' title='bbox 533 1920 935 1976; x_wconf 87' lang='lat' dir='ltr'><strong>observantiam</strong></span> <span class='ocrx_word' id='word_1_162' title='bbox 966 1923 1379 1994; x_wconf 79' lang='lat' dir='ltr'><strong>praeceptorum.</strong></span> <span class='ocrx_word' id='word_1_163' title='bbox 1413 1927 1712 1985; x_wconf 86' lang='lat' dir='ltr'><strong>Assumunt</strong></span> <span class='ocrx_word' id='word_1_164' title='bbox 1741 1929 1906 1988; x_wconf 89' lang='lat' dir='ltr'><strong>etiam</strong></span> <span class='ocrx_word' id='word_1_165' title='bbox 1937 1937 2083 2007; x_wconf 88' lang='lat' dir='ltr'><strong>quod</strong></span> <span class='ocrx_word' id='word_1_166' title='bbox 2127 1939 2296 2012; x_wconf 84' lang='lat' dir='ltr'><strong>Greg.</strong></span> 
     </span>
     <span class='ocr_line' id='line_1_20' title="bbox 290 2008 2298 2084; baseline 0.008 -17"><span class='ocrx_word' id='word_1_167' title='bbox 290 2012 422 2067; x_wconf 86' lang='lat' dir='ltr'><strong>dicit</strong></span> <span class='ocrx_word' id='word_1_168' title='bbox 449 2027 609 2082; x_wconf 83' lang='lat' dir='ltr'><strong>super</strong></span> <span class='ocrx_word' id='word_1_169' title='bbox 634 2008 899 2064; x_wconf 89' lang='lat' dir='ltr'><strong>Ezechiel.</strong></span> <span class='ocrx_word' id='word_1_170' title='bbox 932 2027 944 2063; x_wconf 90' lang='lat'>:</span> <span class='ocrx_word' id='word_1_171' title='bbox 972 2009 1135 2067; x_wconf 83' lang='lat' dir='ltr'><strong>Nemo</strong></span> <span class='ocrx_word' id='word_1_172' title='bbox 1164 2019 1374 2082; x_wconf 81' lang='lat' dir='ltr'><strong>repente</strong></span> <span class='ocrx_word' id='word_1_173' title='bbox 1402 2013 1468 2084; x_wconf 79' lang='lat' dir='ltr'><strong>fit</strong></span> <span class='ocrx_word' id='word_1_174' title='bbox 1489 2031 1745 2083; x_wconf 77' lang='lat' dir='ltr'><strong>summus,</strong></span> <span class='ocrx_word' id='word_1_175' title='bbox 1784 2019 1872 2074; x_wconf 78' lang='lat' dir='ltr'><strong>sed</strong></span> <span class='ocrx_word' id='word_1_176' title='bbox 1905 2021 1965 2077; x_wconf 81' lang='lat' dir='ltr'><strong>in</strong></span> <span class='ocrx_word' id='word_1_177' title='bbox 2003 2023 2138 2082; x_wconf 80' lang='lat' dir='ltr'><strong>bona</strong></span> <span class='ocrx_word' id='word_1_178' title='bbox 2169 2044 2298 2083; x_wconf 84' lang='lat' dir='ltr'><strong>con-</strong></span> 
     </span>
     <span class='ocr_line' id='line_1_21' title="bbox 288 2098 2318 2179; baseline 0.009 -25"><span class='ocrx_word' id='word_1_179' title='bbox 288 2100 524 2155; x_wconf 78' lang='lat' dir='ltr'><strong>versione</strong></span> <span class='ocrx_word' id='word_1_180' title='bbox 560 2116 594 2154; x_wconf 89' lang='lat' dir='ltr'><strong>a</strong></span> <span class='ocrx_word' id='word_1_181' title='bbox 629 2098 869 2153; x_wconf 83' lang='lat' dir='ltr'><strong>minimis</strong></span> <span class='ocrx_word' id='word_1_182' title='bbox 906 2099 1023 2169; x_wconf 72' lang='lat' dir='ltr'><strong>quia</strong></span> <span class='ocrx_word' id='word_1_183' title='bbox 1054 2099 1280 2165; x_wconf 76' lang='lat' dir='ltr'><strong>inchoat,</strong></span> <span class='ocrx_word' id='word_1_184' title='bbox 1324 2108 1383 2155; x_wconf 77' lang='lat' dir='ltr'><strong>ut</strong></span> <span class='ocrx_word' id='word_1_185' title='bbox 1423 2103 1494 2158; x_wconf 87' lang='lat' dir='ltr'><strong>ad</strong></span> <span class='ocrx_word' id='word_1_186' title='bbox 1519 2122 1714 2177; x_wconf 76' lang='lat' dir='ltr'><strong>mayna</strong></span> <span class='ocrx_word' id='word_1_187' title='bbox 1741 2110 2042 2179; x_wconf 82' lang='lat' dir='ltr'><strong>perveniat.</strong></span> <span class='ocrx_word' id='word_1_188' title='bbox 2074 2107 2318 2173; x_wconf 38' lang='lat' dir='ltr'><strong>Minima*</strong></span> 
     </span>
     <span class='ocr_line' id='line_1_22' title="bbox 290 2188 2295 2266; baseline 0.009 -22"><span class='ocrx_word' id='word_1_189' title='bbox 290 2197 469 2244; x_wconf 84' lang='lat' dir='ltr'><strong>autem</strong></span> <span class='ocrx_word' id='word_1_190' title='bbox 514 2188 764 2242; x_wconf 84' lang='lat' dir='ltr'><strong>videntur</strong></span> <span class='ocrx_word' id='word_1_191' title='bbox 806 2202 923 2242; x_wconf 90' lang='lat' dir='ltr'><strong>esse</strong></span> <span class='ocrx_word' id='word_1_192' title='bbox 953 2196 1224 2260; x_wconf 78' lang='lat' dir='ltr'><strong>praecepta</strong></span> <span class='ocrx_word' id='word_1_193' title='bbox 1253 2189 1532 2262; x_wconf 83' lang='lat' dir='ltr'><strong>Decalogi‚</strong></span> <span class='ocrx_word' id='word_1_194' title='bbox 1576 2209 1774 2266; x_wconf 85' lang='lat' dir='ltr'><strong>magna</strong></span> <span class='ocrx_word' id='word_1_195' title='bbox 1816 2205 1998 2254; x_wconf 84' lang='lat' dir='ltr'><strong>autem</strong></span> <span class='ocrx_word' id='word_1_196' title='bbox 2038 2201 2295 2262; x_wconf 89' lang='lat' dir='ltr'><strong>videntur</strong></span> 
     </span>
     <span class='ocr_line' id='line_1_23' title="bbox 228 2275 2296 2350; baseline 0.01 -21"><span class='ocrx_word' id='word_1_197' title='bbox 228 2313 230 2315; x_wconf 75' lang='lat'><strong>.</strong></span> <span class='ocrx_word' id='word_1_198' title='bbox 290 2293 406 2330; x_wconf 87' lang='lat' dir='ltr'><strong>csse</strong></span> <span class='ocrx_word' id='word_1_199' title='bbox 454 2275 697 2342; x_wconf 88' lang='lat' dir='ltr'><strong>consilia,</strong></span> <span class='ocrx_word' id='word_1_200' title='bbox 748 2289 873 2347; x_wconf 85' lang='lat' dir='ltr'><strong>quae</strong></span> <span class='ocrx_word' id='word_1_201' title='bbox 913 2275 1180 2345; x_wconf 85' lang='lat' dir='ltr'><strong>pertinent</strong></span> <span class='ocrx_word' id='word_1_202' title='bbox 1226 2275 1293 2330; x_wconf 91' lang='lat' dir='ltr'><strong>ad</strong></span> <span class='ocrx_word' id='word_1_203' title='bbox 1325 2278 1712 2348; x_wconf 87' lang='lat' dir='ltr'><strong>perfectionem</strong></span> <span class='ocrx_word' id='word_1_204' title='bbox 1760 2283 1908 2342; x_wconf 85' lang='lat' dir='ltr'><strong>vilae.</strong></span> <span class='ocrx_word' id='word_1_205' title='bbox 1955 2288 2100 2344; x_wconf 84' lang='lat' dir='ltr'><strong>Dicit</strong></span> <span class='ocrx_word' id='word_1_206' title='bbox 2149 2295 2296 2350; x_wconf 89' lang='lat' dir='ltr'><strong>enim</strong></span> 
     </span>
     <span class='ocr_line' id='line_1_24' title="bbox 286 2364 2294 2456; baseline 0.009 -35"><span class='ocrx_word' id='word_1_207' title='bbox 286 2367 426 2436; x_wconf 81' lang='lat' dir='ltr'><strong>Aug.</strong></span> <span class='ocrx_word' id='word_1_208' title='bbox 464 2367 518 2420; x_wconf 89' lang='lat' dir='ltr'><strong>in</strong></span> <span class='ocrx_word' id='word_1_209' title='bbox 563 2364 653 2420; x_wconf 91' lang='lat' dir='ltr'><strong>lib.</strong></span> <span class='ocrx_word' id='word_1_210' title='bbox 698 2365 765 2419; x_wconf 88' lang='lat' dir='ltr'><strong>de</strong></span> <span class='ocrx_word' id='word_1_211' title='bbox 807 2379 1055 2418; x_wconf 88' lang='lat' dir='ltr'><strong>sermone</strong></span> <span class='ocrx_word' id='word_1_212' title='bbox 1097 2365 1314 2418; x_wconf 88' lang='lat' dir='ltr'><strong>Domini</strong></span> <span class='ocrx_word' id='word_1_213' title='bbox 1362 2366 1418 2420; x_wconf 91' lang='lat' dir='ltr'><strong>in</strong></span> <span class='ocrx_word' id='word_1_214' title='bbox 1461 2376 1646 2425; x_wconf 89' lang='lat' dir='ltr'><strong>monte</strong></span> <span class='ocrx_word' id='word_1_215' title='bbox 1692 2389 1705 2426; x_wconf 90' lang='lat'><strong>:</strong></span> <span class='ocrx_word' id='word_1_216' title='bbox 1739 2373 1843 2428; x_wconf 81' lang='lat' dir='ltr'><strong>Illa</strong></span> <span class='ocrx_word' id='word_1_217' title='bbox 1872 2393 1988 2446; x_wconf 82' lang='lat' dir='ltr'><strong>quoe</strong></span> <span class='ocrx_word' id='word_1_218' title='bbox 2025 2391 2294 2456; x_wconf 67' lang='lat' dir='ltr'><strong>praecepta</strong></span> 
     </span>
     <span class='ocr_line' id='line_1_25' title="bbox 286 2451 2292 2537; baseline 0.009 -29"><span class='ocrx_word' id='word_1_219' title='bbox 286 2461 410 2514; x_wconf 72' lang='lat' dir='ltr'><strong>scint</strong></span> <span class='ocrx_word' id='word_1_220' title='bbox 448 2453 510 2508; x_wconf 77' lang='lat' dir='ltr'><strong>in</strong></span> <span class='ocrx_word' id='word_1_221' title='bbox 548 2454 653 2524; x_wconf 82' lang='lat' dir='ltr'><strong>le9e</strong></span> <span class='ocrx_word' id='word_1_222' title='bbox 691 2453 947 2506; x_wconf 76' lang='lat' dir='ltr'><strong>dicuntur</strong></span> <span class='ocrx_word' id='word_1_223' title='bbox 986 2451 1234 2518; x_wconf 84' lang='lat' dir='ltr'><strong>minima,</strong></span> <span class='ocrx_word' id='word_1_224' title='bbox 1265 2467 1376 2524; x_wconf 80' lang='lat' dir='ltr'><strong>quoe</strong></span> <span class='ocrx_word' id='word_1_225' title='bbox 1405 2462 1584 2511; x_wconf 72' lang='lat' dir='ltr'><strong>azitem</strong></span> <span class='ocrx_word' id='word_1_226' title='bbox 1621 2457 1868 2517; x_wconf 75' lang='lat' dir='ltr'><strong>Christus</strong></span> <span class='ocrx_word' id='word_1_227' title='bbox 1910 2464 2152 2522; x_wconf 80' lang='lat' dir='ltr'><strong>dicturus</strong></span> <span class='ocrx_word' id='word_1_228' title='bbox 2195 2479 2292 2537; x_wconf 81' lang='lat' dir='ltr'><strong>est,</strong></span> 
     </span>
     <span class='ocr_line' id='line_1_26' title="bbox 285 2541 2290 2627; baseline 0.009 -31"><span class='ocrx_word' id='word_1_229' title='bbox 285 2549 407 2598; x_wconf 78' lang='lat' dir='ltr'><strong>sunt</strong></span> <span class='ocrx_word' id='word_1_230' title='bbox 433 2542 688 2597; x_wconf 74' lang='lat' dir='ltr'><strong>nzaoeima.</strong></span> <span class='ocrx_word' id='word_1_231' title='bbox 716 2541 908 2596; x_wconf 89' lang='lat' dir='ltr'><strong>Nullus</strong></span> <span class='ocrx_word' id='word_1_232' title='bbox 931 2556 1059 2612; x_wconf 87' lang='lat' dir='ltr'><strong>ergo</strong></span> <span class='ocrx_word' id='word_1_233' title='bbox 1081 2541 1241 2598; x_wconf 91' lang='lat' dir='ltr'><strong>debet</strong></span> <span class='ocrx_word' id='word_1_234' title='bbox 1268 2543 1335 2598; x_wconf 89' lang='lat' dir='ltr'><strong>ad</strong></span> <span class='ocrx_word' id='word_1_235' title='bbox 1361 2543 1767 2602; x_wconf 82' lang='lat' dir='ltr'><strong>observantiam</strong></span> <span class='ocrx_word' id='word_1_236' title='bbox 1791 2552 2075 2622; x_wconf 81' lang='lat' dir='ltr'><strong>majorum,</strong></span> <span class='ocrx_word' id='word_1_237' title='bbox 2105 2545 2290 2627; x_wconf 60' lang='lat' dir='ltr'><strong>idest,</strong></span> 
     </span>
     <span class='ocr_line' id='line_1_27' title="bbox 285 2630 2293 2720; baseline 0.009 -35"><span class='ocrx_word' id='word_1_238' title='bbox 285 2633 633 2686; x_wconf 87' lang='lat' dir='ltr'><strong>consiliorum</strong></span> <span class='ocrx_word' id='word_1_239' title='bbox 664 2630 923 2686; x_wconf 87' lang='lat' dir='ltr'><strong>accedere</strong></span> <span class='ocrx_word' id='word_1_240' title='bbox 950 2630 1053 2686; x_wconf 90' lang='lat' dir='ltr'><strong>nisi</strong></span> <span class='ocrx_word' id='word_1_241' title='bbox 1091 2631 1241 2702; x_wconf 85' lang='lat' dir='ltr'><strong>prius</strong></span> <span class='ocrx_word' id='word_1_242' title='bbox 1265 2631 1320 2686; x_wconf 89' lang='lat' dir='ltr'><strong>in</strong></span> <span class='ocrx_word' id='word_1_243' title='bbox 1352 2632 1652 2690; x_wconf 87' lang='lat' dir='ltr'><strong>minoribus</strong></span> <span class='ocrx_word' id='word_1_244' title='bbox 1679 2635 1782 2693; x_wconf 94' lang='lat' dir='ltr'><strong>hoc</strong></span> <span class='ocrx_word' id='word_1_245' title='bbox 1805 2647 1890 2696; x_wconf 89' lang='lat' dir='ltr'><strong>est</strong></span> <span class='ocrx_word' id='word_1_246' title='bbox 1917 2640 1970 2695; x_wconf 90' lang='lat' dir='ltr'><strong>in</strong></span> <span class='ocrx_word' id='word_1_247' title='bbox 2000 2647 2293 2720; x_wconf 83' lang='lat' dir='ltr'><strong>praeceptis</strong></span> 
     </span>
     <span class='ocr_line' id='line_1_28' title="bbox 286 2721 2074 2776; baseline 0.011 -1"><span class='ocrx_word' id='word_1_248' title='bbox 286 2721 636 2776; x_wconf 76' lang='lat' dir='ltr'><strong>exercitatus·</strong></span> <span class='ocrx_word' id='word_1_249' title='bbox 2070 2728 2074 2732; x_wconf 63' lang='grc'><strong>’</strong></span> 
     </span>
    </p>

    <p class='ocr_par' dir='ltr' id='par_1_4' title="bbox 279 2807 2292 3583">
     <span class='ocr_line' id='line_1_29' title="bbox 359 2807 2286 2882; baseline 0.009 -17"><span class='ocrx_word' id='word_1_250' title='bbox 359 2813 490 2866; x_wconf 85' lang='lat' dir='ltr'><strong>{tem</strong></span> <span class='ocrx_word' id='word_1_251' title='bbox 528 2810 693 2880; x_wconf 86' lang='lat' dir='ltr'><strong>Greg.</strong></span> <span class='ocrx_word' id='word_1_252' title='bbox 730 2809 863 2864; x_wconf 88' lang='lat' dir='ltr'><strong>dicit</strong></span> <span class='ocrx_word' id='word_1_253' title='bbox 898 2817 951 2864; x_wconf 87' lang='lat' dir='ltr'><strong>et</strong></span> <span class='ocrx_word' id='word_1_254' title='bbox 981 2807 1211 2865; x_wconf 86' lang='lat' dir='ltr'><strong>habetur</strong></span> <span class='ocrx_word' id='word_1_255' title='bbox 1240 2809 1297 2865; x_wconf 89' lang='lat' dir='ltr'><strong>in</strong></span> <span class='ocrx_word' id='word_1_256' title='bbox 1330 2810 1574 2867; x_wconf 79' lang='lat' dir='ltr'><strong>Decretis</strong></span> <span class='ocrx_word' id='word_1_257' title='bbox 1603 2813 1952 2874; x_wconf 85' lang='lat' dir='ltr'><strong>distinctione</strong></span> <span class='ocrx_word' id='word_1_258' title='bbox 1987 2835 2194 2882; x_wconf 72' lang='lat' dir='ltr'><strong>xnvlu.</strong></span> <span class='ocrx_word' id='word_1_259' title='bbox 2235 2843 2286 2882; x_wconf 77' lang='lat' dir='ltr'><strong>c,</strong></span> 
     </span>
     <span class='ocr_line' id='line_1_30' title="bbox 284 2896 2290 2984; baseline 0.008 -29"><span class='ocrx_word' id='word_1_260' title='bbox 284 2901 430 2956; x_wconf 80' lang='lat' dir='ltr'><strong>Sicut</strong></span> <span class='ocrx_word' id='word_1_261' title='bbox 460 2917 477 2955; x_wconf 94' lang='grc'><strong>.·</strong></span> <span class='ocrx_word' id='word_1_262' title='bbox 507 2899 704 2954; x_wconf 75' lang='lat' dir='ltr'><strong>Scimus</strong></span> <span class='ocrx_word' id='word_1_263' title='bbox 732 2896 867 2969; x_wconf 79' lang='lat' dir='ltr'><strong>quod</strong></span> <span class='ocrx_word' id='word_1_264' title='bbox 894 2897 1145 2967; x_wconf 80' lang='lat' dir='ltr'><strong>aedificati</strong></span> <span class='ocrx_word' id='word_1_265' title='bbox 1166 2899 1406 2969; x_wconf 79' lang='lat' dir='ltr'><strong>parietes</strong></span> <span class='ocrx_word' id='word_1_266' title='bbox 1433 2917 1540 2957; x_wconf 82' lang='lat' dir='ltr'><strong>non</strong></span> <span class='ocrx_word' id='word_1_267' title='bbox 1576 2903 1736 2974; x_wconf 77' lang='lat' dir='ltr'><strong>prius</strong></span> <span class='ocrx_word' id='word_1_268' title='bbox 1778 2905 2048 2978; x_wconf 73' lang='lat' dir='ltr'><strong>tiynorum</strong></span> <span class='ocrx_word' id='word_1_269' title='bbox 2084 2915 2290 2984; x_wconf 78' lang='lat' dir='ltr'><strong>pondus</strong></span> 
     </span>
     <span class='ocr_line' id='line_1_31' title="bbox 284 2986 2292 3072; baseline 0.008 -29"><span class='ocrx_word' id='word_1_270' title='bbox 284 2989 569 3060; x_wconf 69' lang='lat' dir='ltr'><strong>accipiunt,</strong></span> <span class='ocrx_word' id='word_1_271' title='bbox 592 2986 702 3041; x_wconf 79' lang='lat' dir='ltr'><strong>nisi</strong></span> <span class='ocrx_word' id='word_1_272' title='bbox 724 3003 759 3040; x_wconf 87' lang='lat' dir='ltr'><strong>a</strong></span> <span class='ocrx_word' id='word_1_273' title='bbox 780 2987 1035 3041; x_wconf 76' lang='lat' dir='ltr'><strong>novitatis</strong></span> <span class='ocrx_word' id='word_1_274' title='bbox 1056 3002 1164 3042; x_wconf 81' lang='lat' dir='ltr'><strong>suoe</strong></span> <span class='ocrx_word' id='word_1_275' title='bbox 1183 2988 1407 3060; x_wconf 20' lang='lat' dir='ltr'><strong>‘humore</strong></span> <span class='ocrx_word' id='word_1_276' title='bbox 1429 2989 1725 3060; x_wconf 75' lang='lat' dir='ltr'><strong>siccentur;</strong></span> <span class='ocrx_word' id='word_1_277' title='bbox 1750 3010 1814 3050; x_wconf 80' lang='lat' dir='ltr'><strong>ne</strong></span> <span class='ocrx_word' id='word_1_278' title='bbox 1836 2996 1884 3050; x_wconf 76' lang='lat' dir='ltr'><strong>si</strong></span> <span class='ocrx_word' id='word_1_279' title='bbox 1907 3007 2032 3054; x_wconf 81' lang='lat' dir='ltr'><strong>ante</strong></span> <span class='ocrx_word' id='word_1_280' title='bbox 2048 3003 2292 3072; x_wconf 81' lang='lat' dir='ltr'><strong>pondera</strong></span> 
     </span>
     <span class='ocr_line' id='line_1_32' title="bbox 284 3075 2289 3157; baseline 0.008 -24"><span class='ocrx_word' id='word_1_281' title='bbox 284 3095 439 3150; x_wconf 85' lang='lat' dir='ltr'><strong>quam</strong></span> <span class='ocrx_word' id='word_1_282' title='bbox 467 3077 757 3134; x_wconf 77' lang='lat' dir='ltr'><strong>solidentur</strong></span> <span class='ocrx_word' id='word_1_283' title='bbox 786 3075 1071 3148; x_wconf 81' lang='lat' dir='ltr'><strong>accipiant,</strong></span> <span class='ocrx_word' id='word_1_284' title='bbox 1102 3083 1343 3134; x_wconf 80' lang='lat' dir='ltr'><strong>cunctam</strong></span> <span class='ocrx_word' id='word_1_285' title='bbox 1372 3079 1536 3136; x_wconf 70' lang='lat' dir='ltr'><strong>simul</strong></span> <span class='ocrx_word' id='word_1_286' title='bbox 1563 3081 1634 3136; x_wconf 84' lang='lat' dir='ltr'><strong>ad</strong></span> <span class='ocrx_word' id='word_1_287' title='bbox 1661 3090 1865 3140; x_wconf 80' lang='lat' dir='ltr'><strong>terram</strong></span> <span class='ocrx_word' id='word_1_288' title='bbox 1889 3085 2155 3157; x_wconf 79' lang='lat' dir='ltr'><strong>fabricam</strong></span> <span class='ocrx_word' id='word_1_289' title='bbox 2192 3093 2289 3148; x_wconf 80' lang='lat' dir='ltr'><strong>de·-</strong></span> 
     </span>
     <span class='ocr_line' id='line_1_33' title="bbox 279 3165 2286 3252; baseline 0.008 -30"><span class='ocrx_word' id='word_1_290' title='bbox 279 3175 502 3240; x_wconf 77' lang='lat' dir='ltr'><strong>ponant.</strong></span> <span class='ocrx_word' id='word_1_291' title='bbox 544 3165 749 3222; x_wconf 86' lang='lat' dir='ltr'><strong>Ibidem</strong></span> <span class='ocrx_word' id='word_1_292' title='bbox 777 3165 943 3220; x_wconf 87' lang='lat' dir='ltr'><strong>etiam</strong></span> <span class='ocrx_word' id='word_1_293' title='bbox 973 3165 1204 3222; x_wconf 88' lang='lat' dir='ltr'><strong>habetur</strong></span> <span class='ocrx_word' id='word_1_294' title='bbox 1232 3183 1300 3223; x_wconf 88' lang='lat' dir='ltr'><strong>ex</strong></span> <span class='ocrx_word' id='word_1_295' title='bbox 1328 3167 1492 3224; x_wconf 84' lang='lat' dir='ltr'><strong>dictis</strong></span> <span class='ocrx_word' id='word_1_296' title='bbox 1515 3169 1767 3242; x_wconf 86' lang='lat' dir='ltr'><strong>Gregorii</strong></span> <span class='ocrx_word' id='word_1_297' title='bbox 1796 3189 1809 3227; x_wconf 73' lang='grc' dir='ltr'>ε</span> <span class='ocrx_word' id='word_1_298' title='bbox 1845 3173 2039 3232; x_wconf 76' lang='lat' dir='ltr'><strong>Casum</strong></span> <span class='ocrx_word' id='word_1_299' title='bbox 2063 3183 2286 3252; x_wconf 77' lang='lat' dir='ltr'><strong>appetit,</strong></span> 
     </span>
     <span class='ocr_line' id='line_1_34' title="bbox 282 3241 2289 3338; baseline 0.008 -29"><span class='ocrx_word' id='word_1_300' title='bbox 282 3257 375 3328; x_wconf 80' lang='lat' dir='ltr'><strong>qui</strong></span> <span class='ocrx_word' id='word_1_301' title='bbox 410 3241 489 3310; x_wconf 69' lang='grc' dir='ltr'><strong>ασῑ</strong></span> <span class='ocrx_word' id='word_1_302' title='bbox 506 3253 697 3310; x_wconf 81' lang='lat' dir='ltr'><strong>summi</strong></span> <span class='ocrx_word' id='word_1_303' title='bbox 725 3254 825 3311; x_wconf 80' lang='lat' dir='ltr'><strong>loci</strong></span> <span class='ocrx_word' id='word_1_304' title='bbox 845 3253 1067 3325; x_wconf 71' lang='lat' dir='ltr'><strong>fastiqia</strong></span> <span class='ocrx_word' id='word_1_305' title='bbox 1086 3261 1205 3326; x_wconf 81' lang='lat' dir='ltr'><strong>post</strong></span> <span class='ocrx_word' id='word_1_306' title='bbox 1231 3255 1420 3327; x_wconf 78' lang='lat' dir='ltr'><strong>positis</strong></span> <span class='ocrx_word' id='word_1_307' title='bbox 1440 3258 1694 3330; x_wconf 63' lang='lat' dir='ltr'><strong>aradibus</strong></span> <span class='ocrx_word' id='word_1_308' title='bbox 1714 3276 1816 3331; x_wconf 80' lang='lat' dir='ltr'><strong>per</strong></span> <span class='ocrx_word' id='word_1_309' title='bbox 1839 3261 2070 3338; x_wconf 80' lang='lat' dir='ltr'><strong>abrupta</strong></span> <span class='ocrx_word' id='word_1_310' title='bbox 2095 3270 2289 3338; x_wconf 70' lang='lat' dir='ltr'><strong>quaer-it</strong></span> 
     </span>
     <span class='ocr_line' id='line_1_35' title="bbox 282 3342 2291 3426; baseline 0.007 -26"><span class='ocrx_word' id='word_1_311' title='bbox 282 3361 567 3400; x_wconf 80' lang='lat' dir='ltr'><strong>ascensum.</strong></span> <span class='ocrx_word' id='word_1_312' title='bbox 614 3344 766 3400; x_wconf 89' lang='lat' dir='ltr'><strong>Unde</strong></span> <span class='ocrx_word' id='word_1_313' title='bbox 790 3342 1119 3419; x_wconf 85' lang='lat' dir='ltr'><strong>concludunt</strong></span> <span class='ocrx_word' id='word_1_314' title='bbox 1146 3346 1510 3417; x_wconf 85' lang='lat' dir='ltr'><strong>periculosum</strong></span> <span class='ocrx_word' id='word_1_315' title='bbox 1549 3363 1687 3414; x_wconf 87' lang='lat' dir='ltr'><strong>esse,</strong></span> <span class='ocrx_word' id='word_1_316' title='bbox 1734 3351 1881 3423; x_wconf 88' lang='lat' dir='ltr'><strong>quod</strong></span> <span class='ocrx_word' id='word_1_317' title='bbox 1909 3353 2108 3426; x_wconf 88' lang='lat' dir='ltr'><strong>aliquis</strong></span> <span class='ocrx_word' id='word_1_318' title='bbox 2136 3372 2291 3414; x_wconf 88' lang='lat' dir='ltr'><strong>sum-</strong></span> 
     </span>
     <span class='ocr_line' id='line_1_36' title="bbox 284 3432 2288 3516; baseline 0.007 -26"><span class='ocrx_word' id='word_1_319' title='bbox 284 3451 427 3490; x_wconf 90' lang='lat' dir='ltr'><strong>mam</strong></span> <span class='ocrx_word' id='word_1_320' title='bbox 463 3433 850 3507; x_wconf 81' lang='lat' dir='ltr'><strong>perfectionem</strong></span> <span class='ocrx_word' id='word_1_321' title='bbox 894 3432 1245 3489; x_wconf 86' lang='lat' dir='ltr'><strong>consiliorum</strong></span> <span class='ocrx_word' id='word_1_322' title='bbox 1274 3435 1546 3507; x_wconf 81' lang='lat' dir='ltr'><strong>attingere</strong></span> <span class='ocrx_word' id='word_1_323' title='bbox 1574 3447 1891 3510; x_wconf 81' lang='lat' dir='ltr'><strong>praesumat,</strong></span> <span class='ocrx_word' id='word_1_324' title='bbox 1923 3441 2027 3497; x_wconf 88' lang='lat' dir='ltr'><strong>nisi</strong></span> <span class='ocrx_word' id='word_1_325' title='bbox 2059 3445 2210 3516; x_wconf 86' lang='lat' dir='ltr'><strong>prius</strong></span> <span class='ocrx_word' id='word_1_326' title='bbox 2232 3447 2288 3504; x_wconf 92' lang='lat' dir='ltr'><strong>in</strong></span> 
     </span>
     <span class='ocr_line' id='line_1_37' title="bbox 282 3521 1768 3583; baseline 0.002 -3"><span class='ocrx_word' id='word_1_327' title='bbox 282 3524 584 3582; x_wconf 84' lang='lat' dir='ltr'><strong>minoribus</strong></span> <span class='ocrx_word' id='word_1_328' title='bbox 601 3522 705 3580; x_wconf 90' lang='lat' dir='ltr'><strong>hoc</strong></span> <span class='ocrx_word' id='word_1_329' title='bbox 730 3528 813 3578; x_wconf 89' lang='lat' dir='ltr'><strong>est</strong></span> <span class='ocrx_word' id='word_1_330' title='bbox 838 3522 894 3577; x_wconf 89' lang='lat' dir='ltr'><strong>in</strong></span> <span class='ocrx_word' id='word_1_331' title='bbox 921 3521 1193 3578; x_wconf 84' lang='lat' dir='ltr'><strong>mandatis</strong></span> <span class='ocrx_word' id='word_1_332' title='bbox 1222 3521 1386 3579; x_wconf 88' lang='lat' dir='ltr'><strong>fuerit</strong></span> <span class='ocrx_word' id='word_1_333' title='bbox 1415 3527 1768 3583; x_wconf 80' lang='lat' dir='ltr'><strong>exercitatus·</strong></span> 
     </span>
    </p>

    <p class='ocr_par' dir='ltr' id='par_1_5' title="bbox 280 3610 2375 3956">
     <span class='ocr_line' id='line_1_38' title="bbox 352 3610 2291 3690; baseline 0.009 -24"><span class='ocrx_word' id='word_1_334' title='bbox 352 3613 635 3685; x_wconf 86' lang='lat' dir='ltr'><strong>Adjiciunt</strong></span> <span class='ocrx_word' id='word_1_335' title='bbox 663 3613 850 3678; x_wconf 86' lang='lat' dir='ltr'><strong>etiam,</strong></span> <span class='ocrx_word' id='word_1_336' title='bbox 884 3610 1029 3686; x_wconf 90' lang='lat' dir='ltr'><strong>quod</strong></span> <span class='ocrx_word' id='word_1_337' title='bbox 1058 3615 1267 3665; x_wconf 82' lang='lat' dir='ltr'><strong>naturae</strong></span> <span class='ocrx_word' id='word_1_338' title='bbox 1291 3611 1483 3667; x_wconf 86' lang='lat' dir='ltr'><strong>ordine</strong></span> <span class='ocrx_word' id='word_1_339' title='bbox 1509 3614 1770 3672; x_wconf 88' lang='lat' dir='ltr'><strong>mandata</strong></span> <span class='ocrx_word' id='word_1_340' title='bbox 1799 3619 2116 3690; x_wconf 86' lang='lat' dir='ltr'><strong>praeoedunt</strong></span> <span class='ocrx_word' id='word_1_341' title='bbox 2151 3639 2291 3684; x_wconf 89' lang='lat' dir='ltr'><strong>con-</strong></span> 
     </span>
     <span class='ocr_line' id='line_1_39' title="bbox 280 3699 2375 3775; baseline 0.007 -16"><span class='ocrx_word' id='word_1_342' title='bbox 280 3704 427 3771; x_wconf 86' lang='lat' dir='ltr'><strong>silia,</strong></span> <span class='ocrx_word' id='word_1_343' title='bbox 475 3709 665 3775; x_wconf 88' lang='lat' dir='ltr'><strong>utpote</strong></span> <span class='ocrx_word' id='word_1_344' title='bbox 704 3701 881 3772; x_wconf 85' lang='lat' dir='ltr'><strong>magis</strong></span> <span class='ocrx_word' id='word_1_345' title='bbox 922 3699 1249 3767; x_wconf 88' lang='lat' dir='ltr'><strong>communia,</strong></span> <span class='ocrx_word' id='word_1_346' title='bbox 1282 3699 1552 3772; x_wconf 81' lang='lat' dir='ltr'><strong>aquibus</strong></span> <span class='ocrx_word' id='word_1_347' title='bbox 1577 3718 1684 3759; x_wconf 88' lang='lat' dir='ltr'><strong>non</strong></span> <span class='ocrx_word' id='word_1_348' title='bbox 1723 3707 2061 3766; x_wconf 86' lang='lat' dir='ltr'><strong>convertitur</strong></span> <span class='ocrx_word' id='word_1_349' title='bbox 2093 3728 2293 3772; x_wconf 86' lang='lat' dir='ltr'><strong>conse-</strong></span> <span class='ocrx_word' id='word_1_350' title='bbox 2370 3728 2375 3733; x_wconf 87' lang='grc'>·</span> 
     </span>
     <span class='ocr_line' id='line_1_40' title="bbox 284 3788 2287 3872; baseline 0.006 -26"><span class='ocrx_word' id='word_1_351' title='bbox 284 3791 509 3866; x_wconf 86' lang='lat' dir='ltr'><strong>quentia</strong></span> <span class='ocrx_word' id='word_1_352' title='bbox 546 3790 781 3847; x_wconf 87' lang='lat' dir='ltr'><strong>essendi.</strong></span> <span class='ocrx_word' id='word_1_353' title='bbox 821 3791 1049 3844; x_wconf 85' lang='lat' dir='ltr'><strong>Possunt</strong></span> <span class='ocrx_word' id='word_1_354' title='bbox 1087 3788 1231 3844; x_wconf 90' lang='lat' dir='ltr'><strong>enim</strong></span> <span class='ocrx_word' id='word_1_355' title='bbox 1255 3795 1530 3863; x_wconf 86' lang='lat' dir='ltr'><strong>praecepta</strong></span> <span class='ocrx_word' id='word_1_356' title='bbox 1558 3790 1676 3848; x_wconf 90' lang='lat' dir='ltr'><strong>sine</strong></span> <span class='ocrx_word' id='word_1_357' title='bbox 1717 3795 1957 3854; x_wconf 84' lang='lat' dir='ltr'><strong>consiliis</strong></span> <span class='ocrx_word' id='word_1_358' title='bbox 1988 3799 2287 3872; x_wconf 86' lang='lat' dir='ltr'><strong>observari,</strong></span> 
     </span>
     <span class='ocr_line' id='line_1_41' title="bbox 281 3878 2292 3956; baseline 0.004 -14"><span class='ocrx_word' id='word_1_359' title='bbox 281 3879 512 3942; x_wconf 81' lang='lat' dir='ltr'><strong>consilia</strong></span> <span class='ocrx_word' id='word_1_360' title='bbox 544 3894 676 3938; x_wconf 88' lang='lat' dir='ltr'><strong>vero</strong></span> <span class='ocrx_word' id='word_1_361' title='bbox 707 3879 825 3936; x_wconf 85' lang='lat' dir='ltr'><strong>sine</strong></span> <span class='ocrx_word' id='word_1_362' title='bbox 865 3878 1155 3953; x_wconf 83' lang='lat' dir='ltr'><strong>praeceptis</strong></span> <span class='ocrx_word' id='word_1_363' title='bbox 1183 3893 1550 3955; x_wconf 84' lang='lat' dir='ltr'><strong>nequaquam.</strong></span> <span class='ocrx_word' id='word_1_364' title='bbox 1590 3881 1745 3942; x_wconf 87' lang='lat' dir='ltr'><strong>Unde</strong></span> <span class='ocrx_word' id='word_1_365' title='bbox 1771 3885 2144 3952; x_wconf 81' lang='lat' dir='ltr'><strong>inordinatum</strong></span> <span class='ocrx_word' id='word_1_366' title='bbox 2173 3907 2292 3956; x_wconf 74' lang='lat' dir='ltr'><strong>esse</strong></span> 
     </span>
    </p>
   </div>
  </div>
 </body>
</html>
