2784 4392
530 275 661 321 xiv.
692 288 772 305 —
799 274 1038 321 conum
1075 273 1290 321 mane.
1340 274 1442 322 nm
1484 276 1656 327 cun-r.
1702 279 1781 326 εἰ·
1820 280 2029 331 nnuc.
2167 270 2286 333 145

175 433 183 439 .
277 388 447 448 debeo
500 391 633 448 mihi
691 398 865 449 totum
917 394 1154 467 eripere,
1210 401 1270 451 ut
1319 395 1531 452 scilicet
1582 398 1760 455 nudus
1802 416 2139 471 remaneam,
2196 405 2284 461 vel

273 481 482 554 absque
527 481 649 537 cibo
695 491 750 538 et
805 492 936 555 potu
960 484 1220 556 {tempore
1267 486 1642 555 comestionis,
1689 494 1746 545 et
1796 489 1865 546 de
1908 491 1991 547 his
2040 491 2283 567 loquitur

274 571 466 627 Glossa
502 587 514 625 :
551 590 576 623 «
610 570 872 641 Quaedam
907 579 1092 628 autem
1131 580 1256 629 sunt
1287 573 1631 645 temporalia,
1660 591 1785 649 quae
1822 588 2173 638 reservantur
2211 583 2282 639 ad

273 658 666 732 providendum
691 660 1001 716 necessitati
1033 660 1280 733 corporis
1309 662 1663 732 infuturum,
1692 664 1836 721 sicut
1869 668 2120 740 pecunia,
2149 685 2282 741 pos-

271 748 560 815 sessiones,
601 755 654 803 et
698 749 1027 820 hujusmodi,
1071 758 1126 804 et
1175 752 1278 805 ista
1323 749 1455 807 talia
1497 760 1725 827 possunt
1772 770 1802 811 a
1836 756 2095 825 perfectis
2136 758 2275 815 viris

273 837 514 893 totaliter
551 836 673 893 aliis
712 838 852 903 dari,
881 839 1009 910 quia
1051 839 1268 895 iiterim
1313 846 1611 917 antequam
1635 843 1939 901 necessitas
1968 846 2271 914 immineat,
2348 828 2351 831 Α

270 933 448 998 potest
478 942 573 1000 per
611 926 851 983 divinam
882 927 1283 999 providentiam
1327 927 1707 1001 multipliciter
1742 931 2040 1003 subveniri,
2069 935 2136 991 de
2166 952 2276 1010 qua

269 1016 524 1072 fiduciam
553 1014 754 1071 habere
783 1030 1064 1071 monemur
1091 1017 1145 1071 in
1171 1017 1487 1089 Scripturis.
1526 1036 1552 1068 n

339 1105 418 1161 Ad
444 1104 574 1159 iilud
598 1104 740 1177 quod
769 1114 963 1161 octavo
995 1103 1270 1177 objicitur,
1300 1104 1595 1161 dicendum
1618 1106 1761 1181 quod
1781 1110 2035 1181 quamvis
2065 1128 2172 1169 non
2202 1113 2275 1169 sit

267 1198 620 1265 praeceptum,
655 1194 800 1265 quod
832 1193 962 1248 nihi!
997 1194 1242 1265 pecuniae
1281 1192 1347 1249 ad
1395 1210 1525 1249 usus
1555 1198 1895 1253 necessarios
1938 1210 2269 1269 reservatur,

266 1289 350 1337 cst
391 1287 572 1336 tamen
601 1280 909 1349 consilium,
942 1296 1045 1337 nec
1077 1282 1337 1336 Dominus
1364 1279 1571 1337 loculos
1610 1282 1819 1349 habuit,
1854 1286 2012 1358 quasi
2059 1288 2197 1344 alias
2222 1292 2270 1344 ei

265 1386 370 1427 non
401 1368 666 1440 potuisset
704 1369 998 1441 provideri,
1032 1370 1128 1425 sed
1165 1376 1222 1424 ut
1255 1370 1595 1425 infirmorum
1642 1387 1839 1443 gerens
1868 1390 2173 1446 personam,
2214 1386 2273 1433 ut

265 1458 367 1513 sibi
396 1458 603 1513 licitum
631 1458 917 1514 crederent
947 1458 1091 1531 quod
1124 1474 1154 1513 a
1180 1458 1397 1514 Christo
1420 1459 1768 1515 observatum
1798 1461 2051 1518 viderent
2080 1480 2095 1518 ε
2130 1465 2271 1521 unde

263 1548 418 1603 Joan.
445 1562 553 1615 xn,
581 1563 742 1620 super
763 1545 896 1607 illud
925 1563 944 1601 .·
971 1548 1042 1602 Et
1071 1548 1260 1601 loculos
1293 1545 1505 1611 habens,
1536 1546 1673 1602 dicit
1703 1547 1897 1603 Glossa
1932 1565 1946 1603 z
1981 1570 2006 1602 α
2034 1551 2133 1606 Cui
2159 1553 2269 1607 mi-

264 1638 499 1692 nistrant
534 1635 732 1707 angeli,
766 1634 969 1691 loculos
998 1634 1155 1690 habet
1189 1634 1244 1689 in
1287 1640 1538 1707 sumptus
1581 1650 1904 1707 pauperum,
1927 1637 2271 1695 condescen-

263 1726 398 1781 dens
433 1722 676 1793 infirmi's,
729 1743 754 1775 »
799 1731 856 1779 et
891 1739 1056 1796 super
1100 1722 1232 1778 ittud
1284 1722 1479 1778 Psalm.
1532 1738 1633 1778 cut
1678 1740 1693 1777 ε
1742 1724 2047 1781 Producens
2082 1724 2267 1798 fenum

253 1813 532 1886 jnnaeentis,
562 1813 695 1869 dicit
723 1811 918 1869 Glossa
948 1829 960 1866 ε
990 1831 1016 1863 α
1055 1810 1320 1866 Dominus
1360 1809 1565 1866 loculos
1602 1808 1795 1867 habuit
1820 1810 1874 1867 in
1918 1826 2048 1869 usus
2078 1830 2267 1872 eorum

261 1903 354 1975 qui
377 1918 498 1958 cum
521 1916 586 1957 eo
609 1910 784 1968 erant,
806 1908 860 1957 et
885 1914 1032 1967 suOS,
1053 1915 1344 1974 personam
1371 1898 1710 1956 infirmorum
1738 1902 1911 1973 magis
1939 1904 2261 1977 suscipienS,

261 1999 322 2046 ut
362 1992 434 2047 ibi
464 2008 489 2059 ε,
514 1990 710 2047 Tristis
744 1998 818 2047 est
848 1990 1034 2045 anima
1071 2006 1206 2046 mea.
1239 1988 1441 2045 Habuit
1484 1998 1539 2048 et
1579 1987 1863 2062 religiosas
1909 1992 2163 2049 mutieres
2210 1995 2263 2051 in

2740 1117 2751 1129 ι
2744 1062 2751 1067 -

2766 1216 2784 1231 ὶ
2765 952 2784 1184 sut-n..
2782 912 2784 919 .

2767 1270 2784 1317 [j

2729 1268 2756 1391 ists*-
2736 1216 2755 1229 ι
2736 1150 2753 1180 ιι

2770 1528 2784 1641 .-ιιι
2768 1418 2784 1507 ιι-.
2768 1336 2784 1393 BL.

2738 2050 2784 2069 ε
2734 1732 2784 2023 mmm!
2729 1400 2784 1641 unm-2

261 2080 543 2147 comitatu,
570 2094 696 2153 quae
725 2079 1109 2135 ministrabant
1137 2080 1188 2135 ei
1220 2079 1300 2133 >de
1327 2077 1635 2135 substantia
1666 2095 1787 2135 sua.
1828 2080 2085 2137 Praevidit
2119 2082 2264 2145 enim

261 2168 462 2225 multos
507 2168 752 2223 infirmos
797 2165 1027 2234 futuros,
1073 2174 1130 2222 et
1172 2166 1278 2221 ista
1319 2165 1668 2238 quaesituroS,
1721 2175 1777 2224 et
1826 2176 2009 2224 tamen
2056 2169 2264 2225 loculos

257 2272 399 2331 quos
419 2255 674 2318 habebat,
701 2269 767 2309 ex
796 2252 1228 2325 possessionibus
1249 2269 1357 2309 non
1383 2254 1722 2326 impleverat,
1746 2256 1841 2311 sed
1868 2272 1935 2313 ex
1954 2256 2041 2314 his
2065 2274 2191 2331 quae
2212 2260 2261 2315 ei

257 2362 290 2403 a
319 2344 534 2402 devotis
560 2349 616 2398 et
645 2340 896 2398 fidelibus
924 2340 1472 2397 administrabantur.
1506 2362 1531 2392 »

328 2434 408 2491 Ad
430 2446 630 2489 nonum
647 2430 956 2497 dicendum,
983 2429 1126 2502 quod
1155 2429 1298 2484 sicut
1318 2429 1370 2483 in
1393 2430 1439 2483 Π
1461 2428 1639 2485 Echio.
1660 2429 2077 2500 determinatur,
2110 2454 2136 2487 «
2158 2450 2265 2489 me·

255 2524 408 2579 dium
426 2523 476 2577 in
495 2520 788 2578 virtutibus
813 2532 915 2575 non
945 2518 1212 2591 accipitur
1231 2516 1533 2573 secundum
1550 2517 1869 2574 distantiam
1886 2520 1956 2575 ab
1980 2523 2255 2589 extremis,

255 2612 354 2668 sed
375 2610 670 2667 secundum
701 2609 941 2665 debitam
969 2606 1375 2681 proportionem
1397 2606 1959 2675 circumstantiarum,
1986 2624 2150 2681 quam
2178 2611 2261 2667 sa-

255 2702 334 2757 cit
359 2700 500 2756 ratio
530 2705 700 2755 recta.
723 2718 750 2751 2>
775 2697 927 2756 Unde
956 2712 1064 2753 non
1095 2702 1310 2770 oportet
1329 2695 1473 2767 quod
1505 2694 1744 2751 medium
1772 2697 1992 2754 virtutis
2020 2699 2095 2755 sit
2120 2700 2263 2755 inter

2740 2120 2784 2179 Ϊξ.

255 2788 608 2862 superfluum,
639 2794 695 2842 et
719 2786 1050 2844 diminutum
1081 2786 1134 2841 in
1162 2798 1491 2857 unaquaque
1514 2784 1929 2841 circumstantia
1959 2787 2261 2843 secundum
2307 2812 2309 2815 >

237 2893 317 2951 ⁸se
345 2878 710 2943 considerata,
752 2875 847 2932 sed
887 2876 944 2931 in
985 2890 1093 2931 una
1131 2874 1546 2930 circumstantia
1571 2890 1670 2947 per
1697 2876 2167 2947 comparationem
2191 2876 2260 2932 ad

255 2965 414 3023 aliaS.
437 2964 718 3036 Contingit
755 2964 898 3019 enim
929 2962 1259 3035 quandoque
1299 2962 1445 3035 quod
1478 2963 1639 3018 unius
1681 2962 2111 3021 circumstantiae
2139 2981 2260 3021 me-

255 3054 406 3111 dium
433 3054 648 3110 variare
672 3056 887 3125 oportet
915 3051 1214 3107 secundum
1248 3050 1608 3107 variationem
1638 3050 1865 3108 alterius
1894 3053 2261 3108 circumstan-

255 3144 368 3210 tiae,
402 3142 550 3197 verbi
581 3141 776 3213 gratia,
808 3141 863 3194 in
905 3140 1202 3196 sobrietate
1233 3140 1429 3195 modus
1457 3137 1618 3210 hujus
1646 3140 2095 3205 circumstantiae,
2119 3140 2257 3211 quiS,

231 3231 502 3288 .variatur
521 3229 822 3287 secundum
843 3229 1167 3293 varietatem
1191 3228 1357 3300 hujus
1381 3228 1831 3293 circumstantiae,
1854 3226 2003 3298 quid.
2032 3226 2263 3284 Constat

252 3320 400 3376 enim
439 3317 645 3391 aliquid
688 3318 743 3371 in
781 3317 964 3373 cibum
1007 3331 1224 3372 sumere
1264 3321 1349 3370 est
1392 3314 1555 3370 alicui
1602 3329 1849 3385 personae
1897 3314 2259 3382 moderatum,

251 3405 398 3482 quod
431 3403 587 3460 alteri
619 3420 865 3476 personae
891 3412 975 3460 est
994 3402 1349 3476 superfluum,
1380 3402 1541 3457 alteri
1565 3417 1695 3458 vero
1724 3401 2053 3457 diminutum
2082 3418 2095 3455 ε
2119 3392 2265 3459 unde

253 3492 552 3568 aliquando
608 3491 874 3562 contingit
921 3492 1068 3563 quod
1123 3508 1232 3546 una
1293 3490 1711 3547 circumstantia
1763 3490 1819 3544 in
1869 3503 1966 3544 suo
2024 3490 2261 3546 maximo

252 3585 512 3648 existens,
543 3582 856 3637 moderatur
887 3580 1292 3652 proportionem
1315 3579 1383 3635 ad
1404 3578 1570 3634 aliam
1601 3578 2089 3647 circumstantiam,
2122 3580 2263 3637 sicut

253 3672 309 3728 in
335 3669 788 3743 magnanimitate
813 3667 1099 3739 contingit.
1121 3687 1148 3721 α
1168 3666 1547 3738 Magnanimus
1565 3666 1730 3734 enim,
1750 3665 2049 3722 secundum
2076 3667 2258 3724 Pnito-

253 3763 482 3831 sophum
510 3760 563 3815 in
601 3758 672 3815 1v
701 3756 906 3828 Ethic„
954 3756 1188 3812 maxime
1229 3771 1290 3811 se
1330 3754 1649 3827 dignificat3
1683 3774 1709 3807 »
1742 3756 1885 3811 unde
1922 3756 2017 3829 qui
2048 3759 2263 3814 excedit

253 3848 393 3906 hanc
415 3849 678 3908 virtutem
709 3848 764 3905 in
790 3846 1188 3920 superfluitate,
1217 3860 1382 3919 quem
1411 3860 1667 3918 caymum
1698 3852 1883 3916 vocat,
1912 3860 2017 3903 non
2048 3850 2263 3921 magni·-

756 3963 808 4013 S.
839 3962 998 4013 Tuon.
1033 3964 1119 4020 Ao.
1145 3964 1410 4014 Oruscum.
1434 3961 1579 4011 -111
1623 3986 1687 4001 -
1712 3960 1773 4011 to

2746 2560 2781 2897 *mmmm-n
2744 2520 2777 2541 ι
2740 2466 2776 2487 ι
2744 2408 2775 2446 ’.ι
2740 2346 2773 2385 n
2743 2296 2784 2319 ῃ
2741 2200 2784 2269 μς
