2784 4392
511 246 634 310 424
988 261 1052 311 ε.
1085 260 1326 311 mom
1361 260 1707 317 neumatis:
1730 256 2051 317 opuscul-,a

517 380 690 436 riores
711 394 1000 449 censores;
1043 379 1142 445 sed
1178 379 1503 445 decuriones
1526 380 1599 437 ad
1624 394 1842 447 omnem
1882 386 2071 436 actum
2098 376 2324 443 curialis
2358 376 2539 436 officii

514 469 596 525 sic
620 468 774 537 dicti,
807 476 870 525 ut
909 468 1047 533 dicit
1081 468 1344 535 Isidorus,
1376 469 1510 543 quia
1544 476 1675 525 sunt
1718 468 1789 524 de
1834 467 2027 525 ordine
2072 466 2261 533 curiae,
2296 474 2353 522 et
2394 468 2537 541 quia

516 556 757 613 officium
780 556 949 615 curiae
972 557 1386 625 administrant;
1410 558 1491 613 sic
1509 550 1737 615 vo'catus
1758 564 1844 613 est
1870 555 2069 629 Josepli
2097 556 2170 613 ab
2196 556 2534 622 Arimathia‚

512 643 713 699 nobilis
743 643 998 699 videlieet
1025 643 1270 709 decurio,
1303 660 1369 700 ac
1407 645 1493 701 vir
1510 645 1699 717 justus
1724 651 1783 699 et
1809 644 2005 713 bonne,
2037 642 2132 716 qui
2162 658 2261 713 pro
2288 644 2530 699 Domino

516 738 702 787 nostro
727 734 856 789 Jesu
883 731 1102 789 Christo
1125 738 1403 790 mercatus
1436 732 1745 798 sindonem,
1778 731 2233 789 officiosissimam
2262 737 2319 788 et
2358 749 2530 789 reve-

515 820 898 879 rendissimam
933 820 1168 877 contulit
1211 820 1573 893 sepulturam.
1604 822 1683 877 De
1727 816 2057 893 magistratu
2092 826 2279 879 autem
2321 819 2377 875 in
2421 820 2534 879 fine

501 903 809 981 'superioris
839 908 962 965 libri
989 910 1128 977 satis
1156 916 1242 965 est
1269 908 1633 967 declaratum.
2144 938 2149 943 ·

583 998 743 1053 Nunc
760 1004 945 1055 autem
965 996 1235 1068 agendum
1255 1005 1340 1055 est
1359 998 1430 1053 de
1453 997 1627 1055 altero
1644 995 1822 1053 officio
1844 1004 1902 1053 et
1928 996 2116 1053 infimo
2131 996 2529 1069 cujuscumque

516 1084 815 1154 regiminis,
858 1085 1002 1159 quod
1035 1094 1118 1140 est.
1167 1084 1407 1151 tabellio,
1440 1086 1521 1141 sic
1548 1086 1749 1151 dictuS,
1786 1092 1846 1141 ut
1884 1085 2054 1141 tradit
2095 1084 2357 1150 IsidoruS‚
2386 1100 2529 1158 quo·-

508 1174 662 1227 niam
683 1174 914 1244 portitor
939 1173 1012 1229 sit
1037 1173 1361 1231 tabellarum
1389 1179 1448 1230 et
1471 1183 1776 1247 susceptor,
1804 1174 1859 1229 in
1888 1173 2087 1247 quibus
2112 1184 2235 1232 acta
2260 1182 2529 1245 geruntur

514 1260 630 1315 sive
679 1259 994 1331 reipublicae
1019 1261 1156 1335 ⁴sive
1199 1276 1448 1333 personae
1495 1268 1775 1334 praevatae.
1826 1262 1977 1317 lde-m
2026 1261 2193 1319 etiam
2240 1262 2297 1317 in
2346 1262 2527 1318 scriba

517 1348 764 1419 publicus
791 1358 1038 1415 vocatur,
1067 1348 1198 1421 quia
1233 1364 1299 1409 ea
1328 1348 1477 1409 solus
1505 1347 1695 1404 scribit
1734 1355 1891 1423 gesta
1919 1365 2045 1423 quae
2073 1348 2291 1422 publica
2315 1365 2526 1407 vocan-

517 1442 623 1501 tur,
658 1452 823 1509 quem
845 1443 902 1492 et
918 1438 1044 1509 jura
1068 1437 1314 1509 gentium
1341 1452 1565 1493 servum
1590 1436 1865 1507 publicum
1890 1438 2187 1509 appellant.

583 1526 779 1581 Restat
810 1532 994 1582 autem
1023 1526 1091 1600 de
1121 1542 1226 1581 uno
1259 1525 1375 1581 solo
1418 1526 1636 1580 nomine
1665 1525 1953 1597 dignitatis
1977 1525 2213 1581 diffinire
2254 1534 2527 1599 quantum

514 1596 583 1669 ad
625 1612 868 1685 regimen
899 1595 1123 1687 politiae,
1155 1614 1302 1686 quod
1325 1613 1499 1685 scipio
1546 1613 1873 1687 appellatur,
1898 1615 2043 1685 quod
2075 1614 2298 1686 quidem
2326 1630 2527 1671 secun-

515 1701 642 1757 dum
675 1703 1066 1775 proprietatem
1090 1702 1340 1758 vocabuli
1361 1702 1589 1759 baculus
1612 1701 1814 1757 dicitur
1842 1702 1930 1757 cui
1956 1702 2113 1773 quasi
2143 1702 2215 1758 ad
2241 1703 2325 1759 sui
2355 1703 2529 1760 duca-

519 1796 634 1845 tum
675 1790 928 1847 innititur
955 1797 1012 1845 et
1041 1796 1399 1861 sustentatur,
1432 1790 1576 1864 quod
1624 1798 1778 1863 pater
1804 1790 2040 1846 Cornelii
2084 1790 2355 1863 Scipionis
2380 1792 2527 1847 indi-

510 1878 652 1951 guit.
692 1880 851 1939 Hunc
887 1886 1074 1936 autem
1119 1888 1332 1951 patrem
1371 1879 1597 1935 tradunt
1637 1878 1884 1947 historiae
1910 1878 2077 1935 fuisse
2119 1894 2347 1944 caecum,
2383 1880 2527 1937 unde

513 1981 639 2023 cum
661 1966 852 2022 baculo
881 1968 998 2025 sive
1023 1967 1267 2039 scipione
1294 1966 1548 2022 veniebat
1574 1968 1627 2022 in
1654 1966 1854 2023 sorum.
1878 1966 1961 2025 Ad
1986 1966 2145 2039 hujus
2174 1967 2343 2037 igitur
2364 1968 2525 2023 simi-

513 2053 798 2110 litudinem
829 2054 971 2109 lilius
1009 2056 1130 2125 ejus
1171 2054 1394 2109 Publius
1424 2053 1725 2118 Corneliu8‚
1767 2056 1901 2131 quia
1935 2056 2273 2111 sustentavit
2296 2072 2523 2127 rempu-

512 2141 713 2197 blicam
754 2148 945 2198 contra
973 2142 1296 2219 Annibalem
1327 2150 1382 2197 et
1419 2142 1827 2213 Carthaginem,
1860 2152 2090 2201 vocatus
2114 2151 2197 2199 est
2225 2144 2443 2215 Scipi03
2471 2151 2527 2200 et

513 2229 644 2303 quia
677 2235 848 2286 totam
878 2230 1121 2287 Africam
1160 2230 1474 2303 subjugavit
1500 2232 1781 2296 Romnum,
1811 2232 1997 2288 dictus.
2035 2242 2119 2286 est
2159 2232 2344 2303 Scipio
2375 2232 2525 2288 Afri·

515 2334 687 2377 canus
717 2317 785 2375 ad
817 2319 1180 2376 differentiam
1218 2320 1443 2376 alterius
1469 2319 1738 2391 Scipionis
1762 2320 1977 2391 nepotis
2021 2322 2158 2391 ejuS,
2186 2320 2281 2392 qui
2323 2320 2525 2393 Hispa-

515 2410 666 2465 niam
706 2407 913 2465 devicit
933 2414 988 2463 et
1013 2414 1238 2464 vocatus
1289 2413 1373 2463 est
1410 2408 1609 2463 Lucius
1634 2406 1915 2463 Cornelius
1941 2409 2307 2465 Numantinus
2332 2424 2365 2465 a
2388 2411 2523 2465 ·Nu-

511 2496 741 2561 mantia,
767 2512 941 2575 ‘quam
976 2496 1210 2568 subjecit
1239 2511 1306 2551 ac
1338 2496 1655 2567 prostravit.
1682 2495 1883 2552 Scribit
1909 2498 2078 2551 etiam
2108 2496 2447 2568 Augustinus
2475 2499 2519 2553 1.

513 2586 594 2639 De
615 2584 780 2643 civit.
810 2584 926 2651 Dei,
951 2586 1175 2641 tertium
1202 2584 1368 2640 fuisse
1394 2584 1723 2656 Scipionem,
1751 2584 1843 2659 qui
1872 2592 1927 2639 et
1945 2584 2145 2643 Nasica
2168 2590 2251 2639 est
2274 2592 2517 2653 vocatu5‚

516 2672 687 2729 frater
717 2674 939 2744 majoris
976 2672 1263 2745 ScipioniS‚
1293 2673 1386 2743 qui
1420 2689 1485 2727 ne
1514 2671 1785 2743 Carthago
1815 2672 2191 2727 destrueretur
2219 2672 2517 2745 prohibuit,

513 2774 764 2815 asserens
807 2762 980 2832 ipsam
1011 2776 1131 2815 esse
1175 2760 1503 2818 medicinam
1539 2761 1819 2816 RomaniS.
1851 2760 1930 2815 Ex
1971 2759 2058 2816 his
2096 2760 2263 2831 igitur
2302 2772 2522 2835 propter

513 2846 842 2921 probitatem
875 2854 1151 2904 tantorum
1181 2848 1422 2903 virorum
1462 2849 1809 2905 considerato
1840 2848 2126 2922 principio,
2160 2850 2304 2907 uude
2328 2867 2522 2907 nomen

514 2934 786 3005 Scipionis
823 2941 1006 2991 ortum
1043 2935 1252 3002 habuit,
1285 2936 1585 3008 scipionem
1615 2937 1955 3009 legislatores
1992 2947 2261 3013 vocarunt
2289 2940 2518 3009 virgam,

519 3040 686 3097 quam
717 3024 968 3097 princeps
997 3032 1182 3096 portat
1213 3026 1270 3081 in
1316 3041 1481 3082 manu
1508 3042 1633 3082 cum
1662 3032 1878 3101 sceptro
1909 3025 2064 3099 quasi
2100 3042 2316 3099 semper
2346 3028 2523 3083 victo-

516 3112 714 3182 riosus,
745 3119 804 3167 ut
846 3111 936 3167 ille
977 3129 1207 3185 magnus
1233 3114 1415 3187 Scipio
1442 3114 1565 3171 fuit.
1592 3114 1747 3171 Unde
1788 3121 1977 3173 narrat
2014 3114 2257 3170 Isidorus
2287 3115 2341 3171 in
2374 3117 2523 3173 xvn

515 3200 1000 3273 Etymoloqiamm,
1031 3202 1175 3275 quod
1209 3202 1606 3273 triurnphantes
1634 3218 1932 3274 purpuram
1959 3202 2241 3275 palliatam
2282 3212 2335 3258 et
2368 3213 2525 3275 toga-

517 3300 632 3345 tam
650 3289 921 3347 habebant
944 3299 1174 3359 vestem,
1199 3298 1256 3347 et
1278 3291 1575 3363 scipionem
1595 3306 1721 3347 cum
1745 3300 1963 3363 sceptro
1992 3291 2256 3365 gerebant
2278 3292 2336 3348 in
2362 3309 2523 3351 mauu

519 3378 589 3437 ad
620 3378 986 3437 imitationem
1008 3380 1256 3437 victoriae
1279 3379 1565 3451 Scipionis.

588 3468 718 3524 Haec
772 3468 938 3538 igitur
993 3468 1060 3523 de
1110 3466 1418 3526 nominibus
1471 3466 1797 3577 dignitatem
1846 3473 2099 3543 respectu
2146 3468 2428 3541 regiminis
2470 3471 2525 3529 in

523 3563 754 3615 tantum
771 3556 878 3615 siut
908 3555 1077 3615 dicta.

1377 3734 1667 3756 m
