2784 4392
431 361 437 367 -
544 341 676 385 xiv.
708 358 787 373 —
814 342 1052 387 eou‘rna
1091 334 1306 389 mene.
1353 347 1456 389 nai
1497 346 1671 393 cunr.
1716 348 1793 391 ΕΤ
1832 350 2037 395 name.
2176 338 2291 397 117
2360 342 2367 348 ⁷

291 460 408 512 tere
449 456 728 513 licentiam
767 458 1116 532 praedicandi,
1151 461 1431 533 quiahoc
1482 470 1564 518 est
1612 463 1947 533 ambitionis,
2002 466 2297 527 dicendum

289 545 437 617 quod
461 546 658 603 salsum
683 556 786 615 est,
805 550 935 621 quia
966 550 1370 621 praedicationis
1400 550 1637 607 officium
1667 561 1721 609 et
1747 552 2094 612 laudabiliter
2111 558 2295 630 appeti

171 642 182 653 ·
288 640 471 705 potest
498 650 564 690 ex
592 635 882 704 charitate,
917 638 1162 711 exemplo
1195 638 1352 695 Isaiae
1376 640 1469 713 qui
1500 656 1558 697 se
1593 640 1662 697 ad
1698 640 1803 699 hoc
1830 650 2027 717 sponte
2072 645 2293 703 obtulit.

287 723 414 777 lsai.
446 740 525 791 vr,
558 728 590 780 8
621 743 634 779 :
661 725 795 781 Eece
833 742 942 797 eye,
981 726 1134 783 mitte
1160 742 1278 784 me:
1311 734 1364 783 et
1404 727 1752 785 laudabiliter
1788 738 1968 803 potest
2014 734 2177 789 vitari
2226 752 2293 790 ex

287 810 612 881 humilitate,
643 814 890 887 exemplo
936 815 1224 873 Hieremiae
1261 817 1353 890 qui
1404 817 1543 872 dixit
1575 835 1587 872 ε
1626 820 1737 884 Ah,
1768 820 1875 885 Ah,
1916 822 2023 888 Ah,
2067 823 2293 879 Domine

287 900 448 969 Deus,
476 902 647 958 nescio
673 902 835 974 loqui,
859 903 985 974 quia
1001 920 1142 975 puer
1165 920 1254 975 eqo
1277 920 1413 959 sum.
1438 904 1587 960 Hier.
1613 922 1653 969 1,
1672 910 1723 973 6,
1742 916 1801 964 ut
1828 916 1979 981 patet
2010 926 2104 981 per
2124 910 2291 968 Glos-

285 1004 402 1045 sam
427 990 676 1061 Gregorii
706 989 929 1046 ibidem.
949 991 1017 1045 Et
1054 992 1248 1047 similis
1293 994 1565 1049 sententia
1611 992 1843 1051 habetur
1876 1013 2003 1063 vm,
2022 1002 2286 1070 quaest.l,

285 1092 410 1151 cap.
439 1078 506 1135 In
525 1078 845 1151 Scripturis.
875 1080 1164 1137 Sciendum
1189 1080 1354 1138 etiam
1385 1080 1530 1153 quod
1562 1083 1933 1141 ecclesiastica
1964 1086 2159 1143 officia.
2180 1089 2289 1144 duo

285 1166 485 1223 habent
517 1167 774 1239 adjuncta
797 1168 1006 1225 scilicet
1035 1184 1188 1242 opuS‚
1219 1176 1274 1225 et
1302 1170 1629 1241 dignitatem
1662 1171 1748 1227 vel
1791 1172 2072 1251 bonorem,
2101 1183 2155 1231 et
2193 1194 2288 1234 ra·

283 1255 431 1311 tione
460 1256 680 1312 honoris
718 1256 1063 1313 laudabiliter
1105 1268 1447 1326 recusantur,
1481 1260 1577 1315 sed
1619 1260 1831 1317 ratione
1868 1264 2048 1335 operis
2092 1265 2286 1321 lauda-

283 1343 408 1400 liter
433 1352 660 1418 possunt
691 1348 880 1418 quaeri.
905 1348 928 1401 1
957 1347 1096 1403 Tim.
1131 1363 1218 1415 111,
1243 1350 1266 1403 ll
1309 1365 1322 1403 z
1349 1348 1409 1403 Si
1437 1349 1555 1420 quis
1581 1348 1961 1423 Episcopatum
1994 1352 2283 1421 desiderat,

279 1432 472 1489 bonum
495 1450 624 1507 opus
647 1434 932 1492 desiderat.
957 1436 1110 1499 Unde
1148 1438 1485 1508 Augustinus
1521 1438 1676 1505 dicit,
1707 1440 1763 1495 in
1804 1456 1929 1508 xix,
1964 1440 2025 1497 de
2050 1442 2284 1501 Civitate

155 1540 172 1553 ’
279 1522 384 1578 Dei
419 1538 441 1580 .·
483 1524 763 1595 Exponere
800 1523 972 1579 voluit
1017 1524 1149 1596 quid
1205 1526 1276 1580 sit
1305 1526 1684 1598 Episcopatus,
1718 1529 2017 1584 secundum
2069 1531 2282 1587 scilicet

281 1610 424 1683 quod
452 1630 478 1663 α
507 1610 804 1667 desiderari
841 1618 1036 1683 potest,
1071 1612 1198 1684 quia
1241 1628 1438 1681 nomen
1478 1622 1561 1669 est
1590 1616 1789 1686 operis,
1823 1630 1929 1671 non
1974 1616 2213 1685 honoriS,
2249 1638 2275 1671 n

280 1705 341 1754 ut
366 1698 597 1755 habetur
624 1716 750 1767 vm,
779 1706 973 1774 quaest.
1009 1702 1061 1755 ll.
1097 1700 1200 1765 Qui
1225 1700 1623 1773 Epi-scopatum.
1650 1702 1718 1757 Et
1740 1702 1843 1759 hoc
1868 1703 2014 1760 idem
2041 1703 2275 1761 habetur

279 1787 336 1843 in
357 1786 572 1854 Glossa‚
605 1804 766 1861 super
791 1790 982 1845 eodem
1013 1788 1178 1844 verbo
1212 1806 1224 1843 ε
1256 1796 1312 1845 et
1337 1790 1459 1846 ideo
1482 1790 1529 1847 si
1558 1806 1695 1864 opus
1722 1801 2009 1865 separatur
2039 1810 2071 1851 a
2095 1794 2278 1867 digni·

280 1882 413 1941 tate,
445 1876 792 1931 laudabiliter
821 1883 876 1931 et
901 1878 1018 1933 sine
1041 1877 1354 1935 ambitionis
1380 1878 1619 1951 perIculo
1658 1886 1838 1951 potest
1871 1866 2191 1951 desiderari,
2224 1890 2279 1939 et

277 1964 402 2021 ideo
425 1980 531 2021 non
549 1972 632 2021 est
649 1966 980 2033 ambitioniS,
999 1966 1046 2021 si
1067 1964 1352 2037 religiosus
1372 1976 1525 2039 petat
1549 1984 1579 2023 a
1600 1968 1884 2036 sacerdote
1904 1970 1990 2028 vel
2009 1970 2275 2045 Episcopo

279 2054 554 2114 licentiam
575 2054 928 2129 praedicandi,
959 2054 1058 2112 sed
1076 2063 1160 2113 est
1184 2057 1401 2129 signum
1420 2055 1734 2115 dilectionis
1755 2058 1853 2115 Dei
1876 2065 1931 2115 et
1951 2058 2203 2132 proximi.

990 2202 996 2204 ’
1054 2233 1338 2303 CAPUT
1410 2232 1491 2303 V.

591 2364 696 2430 An
716 2364 1040 2448 reliqiosus
1061 2352 1334 2462 teneatur
1359 2366 1635 2452 mambres
1663 2364 1955 2432 laborare.

346 2498 484 2568 Quia
511 2515 640 2558 vero
667 2516 760 2573 per
788 2499 1122 2556 sufficientes
1145 2500 1384 2556 rationes
1414 2499 1697 2571 religiosos
1720 2515 1752 2557 a
1769 2500 1947 2556 fructu
1969 2501 2275 2559 animarum
2341 2524 2345 2529 ·

275 2602 462 2644 arcere
491 2604 597 2645 non
626 2594 870 2662 possunt,
902 2604 996 2644 eos
1022 2588 1289 2645 indirecte
1332 2589 1598 2661 impedire
1640 2588 1907 2655 nituntur,
1939 2588 2275 2661 imponentes

273 2676 354 2732 eis
379 2678 760 2733 necessitatem
785 2677 1038 2733 manibus
1071 2678 1350 2751 operandi,
1383 2684 1444 2733 nt
1472 2676 1556 2734 vel
1580 2677 1663 2733 sic
1688 2676 1885 2732 saltem
1927 2676 2273 2754 retrahantur

275 2780 308 2821 a
335 2765 536 2835 studio,
569 2782 678 2839 quo
707 2767 774 2821 ad
816 2767 1079 2837 praedicta
1108 2767 1413 2823 redduntur
1441 2766 1641 2833 idonei,
1674 2764 1729 2821 in
1760 2780 1869 2838 quo
1908 2764 2093 2823 hostes
2132 2768 2271 2825 civi-

276 2854 404 2909 tatis
431 2862 640 2911 sanctae
672 2854 886 2927 praesati
929 2855 1292 2927 malignantes
1328 2856 1711 2911 ostenduntur.
1737 2854 1892 2911 Unde
1935 2870 2098 2928 super
2137 2856 2269 2914 illud

273 2942 499 3000 Nehem.
553 2960 635 3000 vn
682 2962 695 2998 :
749 2944 902 3009 Veni,
933 2950 982 2999 et
1019 2945 1386 3016 percutiamus
1426 2946 1616 3018 J‘oeduS,
1662 2954 1793 3011 etc„
1846 2944 1981 3001 dicit
2028 2944 2269 3003 Glossa:

275 3052 303 3087 α
335 3034 532 3089 Hostes
561 3032 803 3089 civitatis
830 3041 1037 3089 sanctae
1063 3033 1368 3090 suadebant
1395 3034 1675 3091 Nohemiae
1703 3034 1759 3089 in
1786 3035 2116 3107 campestria
2145 3035 2273 3091 des-

273 3123 524 3188 cendere,
557 3128 612 3177 et
635 3120 812 3178 foedus
846 3123 994 3194 pacis
1025 3136 1211 3179 secum
1237 3123 1394 3188 inire,
1426 3122 1510 3178 sic
1532 3130 1585 3179 et
1626 3122 1888 3189 haeretici,
1918 3130 1975 3178 et
2016 3122 2138 3178 falsi
2176 3138 2276 3180 ca-

273 3210 460 3267 tholici
485 3226 611 3267 cum
646 3212 794 3266 veris
825 3210 1111 3268 catholicis
1135 3211 1286 3283 pacis
1327 3212 1664 3268 consortium
1701 3208 1901 3265 habere
1928 3209 2141 3277 volunt,
2169 3226 2275 3267 non

273 3308 334 3354 ut
364 3298 468 3371 ipsi
497 3298 564 3353 ad
595 3314 777 3353 arcem
812 3298 1098 3355 catholicae
1128 3298 1254 3355 fidei
1287 3305 1343 3355 et
1371 3298 1707 3371 operationis
1742 3297 2061 3363 ascendant,
2089 3299 2185 3354 sed
2217 3309 2273 3356 ut

272 3386 456 3458 potius
485 3400 577 3440 eos
606 3402 743 3457 quos
773 3387 827 3441 in
863 3386 1099 3443 culmine
1140 3386 1407 3443 virtutum
1452 3393 1855 3443 commorantes
1881 3386 2171 3459 aspiciunt,
2206 3388 2274 3443 ad

272 3474 462 3532 infima
510 3486 754 3544 operum,
791 3475 876 3529 vel
908 3474 1222 3546 pauperiem
1264 3476 1581 3545 dogmatum
1618 3474 1950 3530 descendere
1992 3482 2211 3543 cogant.
2248 3496 2274 3529 n

344 3561 502 3633 Quod
531 3565 714 3617 autem
744 3561 984 3633 religiosi
1014 3561 1263 3619 manibus
1305 3562 1520 3634 operari
1564 3568 1871 3631 teneantur,
1903 3560 2277 3634 multipliciter

273 3652 521 3709 nituntur
545 3650 853 3707 ostendere.

345 3740 522 3796 Primo
569 3755 665 3811 per
711 3738 816 3795 hoc
862 3738 1009 3811 quod
1053 3736 1329 3805 dicitur,1
1373 3737 1619 3795 Thessal.
1660 3750 1741 3806 iv,
1792 3738 1853 3794 Μ
1902 3754 1916 3795 2
1958 3737 2279 3811 operamini

273 3828 514 3885 manibus
541 3828 752 3895 vestris,
768 3827 904 3885 sicut
925 3826 1270 3901 praecipimus
1293 3826 1453 3885 vobis.
1477 3826 1582 3885 Sed
1607 3826 1677 3884 ad
1709 3834 1981 3903 praecepta
2008 3830 2276 3885 servwd‘·

276 3924 532 3978 tenentur
555 3918 794 3979 maxime
819 3917 1084 3993 religiosi.
1105 3916 1250 3994 Ergo
1277 3917 1479 3980 debent
1502 3917 1753 3981 manibus
1776 3918 2017 3979 labos-arr

2736 2844 2746 2858 Q
2734 2756 2746 2818 ὢν,
2736 2721 2745 2729 θ
2740 2694 2746 2702 ι
2740 2656 2745 2665 -
2742 2580 2747 2612 ..-

2750 2564 2784 2935 ,ὶψέἶῗὲξὲ-ἿΕ
