2784 4392
378 291 383 296 .
438 239 595 301 ⁶238·
915 262 968 304 e.
1008 259 1244 304 moma-
1286 258 1610 310 Aoumxris
1651 260 1962 305 opuscunn

440 391 565 446 quae
590 375 755 431 etiam
787 375 879 432 alii
903 385 1221 449 peccatores
1246 383 1435 448 agunt,
1467 383 1523 431 et
1547 376 1820 431 interdum
1849 376 2016 432 etiam
2035 375 2192 446 justi,
2225 374 2354 430 licet
2380 391 2454 430 ex

441 463 545 519 alia
572 481 757 532 causa,
792 464 843 519 in
878 473 1130 537 promptu
1156 472 1303 522 esset
1340 481 1570 536 arguere
1598 463 2039 537 pseudoapostoli
2063 464 2318 536 leguntur
2339 463 2454 518 'noc

441 553 524 606 vel
553 552 681 606 illud
710 553 921 618 secisse,
943 553 1084 608 unde
1110 559 1165 608 et
1194 555 1269 609 illi
1300 555 1394 627 qui
1420 553 1522 609 hoc
1550 552 1635 608 vel
1653 553 1782 608 illud
1806 551 2033 620 faciunt,
2055 559 2182 608 sunt
2205 551 2453 625 pseudo-

438 641 669 711 apostoli
697 641 1017 712 reputandi3
1046 643 1140 698 sed
1172 643 1227 698 in
1256 641 1359 699 hoc
1390 649 1712 714 argumento
1739 641 2032 698 manifeste
2059 641 2274 700 vanitas
2299 641 2449 698 inve·

440 729 666 797 niretur,
700 735 760 784 ut
784 745 851 785 ex
879 729 1043 786 dictis
1070 737 1240 803 patet.

1142 989 1426 1058 CAPUT
1480 989 1733 1056 XXIII.

450 1174 705 1248 Quarto,
740 1175 997 1237 crimina
1024 1175 1370 1252 imponendo
1399 1192 1530 1253 quoe
1553 1174 1832 1236 Ecclesia
1853 1177 1974 1235 toto
2007 1172 2446 1254 temporispro·

520 1279 683 1324 cassu
702 1263 967 1340 patitur,
998 1263 1227 1324 scilicet
1252 1263 1414 1341 quod
1448 1262 1723 1342 reliqiosi
1757 1267 1903 1324 sunt
1929 1261 2084 1340 lupi,
2114 1263 2307 1339 fureS,
2343 1263 2448 1324 let-

524 1354 722 1412 trones
744 1356 801 1412 et
822 1355 1201 1430 penetrantes
1228 1351 1450 1413 domos.
1503 1387 1508 1392 ·

512 1529 669 1582 Nunc
699 1527 993 1584 videndum
1022 1533 1105 1583 est
1129 1527 1406 1602 quomodo
1435 1526 1704 1598 religiosis
1728 1525 1959 1582 crimina
1988 1527 2286 1596 imponant,
2320 1543 2449 1598 quae

444 1617 687 1672 Ecclesia
728 1624 843 1672 toto
874 1618 1135 1690 temporis
1176 1619 1258 1672 sui
1291 1631 1545 1688 processu
1588 1614 1812 1686 patitur,
1843 1623 2030 1686 utpote
2070 1612 2216 1685 quod
2260 1613 2445 1670 dicunt

444 1719 536 1758 eos
568 1705 739 1778 lupos,
776 1706 1015 1761 latrones
1034 1713 1085 1761 et
1110 1714 1460 1776 penetrantes
1483 1705 1692 1758 domos,
1719 1703 1874 1772 Quod
1905 1703 2051 1758 enim
2077 1702 2186 1757 sint
2216 1700 2362 1757 fures
2391 1712 2449 1759 et

446 1791 701 1856 latroneS‚
736 1809 833 1864 per
870 1793 971 1847 hoc
1014 1793 1207 1849 volunt
1233 1793 1539 1857 ostendere,
1573 1791 1722 1863 quia,
1751 1798 1813 1845 ut
1851 1791 2058 1856 dicunt,
2095 1805 2201 1846 non
2239 1791 2447 1847 intrant

448 1895 542 1950 per
570 1880 771 1934 ostium
819 1880 871 1934 in
898 1879 1040 1934 ovile
1068 1879 1270 1945 ovium,
1304 1880 1434 1934 dum
1483 1879 1851 1934 confessiones
1893 1879 2124 1936 audiunt
2156 1885 2212 1934 et
2239 1881 2447 1952 praedi-

447 1973 593 2032 cant,
622 1973 677 2022 et
702 1968 901 2024 docent
928 1966 1147 2024 aliunde
1176 1983 1342 2038 quam
1374 1983 1468 2038 per
1503 1967 1723 2021 ostium.
1756 1966 1836 2040 Ex
1861 1983 1971 2041 quo
2001 1967 2285 2023 manifeste
2308 1969 2446 2024 insi-

449 2055 669 2126 pientiae
692 2055 940 2110 convinci
966 2061 1213 2127 possunt,
1242 2056 1371 2127 quia
1392 2055 1594 2110 ostium
1615 2054 1864 2111 Christus
1880 2062 1984 2124 est,
2002 2065 2061 2110 ut
2079 2071 2175 2128 per
2194 2055 2445 2112 Glossam

447 2143 646 2197 ibidem
692 2150 864 2214 patet.
917 2144 1031 2198 Nec
1087 2144 1345 2214 praelatus
1397 2143 1596 2198 ostium
1653 2143 1760 2198 dici
1809 2151 2012 2215 potest.
2051 2144 2206 2200 Unde
2249 2145 2448 2203 Glossa

451 2231 650 2285 ibidem
680 2231 831 2297 dicit,
877 2232 1021 2305 quod
1053 2233 1253 2298 ostium
1297 2231 1400 2287 sibi
1443 2231 1543 2286 soli
1585 2231 1834 2288 Christus
1881 2233 2127 2288 retinuit.
2169 2233 2288 2288 Non
2317 2250 2448 2306 ergo

452 2318 771 2390 intelligitur
798 2321 1025 2388 intrare,
1056 2336 1161 2375 non
1192 2336 1287 2392 per
1317 2320 1535 2387 ostium,
1567 2322 1658 2392 qui
1692 2336 1796 2375 non
1827 2321 1994 2376 intrat
2017 2337 2112 2392 per
2136 2321 2441 2392 praelatum,

451 2409 545 2463 sed
588 2409 679 2482 qui
715 2425 816 2464 non
855 2410 1024 2467 intrat
1066 2407 1488 2482 per'Christum,
1518 2410 1660 2464 sicut
1683 2409 1877 2476 Judaei,
1906 2409 2169 2474 Gentile3‚
2203 2409 2444 2480 philoso-

454 2497 562 2570 phi,
614 2499 869 2556 Pbarisaei
920 2507 975 2554 et
1011 2497 1276 2564 haeretici,
1315 2503 1374 2550 ut
1418 2497 1618 2551 ibidem
1662 2496 1857 2552 Glossa
1905 2497 2145 2567 exponit.
2185 2497 2279 2551 Isti
2317 2512 2444 2569 ergo

451 2588 595 2641 sures
617 2587 891 2651 dicuntur,
924 2587 1053 2658 quia
1088 2584 1233 2656 quod
1270 2583 1510 2638 alienum
1539 2589 1642 2648 est,
1678 2599 1834 2638 suum
1864 2583 2071 2649 dicunt,
2104 2583 2162 2641 id
2199 2589 2282 2638 est
2315 2600 2445 2642 oves

453 2675 547 2730 Dei
584 2691 711 2732 suas
749 2675 974 2741 faciunt,
1008 2689 1117 2728 non
1162 2671 1530 2728 convertendo
1557 2671 1624 2726 ad
1651 2671 1952 2727 doctrinam
1984 2671 2202 2740 Christi,
2235 2673 2330 2728 sed
2375 2676 2442 2730 ad

452 2777 629 2817 suam.
1113 2805 1119 2809 .
1214 2801 1221 2810 .
1399 2801 1404 2810 .
1461 2798 1590 2814 .....
1700 2801 1702 2803 ,
1789 2805 1796 2810 .
2341 2805 2346 2812 ,

523 2849 799 2915 LatroneS,
828 2849 955 2921 quia
976 2848 1119 2921 quod
1146 2847 1414 2916 furantur,
1441 2847 1717 2914 occidunt,
1747 2847 2073 2904 retrahendo
2093 2865 2124 2904 a
2147 2849 2270 2918 lide,
2294 2858 2354 2906 ut
2377 2869 2442 2908 ex

452 2937 631 2992 verbis
659 2937 975 2993 Glossarum
1016 2937 1091 2992 ibi
1130 2938 1302 3010 accipi
1340 2944 1540 3009 potest.
1580 2937 1646 2991 Et
1678 2945 1856 2992 tamen
1887 2936 2017 2993 dato
2046 2938 2190 3010 quod
2217 2938 2362 2994 fures
2385 2951 2442 2996 et

454 3025 689 3081 latrones
716 3026 821 3080 dici
851 3025 1109 3081 deberent
1138 3027 1231 3098 qui
1262 3025 1540 3080 Christum
1574 3024 1898 3080 annuntiant
1927 3027 2225 3081 secundum
2254 3043 2441 3084 veram

450 3116 773 3180 doctrinam,
808 3130 911 3169 non
951 3131 1044 3185 per
1070 3114 1326 3186 praelatos
1374 3111 1626 3168 Ecclesiae
1656 3129 1822 3185 quam
1853 3113 1954 3168 hoc
1995 3115 2066 3168 sit
2101 3130 2132 3169 a
2177 3115 2444 3186 religiosis

450 3202 703 3266 alienum,
734 3219 799 3257 cx
836 3203 1110 3272 praedictis
1148 3201 1437 3256 manifeste
1466 3208 1713 3274 apparet,
1747 3201 1850 3256 nisi
1890 3201 2039 3256 illum
2071 3218 2310 3258 errorem
2337 3203 2442 3258 ali-

448 3292 569 3364 quis
594 3292 791 3363 sapiat,
824 3291 969 3363 quod
999 3291 1297 3362 Episcopus
1328 3289 1412 3344 vel
1443 3291 1586 3360 Papa
1625 3305 1732 3344 non
1763 3289 1836 3344 sit
1866 3290 2214 3346 immediatus
2241 3293 2441 3363 praela-

451 3388 535 3433 lus
558 3379 846 3450 cujuslibet
870 3378 962 3451 qui
995 3375 1291 3449 parochiali
1316 3375 1570 3431 subditur
1593 3377 1883 3432 sacerdoti.
2405 3399 2410 3404 ·

518 3468 694 3539 Lupos
727 3475 909 3522 autem
952 3481 1177 3537 rapaces
1216 3479 1311 3518 eos
1351 3463 1562 3531 dicunt,
1611 3481 1705 3535 per
1735 3465 1835 3520 hoc
1878 3465 2024 3537 quod
2063 3467 2328 3524 accedunt
2369 3469 2438 3524 ad

444 3554 859 3611 ministrandum
902 3554 1151 3630 fidelibus
1180 3551 1380 3608 Christi
1425 3551 1732 3623 spiritualia
1784 3552 2064 3620 alimenta,
2115 3556 2440 3612 intrinsecus

446 3649 628 3698 autem
653 3642 938 3698 intendunt
963 3641 1110 3697 refici
1139 3642 1205 3697 de
1234 3640 1391 3696 bonis
1415 3638 1727 3695 carnalibus
1751 3655 1956 3706 eorum,
1981 3641 2123 3696 sicut
2148 3642 2257 3713 lupi
2277 3659 2440 3699 acce-

442 3730 579 3786 dunt
604 3731 672 3784 ad
710 3746 855 3796 oves,
890 3737 949 3785 ut
975 3732 1044 3785 de
1093 3727 1349 3784 carnibus
1390 3743 1582 3783 earum
1620 3729 1952 3785 reficiantur.
1981 3730 2040 3784 ln
2069 3745 2178 3802 quo
2221 3736 2275 3784 et
2315 3745 2439 3784 ma-

446 3816 640 3872 nifeste
663 3816 907 3886 desipere
930 3816 1658 3874 convincuntur-Mammas
1691 3818 1836 3874 enim
1874 3819 2030 3876 Joan.
2063 3833 2105 3874 x
2135 3833 2150 3873 z
2179 3817 2441 3873 Dominus
