2784 4392
473 339 611 386 xm.
640 356 722 370 —
748 339 989 387 comm
1029 341 1217 388 ιιιιτιι.
1264 343 1416 389 nou.
1462 343 1544 388 An
1583 341 1824 388 menne.
1873 344 2080 388 nume.
2205 327 2281 388 31

277 437 435 514 soror
480 456 643 512 hoeret
692 456 929 524 lacertis,
977 474 1120 514 nunc
1160 457 1243 515 illi
1293 476 1412 514 cum
1462 459 1648 532 quibus
1687 458 1961 515 adolevisti
2007 459 2280 514 vernaculi

280 546 439 602 aiunt
466 561 483 600 .·
516 546 618 601 Cui
645 563 739 601 nos
760 547 1053 603 servituros
1083 549 1379 620 relinquis!
1406 549 1565 607 Nunc
1589 556 1639 606 et
1667 551 1854 619 gerula
1881 549 2143 620 quondam
2165 550 2283 619 jam

280 651 434 698 avius,
460 640 505 688 et
532 635 1077 714 nutritiussecundus
1097 644 1216 708 post
1240 638 1544 693 naturalem
1564 637 1762 708 pietate
1783 644 1941 708 pater
1961 637 2277 693 clamitant:

280 721 579 778 Mor-ituros
598 732 809 796 eaecepta
823 726 1120 797 paulisper,
1139 734 1189 783 et
1206 725 1383 798 sepeli.
1404 727 1470 781 Et
1491 727 1789 797 Gregorius
1809 727 1941 781 dicit
1962 741 2027 781 ιιι
2051 727 2237 781 Moral.
2266 742 2279 778 ε

284 811 523 867 Callidus
547 814 909 880 adversarius,
938 831 1056 869 cum
1080 831 1115 869 a
1154 814 1408 870 bonorum
1436 815 1680 871 cordibus
1719 815 1901 886 repelli
1928 831 1980 869 se
2009 815 2279 886 conspicit,

281 916 362 954 eos
391 901 481 970 qui
505 901 569 955 ab
604 902 711 957 illis
745 902 1072 973 diliquntur,
1099 903 1355 975 acquirit,
1385 910 1436 958 et
1466 920 1570 975 per
1607 920 1788 958 eorum
1813 903 1970 958 verba
2011 903 2284 958 blandiens

281 989 539 1059 loquitur,
570 989 697 1061 quia
728 991 852 1063 plus
879 991 1085 1048 coeteris
1114 999 1391 1056 amantur,
1425 997 1485 1046 ut
1523 992 1651 1065 dum
1686 992 1766 1048 vis
1795 992 1996 1048 amoris
2027 1009 2118 1046 cor
2145 1009 2282 1064 per-

279 1076 449 1148 forat,
474 1077 633 1148 facile
670 1078 1037 1150 persuasionis
1075 1081 1187 1152 ejus
1212 1080 1424 1152 9ladius
1447 1081 1518 1135 ad
1543 1080 1750 1137 intimoe
1791 1081 2135 1136 rectitudinis
2161 1099 2284 1136 mu-

283 1165 491 1222 nimina
519 1167 813 1238 irrumpat.
846 1169 983 1225 Hinc
1012 1176 1095 1225 est
1124 1170 1270 1243 quod
1300 1171 1492 1226 beatus
1515 1169 1859 1235 Benedictus,
1893 1179 1951 1224 ut
1981 1171 2283 1240 Gregorius

283 1255 447 1310 refert
477 1257 529 1311 in
560 1273 601 1312 ιι
646 1257 1015 1330 Dialogorum,
1050 1261 1320 1314 nutricem
1362 1275 1516 1314 suam
1547 1258 1758 1314 occulto
1809 1257 2039 1330 rugiens,
2077 1258 2280 1315 deserti

285 1343 384 1397 loci
426 1339 697 1400 secessum
741 1347 897 1419 petiit
943 1363 957 1402 ε
1004 1347 1097 1402 sed
1144 1346 1389 1403 Romano
1439 1347 1702 1402 monacho
1749 1347 2083 1419 propositum
2123 1363 2282 1402 suum

283 1435 515 1503 aperuit,
558 1433 649 1506 qui
694 1437 811 1506 ejus
844 1434 1175 1491 desiderium
1218 1442 1274 1490 et
1317 1441 1589 1491 secretum
1626 1436 1822 1500 tenuit,
1865 1442 1920 1489 et
1950 1435 2280 1506 adjutorium

286 1523 565 1594 impendit.
604 1523 837 1580 Arcendi
876 1530 1003 1579 sunt
1031 1525 1197 1579 etiam
1229 1524 1299 1580 ab
1339 1524 1442 1581 boc
1468 1524 1695 1580 consilio
1737 1522 1984 1579 carnales
2013 1524 2278 1590 nominee,

283 1611 423 1680 apud
440 1626 577 1681 quos
594 1613 687 1666 Dei
706 1611 973 1684 sapientia
990 1612 1223 1668 stultitia
1242 1611 1706 1682 reputatur.Unde
1723 1611 1931 1666 Eccles,
1945 1613 2282 1676 xxxv11‚⁴12‚

282 1699 524 1753 irrisorie
566 1699 766 1752 dicitur
795 1716 808 1752 ε
842 1699 975 1754 Cum
1012 1699 1134 1754 viro
1176 1699 1479 1770 irreligioso
1507 1705 1686 1753 tracta
1723 1698 1784 1751 dc
1817 1700 2119 1760 sanctitate,
2167 1715 2286 1752 cum

282 1787 486 1856 injusto
515 1785 576 1838 de
611 1786 850 1856 justitie.
879 1787 948 1841 Et
989 1793 1178 1858 postea
1219 1786 1443 1842 subdit:
1476 1787 1601 1844 Non
1643 1785 1888 1841 attendas
1910 1785 1994 1840 liis
2037 1785 2096 1840 in
2137 1784 2306 1840 omni·

280 1874 518 1938 consilio,
545 1874 635 1928 sed
662 1891 779 1928 cum
804 1875 924 1930 viro
946 1880 1128 1932 sancto
1151 1875 1395 1931 assiduus
1423 1883 1549 1940 esto,
1575 1891 1610 1928 a
1632 1889 1731 1947 quo
1760 1879 1833 1928 est
1858 1873 2139 1946 petendum
2167 1890 2282 1929 con·

280 1963 485 2028 silium,
512 1963 560 2017 si
584 1963 647 2018 de
672 1962 935 2034 aliquibus
958 1964 1019 2019 in
1042 1964 1133 2020 hoc
1157 1980 1283 2019 casu
1302 1963 1582 2020 consiliari
1604 1970 1866 2035 oporteat.

1056 2139 1337 2207 CAPUT
1408 2140 1498 2206 X.

386 2255 623 2334 Solutio
650 2265 958 2334 rationum
988 2276 1195 2334 contra
1218 2271 1529 2334 veritatem
1549 2287 1738 2349 supra
1766 2268 2177 2332 inducturum.

353 2405 427 2460 Ea
462 2421 585 2460 vero
616 2405 815 2478 quibus
858 2404 1163 2462 innituntur
1198 2404 1534 2460 contrarium
1563 2409 1885 2468 asserentes,
1916 2403 1985 2458 de
2019 2401 2164 2457 sacili
2193 2416 2284 2456 re-

286 2493 561 2548 fellunlur.

355 2583 507 2651 Quod
535 2583 677 2636 enirn
711 2583 884 2654 primo
924 2581 1205 2636 inductum
1243 2587 1345 2646 cst,
1373 2581 1518 2652 quod
1547 2581 1600 2634 in
1639 2569 1844 2647 arduis,
1872 2587 1926 2634 et
1967 2577 2278 2634 difficilibus

286 2682 409 2726 sunt
440 2673 669 2726 maxime
698 2672 923 2725 cons-ilia
954 2670 1300 2743 requirenda,
1330 2685 1519 2724 verum
1561 2681 1663 2736 est,
1693 2668 1783 2723 ubi
1825 2683 1929 2723 non
1968 2672 2052 2724 est
2079 2667 2286 2724 veritas

289 2761 592 2816 iiianisesta.
632 2759 737 2814 Sed
782 2761 999 2830 quando
1047 2759 1121 2826 id,
1167 2760 1310 2830 quod
1340 2765 1424 2814 est
1467 2758 1676 2825 meliuS,
1709 2766 1793 2813 est
1837 2755 2016 2812 altiori
2055 2755 2284 2812 consilio

287 2849 587 2912 delinitum,
633 2849 949 2918 injuriosum
988 2855 1071 2903 est
1112 2848 1308 2914 iterum
1352 2847 1406 2903 id
1443 2848 1496 2902 in
1530 2847 1752 2902 dubium
1787 2861 2044 2902 revocare
2082 2847 2283 2902 iterato

288 2937 513 2992 consilio
541 2936 885 3008 requirendo·
914 2935 1067 3004 Quod
1096 2950 1224 2991 vero
1248 2937 1486 2991 secundo
1512 2936 1846 3008 propositum
1873 2941 1974 3001 est,
2009 2935 2152 3007 quod
2183 2950 2285 2991 vo-

289 3034 399 3080 tum
434 3027 597 3080 animi
626 3024 1015 3080 deliberatione
1044 3025 1311 3092 firmatur,
1347 3024 1414 3081 ad
1455 3025 1791 3097 propositum
1837 3038 1939 3078 non
1969 3023 2121 3079 facit.
2154 3023 2284 3078 Haec

285 3115 427 3169 enim
458 3115 781 3169 deliberatio
826 3114 877 3167 in
923 3113 1165 3168 interiori
1210 3113 1462 3169 consistit
1495 3113 1774 3184 proposito
1807 3129 1818 3166 z
1852 3127 1960 3185 quo
1985 3112 2108 3183 quis
2132 3111 2283 3180 eligit

285 3205 459 3274 majus
505 3203 703 3257 bonum
750 3203 836 3258 cui
886 3218 945 3256 se
992 3201 1234 3272 obligare
1280 3201 1534 3257 intendit.
1581 3201 1754 3256 Omne
1801 3205 1985 3255 autem
2028 3199 2172 3271 quod
2217 3215 2283 3253 ex

284 3292 547 3345 eli-ctione
575 3292 773 3361 agitur,
808 3306 873 3344 ex
899 3289 1309 3357 deliberatione,
1342 3291 1458 3347 sivo
1481 3290 1706 3346 consilio
1736 3290 1916 3360 agitur
1944 3306 1956 3343 ε
1985 3287 2124 3353 Quia
2149 3287 2282 3342 elec-

284 3381 358 3436 tio
401 3388 476 3436 est
523 3379 788 3450 appetit-us
813 3379 1218 3451 proeconsiliati,
1247 3386 1307 3433 ut
1334 3378 1550 3444 dieitur⁴
1584 3379 1636 3433 in
1669 3393 1734 3434 ιιι
1781 3377 1956 3432 Ethic.
1986 3377 2053 3430 Et
2078 3377 2220 3429 sicut
2250 3389 2283 3430 a

282 3471 485 3541 Spiritu
523 3476 712 3523 sancto
751 3471 841 3540 qui
882 3474 965 3522 cst
1008 3468 1241 3538 Spiritus
1272 3465 1624 3531 fortitudinis,
1655 3475 1710 3520 et
1741 3466 1979 3537 pietatis,
2011 3463 2113 3517 boc
2153 3477 2284 3533 pro·-

285 3558 517 3630 positum
542 3557 745 3610 homini
784 3557 1097 3628 inspiratur.
1132 3557 1209 3610 ita
1242 3557 1415 3610 ‘etiam
1445 3555 1514 3609 ab
1555 3555 1764 3619 eodem,
1794 3553 1886 3624 qui
1925 3561 2010 3606 cst
2045 3551 2278 3619 consilii,

282 3658 331 3703 et
364 3647 609 3702 sci-ntiae
627 3647 862 3717 Spiritus
891 3643 1209 3699 deliberatio
1240 3644 1468 3698 interius
1496 3643 1854 3698 ministratur.

352 3736 507 3804 Quod
553 3735 717 3790 etiam
752 3733 911 3788 tertio
957 3731 1229 3787 inducitur
1255 3749 1267 3786 :
1297 3731 1530 3785 Probare
1559 3731 1784 3802 spiritus
1812 3728 1857 3783 si
1889 3745 1953 3784 ex
1990 3729 2102 3784 Deo
2133 3738 2278 3798 sunt,

282 3826 347 3881 ed
380 3825 720 3896 propositum
763 3837 872 3876 non
910 3821 1171 3876 facit.1bi
1220 3821 1363 3876 enirn
1409 3817 1715 3875 necessaria
1762 3827 1846 3874 est
1873 3818 2142 3891 probatio,
2190 3819 2304 3897 ubi·

286 3929 391 3970 non
440 3924 522 3970 est
564 3911 859 3969 certitudo.
905 3910 1058 3968 Unde
1098 3925 1261 3984 super
1307 3908 1438 3977 illud
1487 3908 1605 3965 l'ad
1637 3906 1880 3966 Thessal.
1908 3907 2008 3965 ult.
2046 3881 2286 3963 2⁶0mnia
